1904 3304
6 531 102 576 133

552 193 897 233 THALIA.
957 193 1020 231 Ill.

1340 194 1421 234 241

148 317 210 352 τεϊ
237 304 550 360 ἐπισπόμενον,
582 305 655 348 καὶ
685 303 1014 361 ἀπημελημένον
1044 302 1090 346 ἐν
1118 305 1234 345 τοῖσι
1261 299 1419 356 ἄνδρα·
1434 308 1479 342 76

148 378 342 429 πόδοισι,
385 375 612 431 ἐρρύσατο.
670 371 726 432 ἦν
757 376 802 420 δὲ
831 376 1036 431 μέγιστον
1064 376 1243 430 πρῆγμα
1274 377 1420 429 Δημο-

148 449 281 506 κήδης
307 446 428 502 παρὰ
455 446 631 503 βασιλέϊ.

149 591 375 648 συνήνεικε
408 591 625 646 γενέσθαι.

252 518 324 562 Ἐν
363 518 506 575 χρόνῳ
549 518 594 562 δὲ
635 516 765 574 ὀλίγῳ
806 517 911 574 μετοέ
952 521 1115 572 ταῦτα,
1168 517 1270 560 ταδε
1309 512 1421 558 ἄλλα

681 589 883 645 Ἀτόσσῃ,
913 593 966 646 τῇ
992 589 1149 643 Κύρου
1181 587 1260 642 μὲν
1282 590 1422 641 θυγα-

147 664 216 719 τρὶ
235 664 430 716 Δαρείου
462 662 506 705 ὸὲ
533 661 728 717 γυναικὶ,
761 659 827 702 ἐπὶ
858 665 942 703 τοῦ
971 663 1141 715 μαστοῦ
1169 659 1254 714 ἔφυ
1277 660 1481 712 φῦμα-80

120 735 255 791 Ξμετεὶ
294 734 362 784 δὲ,
411 733 611 788 ἐκραγὲν,

148 805 311 863 χρόνον
340 801 396 861 ἦν
428 805 629 854 ἔλασσον,

150 877 279 933 μένη,
321 877 478 932 ἔφραζε
510 875 679 920 οὐδενί”

120 947 392 1032 ὅτεπὲμψατο
421 947 500 990 τόν
529 944 814 1003 Δημοκήδεα,

663 731 832 787 ἐνέμετο
871 731 1037 786 πρόσω.

667 803 693 860 ἡ
728 804 794 855 δὲ,
836 803 1091 859 κρύπτουσα
1121 801 1197 845 καὶ
1226 801 1424 855 αἰσχυνο-

738 876 828 918 ἐπεί
856 890 900 918 τε
931 875 976 918 δὲ
1008 874 1056 917 ἐν
1085 875 1206 931 κακῷ
1235 866 1314 928 ἦν,
1352 885 1422 926 με-

1105 730 1214 775 ὅσον
1253 728 1332 784 μὲν
1371 725 1424 784 δή

870 946 945 989 καί
985 947 1029 988 οἱ
1068 943 1243 995 ἐπέδεξε.
1305 939 1329 983 ὁ
1362 941 1423 991 δὲ,

150 1036 239 1075 φας
268 1018 392 1075 ὑγιέα
421 1017 640 1074 ποιήσειν,
680 1018 853 1073 εξορκοῑ
888 1032 986 1072 μιν,
1024 1010 1053 1072 ἦ
1091 1014 1170 1071 μέν
1213 1014 1256 1057 οἱ
1292 1009 1480 1056 αντυ-85

151 1088 419 1146 πουργησειν
449 1089 622 1146 ἐκείνην
648 1093 780 1133 τοῦτο
810 1088 859 1132 τό
890 1086 946 1131 ἂν
976 1084 1111 1142 αὐτῆς
1141 1088 1300 1142 δεηθῇ“
1332 1081 1426 1139 δεή-

98 1272 361 1310 Valckenarius
404 1274 517 1311 citans
563 1273 683 1311 Schol.
722 1274 758 1310 in

98 1328 286 1379 Aristoph.
308 1331 417 1380 Vesp.
441 1332 559 1371 1249.
588 1330 758 1380 Xenoph.

99 1386 301 1423 memorab.
336 1389 401 1433 11,
429 1391 468 1432 2,
493 1388 544 1428 14
573 1392 609 1424 et
636 1388 760 1423 Zona-

99 1455 176 1478 ram
227 1454 312 1491 pag.
357 1445 475 1483 1520,
534 1443 611 1479 Alia
659 1443 760 1479 dabit

99 1498 281 1546 Schweig.
315 1498 351 1534 in
381 1499 467 1536 Lex.
510 1500 647 1536 Herod.
678 1500 760 1535 Sie-

101 1554 188 1591 belis
213 1555 260 1591 ad
280 1554 438 1592 Pausan.
462 1556 490 1602 Ι,
518 1560 567 1596 10
594 1554 630 1606 ὃ.
653 1557 677 1597 5
711 1556 762 1591 ita

98 1611 170 1647 vim
202 1611 303 1647 verbi
333 1615 616 1661 παραιτεῖσθαι
647 1611 760 1661 expli-

100 1668 194 1704 cuit:
226 1667 269 1703 ab
295 1668 416 1717 aliquo
434 1670 594 1718 precibus
621 1668 762 1719 aliquid

100 1725 287 1773 impetrare
318 1725 467 1761 siculae.
508 1747 563 1753 --
614 1725 705 1762 Mox
742 1737 762 1761 e

99 1779 258 1818 Florent.
272 1793 302 1820 c.
320 1786 474 1819 recentt.
494 1783 579 1819 edd.
601 1777 762 1821 ἐπισπό-

103 1850 223 1885 μενον
241 1836 349 1884 (qui
337 1842 480 1874 secutus
501 1844 578 1876 erat
590 1839 764 1887 Ρυ1)εῐᾶ·

101 1900 177 1928 tem
209 1904 258 1928 sc.
281 1893 328 1929 ad
351 1893 546 1943 Oroeten·)
581 1908 648 1946 pro
678 1894 763 1933 ε’πι-

104 1943 316 1997 σπώμενον
333 1951 544 2000 recepimus.

159 2027 212 2076 ’ἣν
231 2024 272 2065 δὲ
291 2025 472 2079 μέγιστον
492 2030 669 2079 πρῆγμα]
691 2030 763 2066 Pro

103 2084 158 2136 τῷ
178 2083 335 2133 βασιλέϊ
353 2098 430 2121 cum
445 2091 595 2122 recentt.
613 2086 696 2122 edd.
709 2098 766 2122 re-

103 2139 284 2176 stituimus
308 2138 416 2191 παρά
439 2141 602 2191 βασιλέϊ,
622 2142 690 2179 hoc
711 2143 764 2178 se-

102 2209 142 2233 re
162 2209 291 2233 sensu:
323 2197 411 2234 Erat
430 2211 516 2234 vero
535 2198 764 2235 Democedes

104 2252 199 2301 apud
221 2265 334 2302 regem
357 2256 414 2290 υιί·
440 2257 616 2291 maximae
644 2258 764 2291 aucto-

103 2310 244 2356 vitatis,
272 2310 466 2360 plurz'mmn
489 2312 645 2362 pollebat
665 2311 765 2361 apud

105 2377 228 2412 regem.
268 2367 375 2403 Conf.
407 2367 480 2414 Ill,
508 2370 587 2408 137
616 2369 652 2404 in
680 2369 764 2404 fin.:

108 2418 260 2488 οὕνομα
300 2420 487 2463 πολλὸν
523 2421 657 2476 παροέ
687 2425 764 2476 βα-

109 2480 216 2516 σιλεϊ.

267 2567 375 2619 cap.
405 2570 605 2608 cxxxm.

162 2651 332 2709 Ἀτόσσῃ]
364 2659 548 2710 Cous-2111,
570 2662 622 2702 88
642 2661 764 2710 ibique

110 2717 203 2749 nott.
224 2715 338 2763 φῦμα
357 2715 393 2750 in
416 2729 495 2766 sqq.
519 2722 623 2754 notat
650 2719 761 2764 tuber,

108 2771 283 2805 vomicam.
340 2769 518 2810 Excitavit
543 2775 764 2823 Wesseling.

108 2826 202 2862 hanc
221 2826 257 2862 in
278 2838 351 2862 rem
370 2826 460 2865 Plin.
479 2829 525 2866 H.
546 2829 594 2867 N.
615 2831 695 2878 Vll,
708 2831 762 2872 50

164 2881 372 2918 HERoDoT.
392 2882 439 2919 Π.

815 1272 946 1310 eadem
967 1274 1207 1320 spectantem,
1233 1264 1482 1317 quaePlut.11

815 1330 925 1379 11-89
957 1328 1000 1364 C.
1038 1327 1120 1374 (ubi
1147 1328 1189 1363 cf.
1221 1322 1481 1372 lVyttenbach.

816 1398 903 1435 pag.
936 1381 1017 1425 624
1049 1383 1301 1427 animadvss.).
1369 1379 1482 1429 Apud

816 1442 949 1478 Athen.
968 1440 1037 1476 XII
1059 1441 1188 1489 p.522
1209 1439 1252 1475 B.
1273 1436 1484 1486 simpliciter

817 1494 888 1537 τόν
922 1493 1072 1547 μαστόν
1105 1491 1312 1547 οἷλγήσασα
1338 1493 1482 1530 dicitur.

877 1563 1034 1615 ἐνέμετο
1062 1558 1231 1614 πρόσω]
1263 1562 1374 1606 Quod
1405 1560 1482 1597 aliis

818 1621 1033 1672 plerumque
1055 1619 1193 1670 profuit
1209 1623 1354 1668 ruptum
1377 1617 1483 1654 tuber

820 1679 885 1726 (cf.
908 1677 1172 1726 lVyttenbach.
1197 1675 1219 1712 l.
1241 1673 1280 1726 l.)
1306 1675 1344 1712 id
1371 1675 1484 1711 Atos-

819 1748 882 1772 sae
910 1734 1180 1771 incommodum
1208 1733 1316 1769 auxit.
1380 1730 1483 1768 Dici-

819 1797 877 1829 tur
896 1791 1048 1828 verbum
1069 1789 1264 1839 νέμεσθαι
1285 1789 1332 1825 de
1357 1787 1486 1824 ulceri-

821 1849 889 1885 bus
913 1848 1020 1884 latius
1051 1847 1304 1896 serpentibus,
1332 1856 1485 1894 corpus-

820 1917 892 1953 que
903 1904 1037 1941 sensim
1055 1903 1263 1951 sensimque
1278 1902 1484 1949 depascen-

821 1962 869 1996 do
893 1960 1180 1997 absumentibus.
1223 1959 1280 1994 Cf.
1308 1957 1485 2007 VVytten-

820 2017 922 2053 bach.
949 2016 995 2052 ad
1016 2015 1108 2052 Plut.
1127 2016 1165 2051 S.
1178 2014 1227 2052 N.
1247 2015 1292 2050 V.
1314 2026 1401 2063 pag.
1418 2014 1482 2052 16.

821 2072 999 2109 Plutarch,
1027 2070 1154 2108 Pericl.
1175 2068 1241 2111 34.
1265 2069 1344 2106 coll.
1361 2069 1485 2105 Artax.

825 2131 890 2169 16.
916 2131 981 2168 23.
1009 2127 1150 2164 Camill.
1171 2125 1237 2166 34.

878 2193 907 2246 ἦ
937 2194 988 2234 δὲ
1016 2191 1268 2245 κρύπτουσα]
1317 2192 1375 2231 De
1417 2205 1486 2230 usu

822 2251 1020 2303 particulae
1043 2249 1084 2290 δὲ
1104 2249 1239 2288 consul.
1265 2249 1418 2287 lVerser.
1447 2250 1485 2286 in

823 2310 919 2346 Actt.
949 2308 1046 2358 phill.
1079 2308 1244 2345 Monacc.
1268 2307 1284 2343 I
1317 2319 1401 2356 pag.
1429 2307 1484 2347 96

823 2365 902 2402 coll.
924 2366 1065 2404 Herod.
1090 2364 1202 2412 11,39
1221 2364 1345 2412 ibique
1363 2367 1456 2400 nott.

879 2432 1039 2485 ἐξορκοῖ
1054 2446 1134 2483 μιν,
1154 2424 1183 2482 ἦ
1203 2429 1276 2482 μέν
1297 2428 1353 2480 οἵ]
1385 2428 1486 2467 Male

822 2490 859 2526 in
880 2489 1060 2526 nonnullis
1080 2488 1242 2539 ἐξορκεῐ.
1288 2486 1395 2524 Valet
1420 2499 1486 2523 au-

823 2553 897 2584 tem
923 2545 1082 2597 ἐξορκοῖ
1106 2558 1197 2594 μιν.·
1229 2543 1279 2580 ad
1302 2544 1485 2580 iusiuran-

825 2604 907 2640 dum
942 2616 1017 2640 eum
1053 2601 1197 2650 adigit,
1255 2599 1487 2637 iureiurando

821 2673 898 2697 eum
920 2660 1131 2707 adstrztzgz't,
1161 2661 1203 2694 ut
1221 2656 1283 2703 IV,
1307 2656 1399 2697 154.
1421 2655 1486 2702 Vl,

820 2716 886 2757 74.
916 2717 1006 2754 Mox
1025 2728 1105 2753 cum
1118 2718 1269 2751 recentt.
1288 2713 1373 2750 edd.
1397 2712 1488 2748 50ιί-

819 2774 957 2823 psimus
986 2766 1016 2822 ἦ
1034 2769 1106 2822 μὲν
1124 2783 1194 2822 pro
1211 2769 1268 2807 vul
1260 2782 1310 2818 g.
1338 2769 1363 2820 ἠ
1384 2763 1486 2818 μήν;

820 2831 867 2867 cf.
890 2829 957 2877 111,
979 2831 1044 2870 66-

1480 520 1615 546 Atossam
1655 517 1757 545 ulcere

1479 552 1509 579 in
1524 551 1656 579 mamilla
1674 552 1756 579 labo-

1478 590 1597 614 rantem
1615 591 1714 616 sanat.
