1904 3304
394 204 481 244 314
784 200 1259 239 HERODOTI

78 320 146 347 sinu
161 318 324 346 Maeotidis

62 354 183 382 boream
223 361 341 387 versun,

78 387 203 421 regione
238 387 327 420 longa

61 420 174 447 dierum
194 419 339 446 xvnw
401 383 607 439 νέμονται
636 381 685 425 τὸ
715 380 826 435 πρὸς
856 383 993 436 βορῆν
1024 380 1207 436 ἄνεμον,
1237 380 1431 437 ἡμερέων
1450 383 1665 426 πεντεκαί-

62 454 104 516 {3⁰-
135 454 210 489 116’]
248 460 341 489 supra
401 457 507 498 δεκα
537 453 668 505 ὁδὸν,
716 456 862 495 πᾶσαν
903 452 1065 495 ἐοῦσαν
1103 451 1238 508 ψιλὴν
1277 451 1352 494 καὶ
1390 450 1555 507 ἀγρίων
1593 453 1668 496 καὶ

91 487 192 514 udini:

368 525 575 583 Ξὴμέρων
602 523 831 579 δενδρέων.
890 521 1204 577 ὑπεροικέουσι
1234 522 1280 566 δὲ
1309 523 1498 575 τούτων,
1530 523 1667 567 δευτέ-

402 314 446 355 οἳ
474 311 522 354 ἐκ
550 314 634 354 τοῦ
670 313 813 366 μυχοῦ
850 308 1085 364 ἀρξάμενοι
1116 313 1190 365 τῆς
1221 308 1468 366 Μαιήτιδος
1500 311 1665 366 λίμνης,

398 614 481 653 ρην
538 594 662 647 λάξιν
721 594 922 650 ἔχοντες,
991 596 1234 643 Βουδῖνοι,

342 775 415 812 quo
440 761 508 798 sibi
529 760 684 797 maxime
708 759 1006 809 appropinquent

342 818 480 857 Tanais
500 831 541 855 ac
560 816 692 865 Volga.
753 816 916 853 Easdem
929 815 1006 851 Co-

343 887 533 913 saccorum
573 874 743 922 regiones
785 872 1007 908 meridiona-

341 933 468 981 lesque
491 931 660 979 gubernii
678 929 843 966 Saratow
869 932 1006 965 tractus

342 990 582 1026 Sauromatas
613 986 688 1023 sive
716 986 906 1021 Sarmatas
942 997 1004 1020 oc-

344 1057 499 1095 cupasse
519 1044 648 1080 statuit
666 1042 861 1079 Reichard.
880 1055 916 1091 p.
937 1042 1005 1086 29,

345 1115 387 1139 ac
409 1100 519 1138 multo
544 1105 652 1137 antea
675 1099 820 1135 Gatter.
847 1110 905 1148 ap.
931 1097 1006 1133 Bil-

343 1158 502 1196 lerbeck.
526 1154 687 1193 Difficili.
702 1155 764 1191 As.
787 1160 854 1191 etc.
880 1168 915 1204 p.
938 1155 1004 1192 23.

346 1215 410 1252 Cr.
437 1214 492 1250 his
514 1213 602 1249 haec
618 1211 782 1248 addidit:
813 1210 900 1256 „De
919 1211 1007 1246 Sar-

346 1276 525 1309 matarum
557 1267 756 1317 originibus
793 1268 888 1303 cons.
919 1267 1006 1302 Sta-

342 1327 449 1365 nislai
460 1324 754 1363 Siestrencewicz
769 1323 816 1360 de
826 1323 1006 1359 Bohuscz.

343 1383 573 1422 Recherches
590 1381 811 1429 historiques
831 1393 890 1416 sur
909 1379 1007 1416 l’ori-

344 1442 430 1490 gine
458 1440 524 1476 des
544 1440 730 1475 Sarmates
745 1465 756 1483 ,
793 1437 858 1474 des
881 1435 1008 1472 Escla-

346 1510 437 1534 voris
468 1502 505 1533 et
531 1496 595 1532 des
615 1494 755 1531 Slaves.
820 1492 1007 1542 Petropoli

348 1556 470 1594 1812.
510 1553 629 1593 1813.
688 1551 723 1587 Is
753 1550 847 1587 circa
872 1562 1006 1585 annum

350 1609 457 1650 1455
481 1622 513 1645 a.
534 1608 621 1645 Chr.
642 1620 677 1643 n.
700 1619 767 1656 per
785 1605 941 1655 Scythas
964 1618 1007 1642 ex

347 1665 498 1713 Assyria
520 1665 719 1713 Mediaque
739 1662 879 1700 delatos
901 1666 1007 1711 putat

346 1723 537 1759 Sarmatas
574 1721 734 1769 indeque
771 1720 819 1756 ad
858 1718 1006 1756 Tanain

346 1779 518 1823 fluvium3
548 1779 730 1827 profectos
749 1781 869 1813 autem
885 1776 921 1811 in
932 1774 1006 1811 Eu-

346 1848 472 1885 ropam
495 1835 681 1871 Sarmatas
708 1845 789 1870 esse
820 1833 891 1868 iam
919 1836 1005 1868 ante

346 1891 529 1929 Herodoti
575 1895 731 1928 aetatem
747 1917 757 1936 ‚
815 1889 1005 1926 transiisse

347 1948 494 1985 Tanain
522 1947 695 1998 plurimos
735 1958 833 1982 anno
862 1946 944 1985 380
973 1957 1005 1981 a.

349 2005 460 2042 Chrn.
479 2018 515 2041 n.
549 2005 774 2052 adortosque
804 2014 884 2039 esse
906 2002 1007 2037 inco-

348 2061 400 2099 las
418 2061 591 2111 Scythiae
611 2060 865 2109 Europaeae.“

408 2119 446 2156 οἳ
469 2117 510 2156 ἐκ
532 2119 607 2155 τοῦ
634 2118 762 2168 μυχοῦ
792 2109 1008 2166 ἀρξάμενοι

349 2176 420 2225 τῆς
443 2169 673 2224 Μαιήτιδος
692 2174 846 2223 λίμνης,
871 2172 1007 2222 νέμον-

349 2246 412 2269 ται
448 2227 489 2269 τὸ
529 2228 631 2281 πρός
672 2231 801 2281 βορῆν
842 2225 1006 2278 ἄνεμον]

350 2288 479 2339 βορῆν
499 2301 579 2323 cum
600 2288 715 2324 Gaisf.
740 2286 825 2323 dedi
847 2298 913 2335 pro
935 2285 1007 2334 βο-

350 2342 454 2395 ρέην.
479 2365 527 2370 -
559 2344 732 2380 Gatterer
762 2343 852 2379 haec
883 2342 933 2378 ita
954 2342 1008 2376 in-

348 2401 480 2448 telligit
513 2400 623 2447 (Soc.
659 2399 830 2447 Gotting.
864 2398 1007 2434 Comm.

349 2457 435 2494 XlV
453 2470 489 2505 p.
513 2458 609 2503 31),
641 2461 678 2492 ut
699 2456 745 2492 ab
768 2455 864 2491 ostio
887 2454 1008 2490 flumi-

351 2515 406 2550 nis
439 2513 578 2550 Tanais
625 2511 728 2558 (coll.
764 2511 903 2549 Herod.
945 2510 1007 2557 lV,

356 2573 453 2616 100)
482 2570 722 2606 Sauromatae
749 2567 910 2604 incolant
935 2571 1009 2603 tra-

351 2631 469 2673 ctum,
508 2626 656 2663 boream
692 2637 817 2662 versus
858 2636 1009 2673 procur-

351 2688 503 2729 rentem,
527 2683 625 2719 iuxta
646 2680 856 2719 orientalem
874 2680 1008 2717 Tanais

352 2741 480 2791 ripam.

398 2792 578 2848 ἡμερέων
593 2793 874 2834 πεντεκαίδεκα
894 2788 1008 2843 ὁδόν]

352 2852 651 2890 Sauromatarum
694 2855 828 2889 terram
861 2851 1009 2888 boream

1297 598 1380 650 γῆν
1436 594 1667 650 νεμόμενοι

1063 770 1190 794 versus
1230 769 1296 806 per
1339 757 1545 805 quindecim
1585 758 1723 795 dierum

1065 814 1194 850 itinera
1214 814 1308 859 sive,
1339 814 1440 861 quod
1459 815 1554 851 idem
1573 819 1642 861 est,
1659 827 1724 864 per

1063 870 1203 908 LXXV
1226 869 1389 906 milliaria
1407 871 1628 916 Germann„
1662 883 1726 907 ex-

1063 927 1165 964 tendi
1199 931 1312 975 negat
1344 926 1488 965 Gatter.
1509 928 1531 964 l.
1550 927 1573 964 l.
1598 940 1634 977 p.
1657 928 1724 973 32,

1064 996 1143 1020 cum
1157 982 1394 1029 Herodotus,
1423 985 1476 1020 ita
1494 985 1617 1020 forsan
1637 983 1725 1020 edo-

1064 1044 1142 1076 ctus
1188 1052 1209 1076 a
1243 1040 1421 1087 Scythicis
1462 1041 1536 1077 sive
1573 1040 1725 1077 Graecis

1064 1097 1325 1133 mercatoribus
1363 1097 1427 1133 has
1468 1098 1639 1146 regiones
1670 1097 1725 1133 vi-

1064 1153 1247 1199 sentibus,
1288 1152 1463 1202 Volgam,
1522 1166 1631 1202 quam
1665 1153 1722 1190 ni-

1063 1211 1192 1246 mirum
1224 1221 1374 1258 prorsus
1402 1210 1608 1258 ignorarit,
1656 1222 1724 1260 pro

1063 1265 1241 1315 superiori
1260 1265 1381 1303 Tanai
1399 1267 1566 1303 habuerit
1596 1278 1639 1303 ea
1660 1278 1726 1316 po-

1063 1322 1239 1359 tissimum
1275 1328 1402 1372 parte,
1462 1323 1535 1372 qua
1571 1321 1725 1370 Tanais,

1064 1392 1169 1416 cursu
1200 1380 1352 1416 maxime
1377 1382 1472 1416 flexo
1503 1384 1540 1416 et
1562 1384 1723 1425 curvato,

1063 1435 1205 1485 Volgae
1224 1437 1387 1486 proxime
1404 1437 1581 1473 accedere
1600 1436 1725 1473 videa-

1063 1496 1132 1528 tur.

1122 1546 1307 1598 δευτέρην
1330 1544 1443 1594 λα”ξιν
1467 1547 1633 1598 ἔχοντες]
1652 1548 1724 1585 Pro

1064 1600 1177 1651 λάξιν
1211 1605 1283 1641 dno
1316 1605 1423 1641 codd.
1451 1602 1586 1653 τάξιν,·
1622 1605 1724 1654 quod

1064 1674 1106 1698 ex
1146 1662 1472 1710 interpretamento
1511 1662 1549 1698 in
1583 1666 1723 1698 textum

1064 1718 1211 1754 fluxisse
1238 1731 1345 1754 nemo
1367 1731 1440 1753 non
1458 1718 1568 1755 videt.
1608 1717 1722 1755 Paulo

1063 1781 1148 1811 ante
1182 1787 1262 1810 cum
1291 1775 1408 1811 Gaiss.
1435 1775 1606 1824 rescripsi
1633 1770 1724 1813 τού·

1062 1846 1141 1869 των
1170 1843 1236 1880 pro
1265 1829 1457 1879 τουτέων,
1497 1835 1536 1867 ut
1556 1830 1626 1879 lV,
1658 1832 1722 1870 13.

1061 1890 1130 1933 37,
1157 1887 1253 1924 ali'oi.

1111 1942 1325 1993 Βουδῖνοι]
1365 1942 1423 1980 De
1443 1942 1601 1979 Bzulinis
1624 1943 1722 1981 conf.

1062 2001 1246 2038 Herodot.
1258 2001 1320 2047 lv,
1338 2003 1403 2041 22.
1418 1999 1507 2040 105.
1526 2001 1614 2040 108.
1629 2001 1723 2046 123,

1063 2058 1162 2095 Mela
1194 2057 1231 2103 1,
1265 2060 1316 2098 19
1346 2057 1427 2093 fin.:
1469 2057 1724 2103 „Foecundos

1064 2114 1221 2165 pabulo,
1263 2119 1301 2151 et
1329 2113 1399 2150 alia
1424 2113 1562 2151 steriles
1587 2113 1724 2149 nudos-

1066 2185 1137 2221 que
1177 2183 1326 2221 campos
1371 2174 1498 2207 tenent
1535 2169 1723 2206 Bude'ni.“

1068 2228 1143 2278 [ubi
1165 2229 1259 2264 conf.
1281 2226 1497 2264 Tzschucke
1518 2231 1610 2262 nott.
1629 2226 1722 2262 critt.

1066 2284 1145 2321 Vol.
1171 2284 1199 2320 ll
1230 2284 1306 2321 P.1
1340 2295 1423 2331 pag.
1454 2282 1534 2323 647
1567 2286 1603 2319 et
1627 2282 1723 2319 hott.

1065 2354 1193 2390 exegg.
1223 2341 1302 2377 Vol.
1332 2339 1380 2375 111
1415 2339 1457 2375 Ρ.
1484 2340 1498 2375 1
1527 2351 1613 2389 pag.
1641 2339 1722 2379 645

1065 2396 1160 2447 s‹·q.]
1213 2398 1271 2433 Ob
1308 2408 1402 2445 quae
1432 2395 1512 2433 loca
1538 2394 1722 2435 Mannert.

1067 2455 1221 2503 (Geogr.
1243 2453 1279 2490 d.
1301 2452 1365 2488 Gr.
1383 2465 1416 2488 u.
1436 2452 1543 2488 Rom.
1569 2451 1617 2487 lll
1636 2464 1722 2501 pag.

1067 2513 1091 2550 9
1111 2523 1212 2559 seqq.
1238 2509 1288 2550 15
1311 2521 1414 2557 seqq.
1441 2508 1517 2545 coll.
1538 2510 1631 2548 493.
1672 2508 1723 2544 lV

1065 2580 1151 2617 pag.
1185 2567 1276 2606 103.
1314 2566 1422 2613 108)
1459 2565 1563 2602 sedes
1602 2564 1721 2613 gentis

1067 2623 1221 2660 collocat
1242 2623 1279 2658 in
1304 2622 1514 2669 regionibus
1535 2635 1556 2659 a
1574 2626 1723 2672 septen-

1065 2681 1184 2716 trione
1203 2683 1240 2717 et
1257 2678 1394 2716 oriente
1416 2678 1578 2716 Galitiae
1596 2673 1723 2716 acLu-

1065 2736 1239 2773 domiriae
1258 2736 1306 2772 ad
1318 2734 1492 2772 vistulam
1511 2747 1627 2785 usque
1644 2747 1723 2772 ver-

1065 2806 1124 2830 sus
1153 2805 1251 2830 mare
1276 2791 1477 2838 Balticum3
1519 2793 1723 2840 eodemque

1066 2851 1178 2888 refert
1204 2849 1367 2887 Butones
1393 2850 1493 2900 apud
1513 2848 1635 2886 Strab.
1654 2847 1722 2885 Vll
