1904 3304
422 241 749 281 EXCURSUS
779 241 832 279 IX
861 238 938 279 AD
968 237 1281 278 HERODOT.
1316 237 1386 286 lV,
1414 235 1479 277 24.
1606 237 1688 277 667

184 360 278 398 inter
295 357 459 408 Delphos
479 355 684 405 Delumque
702 359 740 393 et
759 352 958 392 Tauricam
974 351 1241 390 Chersonesum
1254 377 1266 397 ,
1295 347 1532 398 Milesiosque
1550 350 1598 388 ad
1615 350 1691 387 Bo-

183 427 389 476 rysthenem
421 425 569 462 colonos
598 424 828 470 Dianamque
857 419 1047 457 Tauricam
1077 423 1113 457 et
1141 417 1347 469 Apollinem
1375 416 1617 464 Didymaeum
1643 418 1690 454 ab

183 494 238 531 his
258 492 401 530 cultum.
460 493 568 529 Cons.
588 490 814 541 potissimum
833 500 919 538 pag.
941 489 1033 529 168.
1090 486 1194 523 Haec
1213 486 1250 522 in
1273 485 1480 522 universum
1499 485 1597 522 dicta
1615 486 1690 522 suf-

184 561 327 605 ficiant;
359 559 429 596 alia
447 560 626 608 quaedam
655 558 692 594 in
719 556 806 607 ipsis
835 556 883 592 ad
905 554 1134 591 Herodotum
1160 553 1256 589 notis
1281 552 1486 598 attulimus,
1525 555 1566 588 ut
1594 564 1689 600 quae

182 627 229 664 sit
249 628 360 664 totius
385 627 602 665 narrationis
624 624 788 671 indoles,
826 635 923 673 quae
951 622 1079 671 orig0,
1119 621 1204 658 inde
1235 620 1505 670 quodammodo
1532 619 1688 670 perspici

181 696 308 745 possit.

624 1068 1102 1119 EXCURSUS
1174 1069 1243 1114 IX

480 1188 583 1226 AD
649 1183 1258 1229 HERODOT.1V‚
1317 1182 1384 1223 42.

265 1376 384 1417 Num
404 1375 646 1416 Phoenices
676 1375 795 1415 iussa
816 1372 1031 1420 [Veconiffi
1062 1371 1282 1428 Aegyptii
1306 1371 1447 1428 regis,
1478 1369 1690 1426 Africam

349 1440 824 1498 circumnavigarint?
856 1441 936 1482 Ad
954 1440 1096 1483 verba
1106 1439 1328 1481 Ilerodoti
1346 1440 1374 1481 l.
1397 1439 1450 1480 l.:
1473 1436 1520 1489 ὃς
1546 1436 1690 1493 (Νεκῶ

346 1510 457 1565 scil.)
486 1534 543 1540 —-
572 1507 793 1564 ἀπέπεμψε
825 1509 1033 1558 Φοίνικας
1064 1506 1229 1562 ἄνδρας
1257 1522 1295 1549 κ.
1326 1522 1360 1549 τ.
1390 1510 1425 1549 λ.

291 1602 413 1645 Quum
434 1603 519 1638 satis
537 1606 692 1648 constet,
723 1601 923 1639 Phoenices
952 1605 1091 1638 mature
1112 1613 1230 1638 rerum
1253 1599 1433 1636 navalium
1452 1610 1541 1649 prae
1557 1597 1689 1635 ceteris

178 1669 405 1719 antiquitatis
431 1669 603 1718 gentibus
630 1670 766 1719 peritos
791 1670 971 1718 uniceque
995 1670 1071 1706 fere
1106 1681 1172 1718 per
1198 1667 1311 1704 maria
1338 1667 1545 1703 dominatos
1564 1665 1689 1712 fuisse,

177 1737 325 1774 minime
348 1750 437 1774 sane
458 1737 686 1784 mirabimur,
717 1737 927 1783 Neconem,
955 1735 1223 1785 Aegyptiorum
1242 1747 1367 1782 regem
1396 1734 1519 1784 (quos
1540 1746 1562 1770 a
1581 1745 1690 1783 pere-

177 1805 461 1854 grinationibus,
509 1804 718 1854 longinquis
754 1804 988 1855 praesertim,
1040 1803 1177 1841 alienos
1225 1802 1338 1839 fuisse
1378 1814 1487 1839 nemo
1522 1801 1689 1849 nescit),

175 1871 376 1910 Phoenices
395 1873 623 1922 potissimum
651 1873 826 1922 elegisse,
865 1872 927 1921 qui
948 1870 1105 1908 Africam
1132 1870 1484 1918 circumnavigarent
1503 1874 1566 1907 aut
1590 1873 1690 1907 certe

176 1939 281 1976 huius
302 1940 353 1976 rei
377 1940 538 1977 facerent
556 1941 765 1990 periculum.
823 1941 897 1983 Qui
920 1952 1031 1987 quum
1053 1939 1092 1974 id
1115 1936 1311 1987 perfecisse
1332 1941 1527 1974 narrentur
1539 1932 1575 1986 *)
1606 1949 1690 1975 sae-

176 2006 256 2044 culo
287 2010 372 2043 ante
392 2006 478 2043 Chr.
500 2020 534 2044 n.
561 2011 662 2044 sexto
693 2006 751 2044 vel
773 2008 951 2057 septime,
990 2005 1091 2054 quod
1118 2003 1262 2041 saeculo
1281 2007 1365 2054 post
1384 2004 1468 2041 Chr.
1487 2016 1524 2041 n.
1547 2005 1689 2042 decimo

176 2075 305 2124 quinto
336 2073 481 2111 demum
509 2074 684 2111 successit
712 2072 920 2123 Lusitanis,
966 2085 1041 2110 non
1070 2072 1266 2110 defuerunt
1290 2071 1358 2108 viri
1385 2071 1485 2109 docti
1498 2068 1585 2121 **),
1627 2073 1690 2122 qui

223 2231 256 2274 ‘J
286 2231 450 2264 Veterum
475 2228 569 2262 locos
593 2240 633 2262 ac
656 2228 783 2262 iudicia
803 2228 846 2263 de
866 2228 1003 2271 Africa,
1038 2238 1114 2261 num
1136 2237 1283 2272 unquam
1301 2225 1594 2270 circumnavigata
1614 2226 1692 2261 fue-

267 2287 314 2321 rit
339 2291 400 2320 aut
428 2285 558 2319 omnino
586 2285 870 2331 circumnavigari
891 2290 1014 2331 queat,
1048 2284 1204 2318 exhibuit
1227 2288 1330 2329 atque
1353 2282 1524 2317 recensuit
1548 2283 1690 2317 Rennel.

266 2344 397 2388 Geogr.
418 2342 547 2376 Herod.
570 2354 649 2387 pag.
670 2344 736 2379 685
756 2355 852 2389 seqq.
900 2344 993 2377 Idem
1016 2343 1101 2377 fecit
1119 2341 1291 2376 Gosselin.
1310 2340 1412 2384 (ibid.
1430 2351 1510 2384 pag.
1524 2341 1592 2376 337
1610 2352 1687 2386 sqq.

265 2402 334 2436 376
351 2400 467 2444 seqq.)
490 2399 524 2432 in
544 2412 683 2434 examen
704 2412 831 2434 vocans
855 2404 890 2434 et
907 2399 1077 2434 Herodoti
1101 2403 1135 2433 et
1158 2399 1297 2433 aliorum
1322 2397 1528 2442 scriptorum
1557 2397 1600 2431 de
1624 2398 1689 2431 hac

266 2468 305 2491 re
324 2455 537 2496 testimonia,
573 2468 642 2501 quo
661 2456 813 2491 nimirum
834 2459 1013 2502 probaret,
1037 2469 1100 2492 nec
1120 2456 1330 2497 Phoenices,
1355 2467 1417 2489 nec
1437 2456 1592 2490 Graecos
1610 2453 1688 2499 (qui

267 2514 398 2548 omnino
426 2513 525 2547 aliam
554 2525 575 2547 a
599 2526 682 2549 vero
705 2515 847 2548 maxime
873 2514 1016 2548 alienam
1047 2514 1237 2560 opinionem
1268 2513 1311 2546 de
1341 2512 1448 2545 forma
1465 2511 1604 2545 Africae
1626 2511 1687 2546 ha-

265 2571 419 2614 buerint)
442 2582 589 2615 unquam
607 2571 910 2615 circumnavigasse
926 2571 1097 2612 Africam,
1131 2582 1194 2604 nec
1221 2568 1353 2603 omnino
1381 2567 1478 2601 ullam
1505 2568 1577 2602 veri
1603 2579 1685 2613 spe-

266 2627 351 2661 ciem
372 2628 558 2673 praebere,
593 2640 681 2673 quae
708 2629 751 2663 de
777 2628 969 2662 huiusmodi
991 2626 1269 2672 navigationibus
1288 2635 1350 2670 per
1370 2623 1606 2670 antiquitatem
1625 2636 1682 2659 re-

266 2683 335 2717 lata
355 2689 501 2719 exstent.

221 2752 271 2795 ⁸⁸)
303 2751 342 2785 In
368 2752 422 2784 his
446 2753 630 2798 praecipue
658 2752 863 2786 nominamus
895 2751 1065 2788 Gosselin.
1094 2763 1174 2796 pag.
1200 2751 1270 2785 342
1295 2760 1392 2795 seqq.
1412 2748 1571 2783 Vincent.
1598 2748 1681 2784 ibid.

265 2820 344 2854 pag.
365 2808 431 2843 769
456 2820 551 2854 seqq.
574 2810 735 2844 Bredow.
755 2810 886 2853 Geogr.
918 2816 952 2844 et
977 2809 1166 2853 Uranolog.
1193 2807 1323 2841 Herod.
1354 2817 1445 2851 spec.
1470 2817 1504 2852 p.
1526 2804 1679 2839 XXXIV

266 2876 362 2910 seqq.
410 2865 582 2903 Maunert.
599 2868 728 2911 Geogr.
750 2867 784 2902 d.
807 2867 872 2901 Gr.
893 2878 927 2902 u.
947 2865 1044 2901 Rom.
1066 2865 1082 2899 I
1106 2876 1186 2911 pag.
1201 2866 1244 2900 19
1263 2875 1360 2910 seqq.
