1904 3304
533 238 1094 277 MELPOMENE.
1153 238 1210 276 IV.
1416 242 1499 280 457

245 346 527 402 Μνησάρχου·
566 347 768 390 ἐνθεῦτεν
802 348 846 390 δὲ
877 347 1032 397 αὐτόν,
1062 345 1298 402 γενόμενον
1327 345 1548 390 {tedae-90

245 433 345 472 ρον,
395 417 589 474 χρήματα
629 417 873 473 κτήσασθαι
913 416 1071 474 συχνά·

216 486 450 531 Ξάπελθεῖν
492 487 534 539 ἐς
562 488 641 544 τήν
670 488 850 533 ἑωυτοῦ.

1122 416 1392 473 κτησάμενον
1436 417 1500 469 δὲ,

909 489 980 532 ἅτε
1011 489 1056 531 δὲ
1087 489 1306 544 κακοβίων
1335 503 1378 531 τε
1407 486 1501 531 ἐόν-

242 573 328 600 των
356 562 442 601 τῶν
473 561 674 614 Θρηΐκιον
707 559 779 601 καὶ
815 556 1229 614 ὑπαφρονεστέρων,
1276 557 1352 602 τὸν
1383 557 1498 602 Ζάλ-

242 628 367 682 μοξιν
415 633 574 673 τοῦτον
622 627 908 683 ἐπιστάμενον
946 630 1116 673 δίαιτάν
1161 647 1204 674 τε
1237 629 1377 681 Ἰάδα,
1427 630 1499 673 καὶ

239 698 350 753 ἤθεα
393 699 616 755 βαθύτερα
653 700 681 756 ἢ
720 699 828 743 κατὰ
869 698 1081 754 Θρήϊκας,

1139 698 1211 743 υἷα
1239 700 1413 755 ΓἘλλησί
1454 708 1554 744 τε95

241 766 506 825 ὁμιλήσαντα
534 773 607 816 καὶ
630 769 846 828 Ἑλλήνων
876 767 931 812 οὐ
961 774 1022 828 τῷ
1045 769 1343 829 ἀσθενεστάτῳ
1373 781 1496 827 σοφι-

186 958 374 1007 thagoram
393 960 501 996 Samo
532 959 736 996 discessisse
760 971 838 996 cum

186 1020 349 1052 statuant
388 1029 483 1052 anno
511 1015 591 1056 566
621 1028 654 1052 a.
678 1015 766 1052 Chr.
805 1028 840 1051 n.

187 1084 216 1106 s.
237 1071 379 1122 Olymp.
399 1071 543 1124 LVIII}
573 1072 685 1117 (cor-f.
709 1071 843 1108 Ritter.

189 1127 321 1164 Gesch.
344 1129 409 1165 der
428 1128 620 1178 pythagor.
632 1127 842 1177 Philosoph.

187 1196 276 1233 pag.
306 1187 331 1224 7
362 1186 459 1233 seq.)
489 1185 556 1221 iter
587 1186 761 1221 facturum
796 1183 844 1219 ad

189 1245 303 1276 terras
367 1241 579 1290 peregrinas
640 1240 843 1276 lustrandas

191 1296 285 1342 sive,
315 1301 353 1332 ut
379 1296 457 1333 aliis
479 1296 617 1347 placet,
648 1297 696 1332 ad
720 1296 843 1333 sedem

190 1353 226 1388 in
267 1351 368 1389 ltalia
397 1353 580 1401 figendam
613 1352 845 1403 philosopho-

190 1420 341 1457 rumque
386 1409 543 1446 scholam
602 1409 845 1453 condendam,

189 1477 415 1514 consequens
454 1470 528 1512 est,
577 1465 771 1513 religiones
808 1468 846 1501 et

191 1532 292 1557 sacra
329 1533 348 1556 a
375 1520 538 1557 Zalmoxi
571 1522 617 1557 ad
647 1521 763 1557 Getas
795 1519 847 1556 al-

188 1575 262 1613 lata
288 1577 324 1611 in
353 1580 495 1626 tempus
523 1576 579 1613 vel
601 1577 762 1626 proxime
782 1588 848 1611 an-

190 1633 361 1670 tecedens
380 1632 436 1669 vel
460 1633 682 1681 subsequens
703 1632 844 1669 cadere.

190 1688 252 1726 Tu
271 1690 365 1725 conf.
380 1688 560 1726 Schultze.
579 1690 756 1739 Apparat.
779 1689 845 1725 cri-

190 1745 250 1783 tic.
288 1757 373 1794 pag.
404 1746 458 1786 33
489 1758 591 1794 seqq.
617 1750 652 1783 et
677 1749 769 1782 nott.
799 1744 847 1781 ad

190 1801 331 1838 Herod.
359 1801 431 1849 IV,
462 1804 526 1842 96.
571 1801 756 1839 Herodoti
789 1805 845 1838 te-

191 1857 394 1894 stimonium
428 1858 474 1895 de
506 1856 738 1904 Mnesarcho,
775 1857 848 1906 Py-

192 1914 369 1962 thagorae
387 1919 502 1963 patre,
524 1914 597 1951 sive
615 1914 750 1951 artifice
772 1914 847 1951 sive

194 1974 419 2016 mercatore,
459 1970 505 2007 ad
535 1983 657 2007 verum
695 1970 847 2006 maxime

195 2026 368 2063 accedere
396 2031 495 2063 recte
523 2027 649 2063 statuit
669 2027 800 2063 Ritter.
821 2025 845 2063 l.

195 2081 217 2118 l.
240 2094 324 2131 pag.
342 2085 389 2127 2,
416 2095 437 2118 a
458 2082 523 2119 Cr.
543 2082 721 2119 laudatus.
752 2081 847 2118 Nam

196 2138 254 2174 alii
282 2137 338 2175 vel
359 2137 583 2175 Marmacum
599 2137 656 2175 vel
676 2137 850 2174 Demara-

197 2197 270 2230 tum
294 2198 423 2231 vocant
448 2199 586 2245 patrem
608 2194 850 2242 Pythagorae.

197 2250 297 2287 Idem
332 2250 396 2287 Cr.
433 2251 573 2288 confert
602 2250 768 2300 Append.
803 2250 850 2286 ad

197 2305 357 2356 Etymol.
387 2319 508 2357 magn.
534 2306 615 2344 Vol.
639 2307 672 2343 11
700 2320 735 2357 p.
757 2308 851 2354 636,

201 2362 224 2403 5
248 2363 303 2400 ed.
317 2362 416 2414 Lips.

256 2415 410 2458 δίαιτάν
431 2434 469 2457 τε
488 2414 606 2468 Ἰάδα]
635 2417 693 2456 Ad
711 2430 852 2454 omnem

199 2475 295 2511 vitae
321 2475 498 2522 cultioris,
531 2476 603 2525 qua
633 2475 737 2511 lones
765 2486 854 2524 prae

202 2532 354 2568 caeteris
374 2536 448 2569 tum
466 2531 706 2576 excellebant,
744 2531 856 2567 ratio-

202 2599 284 2622 nem
307 2588 435 2625 refero,
475 2589 582 2626 Conf.
606 2588 642 2635 Ι,
669 2587 732 2627 35.
764 2587 854 2627 157.

204 2642 309 2684 Quae
353 2649 550 2692 sequuntur
589 2644 721 2681 verba:
788 2640 856 2680 καὶ

204 2694 310 2748 ἤθεα
341 2695 542 2750 βαθύτερα
563 2696 590 2751 ἢ
614 2696 711 2739 κατὰ
735 2695 854 2750 Θρήϊ-

204 2768 276 2799 κας
323 2754 525 2804 Schweigh.
582 2757 632 2794 sic
677 2756 854 2794 reddidit:

206 2810 424 2857 „Zalmoxz'n
443 2811 534 2848 hunc
548 2833 602 2838 ———
630 2813 781 2850 moribus
798 2814 857 2849 in-

207 2868 365 2905 stitutum
406 2867 629 2916 cultioribus,
669 2882 772 2920 quam
798 2870 860 2920 qui

897 958 994 1009 apud
1014 956 1173 994 Thracas
1189 958 1400 1003 obtinerent,
1432 962 1471 993 ut
1491 957 1554 1005 qui

898 1028 977 1052 cum
1010 1015 1159 1051 Graecis
1194 1014 1377 1051 habuisset
1403 1025 1555 1050 consue.-

898 1071 1062 1108 tudinem
1084 1075 1122 1108 et
1140 1083 1218 1107 cum
1229 1070 1451 1119 Pythagora,
1478 1070 1554 1105 viro

899 1129 991 1164 inter
1035 1127 1195 1164 Graecos
1238 1126 1373 1175 ingenii
1419 1125 1556 1162 cultura

901 1184 1103 1229 eminente,
1139 1183 1387 1219 exstruendam
1411 1182 1480 1218 sibi
1497 1194 1557 1217 cu-

899 1253 996 1276 rasse
1041 1239 1228 1275 exhedram
1266 1239 1361 1277 etc.“
1427 1237 1559 1274 Attulit

900 1295 1117 1343 wesseling.
1134 1295 1270 1344 aliquot
1290 1295 1400 1339 locos,
1422 1293 1458 1330 in
1479 1294 1559 1342 qui-

901 1353 967 1389 bus
998 1345 1104 1402 ἦθος
1134 1348 1245 1402 βαθὺ
1277 1351 1318 1388 (Ie
1337 1350 1452 1387 indole
1468 1362 1558 1398 pru-

903 1409 1003 1445 denti
1046 1414 1083 1445 et
1121 1409 1232 1456 gravi
1273 1406 1556 1455 intelligendum.

901 1465 963 1502 Sic
1006 1477 1152 1513 quoque
1186 1464 1316 1500 dicitur
1349 1458 1481 1513 βαθύς
1509 1463 1559 1516 τῇ

902 1522 1034 1572 ψυχῇ,
1065 1522 1113 1572 τῆ
1131 1515 1251 1568 φύσει
1273 1532 1328 1555 vzr
1342 1518 1499 1568 prudens
1522 1523 1560 1555 et

902 1576 1165 1622 consideratus,
1214 1579 1367 1611 notante
1415 1574 1559 1611 Dissen.

902 1633 949 1670 ad
971 1632 1076 1669 Pind.
1098 1631 1204 1669 Nem.
1223 1631 1273 1667 IV
1275 1659 1286 1677 ‚
1312 1634 1336 1671 7
1358 1642 1442 1680 pag.
1462 1631 1559 1677 396,

902 1689 962 1725 ubi
1000 1691 1164 1725 nostrum
1204 1687 1321 1724 locum
1353 1699 1425 1723 non
1453 1698 1559 1736 prae-

900 1745 1018 1791 teriit,
1066 1745 1103 1780 in
1142 1757 1213 1794 quo
1252 1742 1355 1780 simul
1392 1743 1440 1780 ad
1467 1755 1561 1789 eam,

903 1813 1011 1850 quam
1051 1801 1176 1837 dicunt
1208 1799 1466 1836 humanitatem
1502 1811 1560 1835 ar-

903 1862 1031 1907 tesque
1054 1856 1222 1894 liberales
1250 1860 1361 1904 atque
1383 1856 1559 1904 ingenuas

902 1914 1031 1963 respici
1060 1918 1195 1963 putem.
1238 1911 1348 1949 ltalus
1381 1912 1560 1961 interpres

903 1982 946 2007 ex
974 1969 1104 2006 Dantis
1134 1969 1291 2005 carmine
1319 1967 1424 2004 affert
1447 1966 1561 2003 simile

904 2025 1022 2062 istud:
1062 2054 1086 2072 ‚,
1090 2038 1155 2062 con
1184 2025 1245 2074 piu
1275 2023 1380 2061 dolze
1409 2035 1560 2071 canzon,

906 2095 922 2118 e
949 2083 1014 2131 piu
1037 2080 1238 2130 profondaf
1228 2081 1252 2099 “
1293 2079 1351 2116 De
1381 2083 1561 2116 structura

905 2133 933 2187 ἢ
972 2152 1069 2175 κατα
1102 2137 1195 2175 conf.
1231 2135 1362 2173 Matth.
1395 2135 1460 2172 Gr.
1497 2135 1562 2171 Gr.

908 2192 944 2244 ἓ
968 2191 1049 2233 449
1068 2206 1151 2243 pag.
1170 2192 1264 2233 843.

965 2248 1029 2287 καὶ
1057 2244 1194 2298 Ελλητ
1199 2263 1253 2286 ων
1285 2243 1332 2287 ου’
1358 2249 1412 2301 τῷ
1437 2241 1561 2285 ασθε-

909 2301 1081 2357 νεστάτῳ
1114 2316 1280 2357 σοφιστῃ
1307 2289 1560 2356 Πυθαγόρῃ]

909 2362 1013 2399 Haec
1053 2362 1163 2399 verba
1203 2361 1360 2398 excitans
1392 2359 1563 2397 Eustath.

910 2419 959 2455 ad
992 2417 1091 2455 Iliad.
1121 2417 1169 2454 IV
1200 2429 1285 2467 pag.
1316 2416 1422 2462 365,
1452 2418 1505 2456 30
1535 2429 1563 2452 S

912 2475 1096 2522 479,17
1117 2473 1282 2511 exhibet:
1324 2468 1372 2511 ου’
1394 2474 1450 2526 τῷ
1467 2468 1565 2511 α’σο-

913 2545 1080 2585 φωτατῳ
1100 2531 1210 2579 idque
1229 2529 1377 2580 exponit
1394 2530 1447 2581 τῷ
1461 2542 1567 2566 πανυ

914 2588 1041 2639 σοφῷ.
1092 2586 1223 2635 Neque
1252 2598 1336 2622 vero
1366 2585 1565 2634 quidquam

913 2644 948 2680 in
985 2643 1173 2680 Herodoto
1219 2642 1430 2679 mutandum
1469 2640 1566 2677 libris

913 2700 1042 2739 invitis.
1108 2699 1228 2750 Ipsum
1267 2698 1410 2735 dicendi
1451 2709 1566 2745 genus

913 2757 1010 2806 apud
1034 2755 1287 2805 Thucydidem
1317 2755 1487 2803 frequens
1509 2756 1566 2789 at-

913 2812 993 2861 tigit
1027 2811 1157 2849 Matth.
1199 2811 1264 2847 Gr.
1304 2810 1369 2847 Gr.
1412 2808 1449 2860 ἓ.
1484 2807 1564 2848 463

914 2873 951 2906 et
988 2867 1123 2919 aliquot
1162 2865 1333 2918 exemplis
1381 2864 1568 2902 illustravit
