1904 3304
18 644 21 662 ¹
73 642 169 687 105

505 242 1064 282 MELPOMENE.
1123 243 1185 281 lv.

1403 245 1490 285 475

189 355 440 399 Ξέπίκοινον
487 352 533 396 δὲ
569 355 659 395 τῶν
697 356 922 407 γυναικῶν
957 352 1037 408 τὴν
1082 352 1197 408 μίξιν
1245 354 1488 404 ποιεῦνται,

215 427 286 468 ἵνα
315 424 570 479 κασίγνητοί
597 439 642 466 τε
671 422 868 480 ἀλλήλων
899 424 1026 475 ἔωσι,
1061 422 1135 466 καὶ
1164 422 1324 478 οἰκὴϊοι
1345 421 1488 473 ἐόντες

217 493 397 546 πάντες,
427 493 532 550 μήτε
563 493 746 551 φθόνῳ,
780 492 882 550 μήτ’
912 494 1030 549 ἔχθεϊ
1056 492 1269 548 χρέωνται
1293 493 1336 544 ἐς
1358 491 1486 549 ἅλλή-
1499 499 1544 534 35
1579 482 1759 511 Thfflffibffl'

216 570 331 616 λους-
388 564 441 608 τὰ
480 563 523 609 δ’
566 564 673 609 ἄλλα
709 565 870 621 νόμαια
904 564 1054 620 Θρήϊξι
1084 563 1486 620 προσκεχωρήκασι.

216 636 385 690 Νευροὶ
417 636 462 680 δὲ
484 634 659 691 νόμοισι
690 637 768 692 μὲν
798 636 1007 691 χρέωνται
1029 639 1312 679 Σκυθικοῖσι.
1357 639 1486 693 γενεῇ

217 707 263 752 δὲ
302 712 380 764 μιῇ
410 706 624 763 πρότερόν
666 720 800 764 σφεας
835 711 911 763 τῆς
937 707 1133 762 Δαρείου
1172 709 1488 764 στρατηλασίης

161 857 327 906 thyrsos,
358 871 400 896 ex
422 858 600 897 interioris
627 858 737 896 Asiae
756 857 823 895 ad-

162 927 281 963 eoque
303 915 429 952 lndiae
453 916 632 953 tractibus
658 915 726 951 huc
755 915 821 951 de-

161 970 255 1007 latos
270 1000 281 1018 ,
339 977 578 1021 veteremque
627 971 822 1008 Asiaticum

161 1028 348 1073 vestitum,
380 1029 605 1066 subtiliorem
624 1027 718 1064 illum
740 1027 821 1075 qui-

161 1084 244 1120 dem
275 1085 310 1120 in
323 1083 557 1136 Europacicis
578 1085 727 1122 sedibus
741 1083 822 1120 hinc

161 1140 362 1178 retinentes
382 1170 392 1188 ,
456 1154 584 1179 vereor
602 1170 613 1187 ,
665 1145 703 1177 ut
739 1153 824 1190 pro-

163 1197 239 1233 bari
260 1198 385 1247 possit.
404 1218 457 1223 -—
479 1197 545 1236 καὶ
569 1193 824 1247 χρυσοφόροι,

163 1253 187 1290 i.
197 1266 230 1292 e.
245 1266 369 1289 aarum
383 1258 573 1302 gestantes,
592 1256 710 1290 aureis
722 1267 826 1290 orna·

163 1312 287 1346 mentis
311 1310 482 1347 distincti.
507 1311 616 1355 Quod
629 1311 827 1347 documen-

163 1370 201 1402 to
216 1372 284 1412 est,
303 1371 435 1404 terram
450 1368 530 1405 illos
544 1367 739 1406 incoluisse
751 1366 827 1403 auri

164 1422 324 1469 divitem,
349 1423 466 1472 qualis
498 1424 682 1473 hodieque
711 1424 827 1460 fertur

165 1479 517 1528 esse'l'ransylvania
537 1481 615 1517 auri
635 1481 774 1529 copiam
788 1481 825 1515 in

163 1535 346 1572 montibus
366 1537 560 1586 praebens.
613 1536 699 1574 vid.
720 1537 826 1585 Rop-

162 1603 248 1641 pen.
275 1590 296 1627 l.
316 1591 338 1628 l.
360 1605 395 1642 p.
422 1594 484 1633 13.
533 1593 695 1630 Heeren.
712 1592 824 1630 ldeen

163 1647 199 1694 l,
231 1650 251 1687 1
280 1661 365 1698 pag.
390 1648 457 1689 94.
502 1648 681 1686 Niebuhr.
704 1649 823 1686 Verm.

164 1704 308 1741 Schrift.
332 1705 348 1740 l
381 1717 467 1756 pag.
491 1707 571 1746 377
594 1705 674 1742 coll.
692 1705 825 1743 Ritter.

163 1760 337 1798 Vorhalle
354 1776 389 1812 p.
410 1763 504 1802 288.
544 1762 642 1800 Add.
664 1762 825 1812 Pompo·

164 1817 246 1853 nius
267 1816 365 1855 Mela
386 1818 432 1865 ΙΙ,
453 1821 475 1860 1
497 1816 533 1869 §.
556 1818 630 1860 94:
689 1848 713 1866 „
728 1819 826 1868 Aga-

165 1873 281 1922 thyrsi
303 1886 366 1910 ora
386 1880 559 1924 artusque
579 1876 754 1926 pingunt:
785 1880 826 1911 ut

166 1930 320 1979 quisque
340 1931 535 1968 maioribus
557 1937 741 1982 praestat,
777 1933 827 1968 ita

167 1987 282 2035 magis
304 1986 360 2024 vel
380 1989 519 2035 minus,
560 1994 741 2025 caeterum
765 1989 826 2024 iis-

168 2042 250 2079 dem
273 2055 399 2080 omnes
420 2046 519 2081 notis
540 2050 576 2082 et
594 2046 664 2091 sic,
703 2050 742 2082 ut
762 2045 827 2081 ab-

167 2098 216 2135 lui
243 2102 465 2148 nequeant.“
517 2102 590 2138 Ubi
619 2101 827 2138 consulatur

168 2156 319 2206 copiosa
340 2156 560 2195 Tzschuckii
582 2158 770 2194 adnotatio
789 2158 828 2194 in

168 2217 259 2249 nott.
283 2225 414 2263 exegg.
443 2214 524 2252 Vol.
545 2213 594 2251 ΙΙΙ
623 2213 664 2251 P.
686 2215 718 2249 ΙΙ
739 2226 825 2264 pag.

168 2266 222 2310 49
244 2281 321 2318 seq.

226 2324 430 2365 ἐπίκοινον
445 2351 495 2356 -
511 2327 734 2378 ποιεῦνται]
751 2328 828 2365 He-

169 2382 322 2420 rodotea
349 2383 438 2421 haec
464 2384 561 2421 haud
591 2385 665 2421 scio
692 2398 739 2421 an
769 2397 827 2422 re-

171 2440 328 2488 spexerit
354 2440 488 2477 Strabo
513 2441 579 2478 VII
615 2454 651 2492 p.
684 2444 765 2482 300
797 2454 826 2477 s.

172 2494 249 2533 461
280 2494 323 2532 A.
384 2497 494 2540 Quod
524 2511 732 2535 communes
763 2497 826 2534 ha-

174 2550 316 2587 buerint
345 2551 541 2603 Agathyrsi
575 2567 727 2601 uxores,
775 2555 828 2601 id,

174 2606 356 2644 Ritterum
371 2608 391 2644 l.
413 2609 435 2646 l.
457 2623 494 2660 p.
517 2613 599 2653 287
619 2624 696 2660 seq.
718 2612 748 2647 si
764 2623 828 2647 au-

176 2662 254 2698 dias
266 2690 276 2709 ,
306 2664 352 2700 ad
370 2664 563 2704 Asiaticam
581 2669 701 2716 gentis
720 2667 829 2717 origi-

176 2731 256 2755 nem
272 2721 493 2769 pertinebit;
520 2737 596 2761 cum
617 2725 653 2762 in
670 2724 756 2762 Asia
777 2726 831 2761 in·

176 2775 297 2812 teriori
310 2805 321 2823 ,
351 2778 449 2815 unde
465 2781 629 2818 venerint
646 2781 833 2831 Agathyr-

175 2832 218 2877 si,
240 2831 418 2871 Buddhae
441 2841 638 2874 sectatores
659 2838 711 2875 ita
732 2850 833 2876 more

175 2893 325 2939 recepto
346 2890 466 2929 vivere
486 2891 636 2933 soleant.
683 2895 731 2932 At
751 2894 831 2946 plu-

880 870 938 895 res
981 857 1129 894 omnino
1178 857 1378 907 antiquitus
1431 859 1544 896 fuisse

880 917 1033 962 gentes,
1062 914 1162 964 apud
1181 927 1271 962 quas
1294 915 1362 952 iste
1378 928 1456 952 mos
1477 915 1544 952 ob-

879 971 1010 1017 tinuit,
1049 971 1135 1008 satis
1166 970 1380 1019 intelligitur
1413 984 1455 1008 ex
1485 972 1543 1018 iis,

880 1039 975 1076 quae
999 1028 1046 1064 ad
1070 1027 1214 1064 Platon.
1236 1027 1369 1077 Remp.
1391 1027 1436 1074 V,
1458 1030 1483 1067 7
1505 1041 1543 1077 p.

880 1084 963 1125 514
1004 1084 1129 1120 Astius
1171 1083 1340 1132 collegit,
1393 1084 1453 1120 ubi
1487 1083 1544 1121 vel

882 1141 1002 1189 gentis
1033 1141 1241 1178 recentioris
1267 1141 1544 1190 Saporogorum

883 1198 1068 1244 meminit,
1122 1198 1279 1234 eundem
1316 1210 1452 1234 morem
1486 1210 1545 1234 se-

884 1254 1075 1290 ctantium.
1135 1253 1175 1289 ln
1197 1253 1421 1290 Platonicam
1452 1266 1547 1302 quo-

885 1323 956 1359 que
998 1311 1180 1347 civitatem
1219 1310 1311 1347 hanc
1356 1309 1544 1347 mulierum

885 1367 1187 1404 communitatem
1216 1367 1328 1404 fuisse
1359 1371 1546 1417 receptam

883 1423 1043 1472 indeque
1073 1424 1172 1460 varie
1203 1424 1437 1460 diiudicatam
1471 1435 1546 1460 non

883 1481 1001 1516 minus
1020 1493 1041 1516 a
1062 1479 1243 1517 veteribus
1260 1492 1369 1528 quam
1384 1492 1406 1516 a
1419 1492 1546 1517 recen-

882 1536 1057 1582 tioribus,
1103 1536 1191 1572 satis
1231 1540 1370 1573 notum.
1436 1535 1546 1573 Adde

882 1592 937 1628 his
949 1592 1089 1629 Herod.
1110 1592 1173 1638 ΙΙΙ,
1197 1595 1271 1632 101
1289 1597 1324 1629 et
1335 1591 1544 1629 Tzschuck.

883 1649 931 1685 ad
951 1648 1038 1686 Mel.
1070 1648 1108 1694 Ι,
1142 1650 1191 1688 19
1223 1661 1311 1699 pag.
1342 1650 1423 1689 607
1445 1647 1546 1699 (Vol.

883 1705 933 1742 ΙΙΙ
958 1705 1000 1742 Ρ.
1024 1704 1058 1754 Ι)
1078 1709 1169 1741 nott.
1193 1718 1323 1754 exegg.

941 1758 988 1800 ‘col
1013 1757 1052 1800 δ’
1077 1758 1175 1799 ἄλλα
1195 1783 1244 1788 -
1268 1756 1546 1813 προσκεχωρή-

883 1817 990 1869 κασι]
1021 1819 1043 1856 i.
1063 1832 1094 1856 e.
1116 1818 1206 1868 quod
1226 1818 1275 1855 ad
1297 1817 1434 1867 reliqua
1455 1819 1546 1854 atti-

884 1879 942 1912 net
964 1877 1150 1922 instituta,
1191 1875 1241 1911 ad
1264 1874 1418 1912 Thraces
1444 1887 1543 1911 acce-

885 1932 997 1979 dunt,
1038 1945 1065 1968 s.
1092 1934 1130 1968 in
1168 1932 1312 1982 reliquis
1344 1934 1546 1981 receperunt

888 1988 1065 2026 Thracum
1084 1991 1264 2026 instituta.
1288 1990 1396 2026 Conf.
1410 1988 1437 2036 l,
1454 1990 1546 2027 172.

1100 2079 1131 2116 c
1145 2091 1166 2115 a
1178 2092 1214 2129 p.
1254 2078 1333 2116 cv.

950 2155 1097 2209 Νευροὶ
1121 2154 1164 2196 δὲ
1186 2153 1342 2208 νόμοισι
1367 2153 1439 2207 μὲν
1463 2154 1547 2207 χρέ-

887 2230 1006 2253 ωνται
1026 2212 1285 2264 Σκυθικοῖσι]
1316 2213 1450 2262 Attigit
1469 2213 1550 2251 He-

885 2272 1039 2308 rodotea
1060 2271 1227 2308 Eustath.
1247 2271 1294 2307 ad
1310 2270 1463 2319 Dionys.
1478 2270 1548 2307 Pe-

883 2329 972 2377 rieg.
999 2330 1094 2368 310.
1139 2327 1197 2364 De
1223 2325 1357 2364 Neuris
1394 2327 1548 2363 diximus

885 2385 934 2421 ad
958 2383 1022 2431 1V,
1046 2387 1107 2424 17.
1139 2383 1198 2421 De
1216 2397 1305 2421 voce
1327 2384 1445 2437 γενεῇ
1467 2396 1548 2419 mo-

882 2442 1025 2478 nuimus
1048 2441 1094 2478 ad
1119 2441 1165 2486 11,
1190 2439 1281 2481 142.
1331 2440 1440 2476 Hanc
1460 2451 1547 2476 vero

883 2498 1060 2548 temporis
1080 2497 1329 2535 definitionem
1345 2496 1545 2534 secundum

883 2554 1069 2591 hominum
1097 2558 1237 2591 aetates
1255 2554 1355 2603 apud
1373 2552 1545 2590 Herodo-

884 2614 962 2648 tum
987 2623 1106 2660 aeque
1136 2615 1249 2660 atque
1268 2610 1470 2647 Homerum
1492 2608 1546 2645 la-

886 2668 956 2704 tius
968 2672 1095 2718 patere
1113 2680 1181 2705 nec
1198 2670 1336 2705 certum
1355 2665 1544 2715 quoddam

888 2724 1155 2774 definitumque
1182 2736 1360 2760 annorum
1389 2722 1545 2773 spatium

887 2781 1049 2818 indicare
1075 2793 1185 2832 posse
1199 2782 1330 2830 'nuper
1355 2778 1547 2817 contendit

888 2836 969 2886 Ley
987 2838 1025 2875 in
1042 2838 1162 2888 script.
1182 2836 1229 2873 de
1246 2836 1406 2886 Aegypt.
1424 2835 1489 2871 fat.
1508 2837 1547 2870 et

890 2894 1027 2932 condit.
1047 2895 1115 2932 sub
1137 2894 1262 2945 imper.
1287 2891 1410 2930 Perss.
1429 2903 1465 2942 p.
1478 2892 1545 2930 71.

1545 349 1704 377 mulierum
1750 357 1822 377 usus

1545 390 1641 417 quare
1665 382 1743 423 apud
1769 391 1822 410 cos

1545 424 1724 443 comlnllnls:
1754 424 1822 444 Cae·

1579 454 1645 476 tera
1675 450 1788 478 similes

1544 634 1714 662 Nem-orum
1748 633 1821 670 Scy-

1578 667 1649 694 thici
1669 676 1766 695 mores
1778 678 1785 695 :

1545 701 1664 736 quando
1700 706 1731 728 et
1768 710 1821 728 cur

1545 735 1666 763 sedibus
1708 735 1821 762 relictis
