1904 3304
420 265 504 305 458
813 259 1274 298 HERODOTI

423 375 501 430 στῇ
520 369 785 425 Πυθαγόρῃ,
815 365 1220 410 κατασκευάσασθαι
1249 365 1493 422 ἀνδρεῶνα,
1526 366 1567 416 ἐς
1594 364 1671 407 τὸν

421 440 748 486 πανδοκεύοντα
779 442 867 480 τῶν
905 435 1049 480 ἀστῶν
1076 437 1178 488 τούς
1208 437 1429 492 πρώτους,
1469 436 1538 479 καὶ
1569 432 1669 477 εὐω·

420 514 595 570 χέοντα,
646 505 950 553 ἀναδιδάσκειν
980 506 1037 558 ὥς
1068 507 1167 551 οὔτε
1209 506 1339 558 αὐτὸς
1368 507 1466 550 οὔτε
1498 508 1540 550 οἱ
1569 517 1669 559 συμ-

421 584 547 628 πόται
578 580 716 624 αὐτοῦ
746 578 846 622 οὔτε
876 580 918 621 οἱ
946 578 992 620 ἐκ
1020 577 1189 620 τούτων
1219 578 1299 620 αἰεὶ
1329 576 1550 632 γινόμενοι
1568 574 1668 618 ἀπο-

420 652 678 701 θανέονται,
716 647 809 692 ἀλλ’
848 648 998 705 ἥξουσι
1037 648 1079 699 ἐς
1114 652 1258 704 χῶρον
1287 653 1446 692 τοῦτον
1476 650 1548 690 ἵνα
1579 647 1690 688 αἰεὶι

395 722 669 778 3περιεόντες
699 720 841 772 ἕξουσι
869 718 920 762 τὰ
950 718 1091 762 πάντα
1120 716 1277 774 ἀγαθά.
1320 720 1366 762 ἐν
1397 713 1431 777 ᾧ
1461 718 1505 761 δὲ
1535 717 1671 760 ἐποίεε

421 795 473 838 τὰ
501 792 837 847 καταλεχθέντα,
874 791 947 833 καὶ
977 790 1088 845 ἔλεγε
1117 794 1273 843 ταῦτα,
1310 791 1357 834 ἐν
1381 788 1519 845 τούτῳ
1548 785 1672 831 κατά·

395 871 552 921 4γαιον
583 865 740 918 οἴκημα
770 859 974 904 ἐποιέετο·
1012 859 1070 912 ὥς
1099 860 1144 904 δέ
1175 863 1218 904 οἱ
1246 860 1483 910 παντελέως
1512 857 1593 914 εἶχε
1621 858 1700 901 τὸ5

366 1029 542 1067 Valcken.
561 1028 608 1065 ad
626 1029 663 1066 h.
679 1028 702 1066 l.
732 1029 792 1065 Sic
807 1027 972 1075 Thucyd.
994 1026 1021 1073 1,

366 1086 412 1128 5:
436 1081 596 1136 ἀνδρῶν
618 1080 666 1124 οὕ
683 1087 759 1122 τῶν
772 1078 1022 1122 ἀδυνατωτά-

365 1157 464 1186 των,
510 1141 568 1178 ubi
609 1143 758 1177 omnium
789 1140 1024 1189 potentissimi

365 1198 622 1245 intelliguntur.
699 1196 820 1245 Atque
866 1196 1023 1233 afferunt

363 1266 509 1302 quoque
525 1253 669 1290 Horatii
689 1252 793 1289 illud:
824 1264 925 1298 „non
945 1263 1022 1286 sor-

363 1310 470 1346 didus
504 1313 628 1344 auctor
658 1313 810 1344 naturae
837 1306 1021 1355 verique“

364 1366 438 1402 Od.
464 1364 499 1411 I,
533 1366 615 1409 28,
648 1364 711 1405 14.
742 1384 797 1390 —-
845 1363 902 1400 De
934 1375 1021 1399 voce

366 1422 559 1470 σοφιστοῦ
588 1421 660 1457 dixi
687 1420 734 1456 ad
767 1420 805 1466 l,
843 1421 920 1464 293
974 1419 1020 1455 de

366 1478 438 1528 qua
483 1477 610 1514 eadem
648 1489 799 1514 monens
834 1475 1019 1512 Schaefer.

365 1535 414 1572 ad
443 1533 594 1581 Dionys.
620 1532 799 1570 Halicarn.
838 1531 895 1571 De
923 1543 1020 1568 com-

366 1603 444 1642 pos
475 1589 596 1628 verbb.
621 1602 706 1639 pag.
725 1588 806 1628 406
838 1590 894 1632 (ut
918 1590 1021 1623 notat

370 1644 459 1695 Cr.)
489 1646 639 1682 coniecit
667 1645 704 1681 in
721 1644 934 1681 Herodoteo
964 1642 1019 1678 lo-

365 1715 428 1739 co:
471 1696 520 1740 ου’
546 1703 600 1754 τῷ
627 1694 885 1752 οἷφανεστατῳ
906 1711 1019 1747 σοφι-

367 1760 451 1813 στῇ.
482 1742 583 1794 Libri
600 1757 724 1807 scripti
743 1769 815 1793 non
834 1756 1018 1792 addicunt.

365 1835 421 1842 -—
444 1814 503 1850 Ad
525 1817 777 1862 argumentum
794 1812 861 1848 loci
880 1811 946 1847 hoc
964 1812 1019 1847 vix

365 1871 607 1934 praetermitti
627 1870 750 1915 debet,
778 1868 1019 1914 Herodotum,

366 1927 428 1976 qui
465 1927 511 1963 de
541 1926 750 1975 Pythagora
775 1924 1018 1961 testimonium

365 1989 442 2020 tam
463 1982 696 2018 honorificum
714 1981 747 2017 h.
768 1980 789 2017 l.
807 1979 962 2029 reliquit,
981 1980 1018 2015 in

366 2038 504 2087 Magna
544 2038 722 2085 Graecia,
761 2049 867 2086 quam
904 2040 1018 2072 totam

365 2096 517 2132 tenebat
534 2094 766 2143 Pythagorae
781 2105 934 2139 nomen,
964 2091 1019 2127 hi-

366 2152 513 2188 storiam
535 2163 635 2187 suam
657 2150 867 2196 confecisse,
900 2160 1018 2212 eoque

365 2208 482 2244 minus
510 2206 645 2255 gloriae
667 2207 742 2243 eius
757 2206 841 2252 viri,
872 2205 931 2254 qui
948 2204 1019 2239 vir-

366 2268 444 2300 tute
472 2263 692 2311 ingenioque
710 2266 849 2299 tantum
869 2261 1018 2298 eminuit

365 2321 459 2356 inter
480 2319 654 2364 Graecos,
680 2319 858 2366 derogare
887 2316 1017 2353 voluis-

365 2388 415 2414 se.
457 2374 564 2410 Conf.
587 2375 758 2410 Creuzer.
783 2374 921 2410 Comm.
940 2372 1018 2409 He-

365 2431 470 2467 rodd.
521 2443 605 2480 pag.
640 2431 730 2470 169.
791 2429 1019 2466 Discesserat

366 2486 524 2524 Thurios
551 2491 653 2535 pater
685 2486 854 2522 historiae
871 2484 1016 2534 Olymp.

365 2542 571 2589 LXXXIV,
613 2546 633 2582 1
663 2555 691 2578 s.
720 2541 930 2587 LXXXIII,
968 2541 1016 2586 43

367 2599 592 2648 Pythagoras
631 2611 651 2634 e
674 2597 844 2635 Larcheri
877 2597 1017 2635 calculis

367 2659 471 2691 natus
500 2660 554 2692 est
582 2654 642 2692 Ol.
672 2653 813 2700 XLIII,
846 2656 891 2700 1,
922 2666 1017 2690 mor-

366 2717 447 2749 tuus
465 2712 610 2761 Olymp.
631 2710 788 2756 LXVII,
817 2711 854 2750 3.

424 2766 466 2806 ἐν
481 2763 510 2822 ᾧ
533 2765 574 2806 δὲ
594 2765 733 2816 ἐποίεε]
754 2765 796 2805 ἐν
817 2761 905 2819 aide
923 2771 1018 2804 tem—

367 2838 477 2875 pore,
516 2836 588 2862 non
627 2823 801 2870 deloco,
839 2823 1016 2873 accipien-

368 2883 465 2919 dum.
495 2882 636 2919 Monuit
658 2879 859 2929 Schweigh.
880 2879 916 2916 in
927 2879 1015 2917 Lex.

1078 1027 1273 1064 Herod.—
1301 1026 1412 1063 Paulo
1434 1030 1521 1063 ante
1537 1025 1621 1063 dedi
1639 1018 1729 1063 τού-

1079 1098 1157 1121 των
1179 1096 1246 1134 pro
1265 1083 1446 1122 τουτέων.

1136 1138 1177 1177 ἐν
1196 1135 1323 1192 τούτῳ
1346 1135 1560 1190 κατάγαιον
1583 1135 1729 1185 οἴκημα

1079 1193 1267 1245 ἐποιέετο]
1298 1196 1431 1232 Strabo
1452 1193 1518 1230 VII
1545 1207 1580 1242 p.
1600 1194 1680 1233 298
1700 1205 1727 1228 S.

1079 1251 1159 1291 457
1187 1251 1255 1297 A.,
1302 1251 1394 1288 inter
1425 1250 1495 1287 alia
1524 1248 1729 1298 speluncam

1078 1320 1226 1356 quoque
1262 1309 1520 1344 commemorat
1555 1299 1730 1354 (οἷντρῶ-

1079 1362 1141 1409 δές
1170 1378 1206 1401 τι
1234 1363 1416 1413 χωρίον),
1459 1361 1605 1410 reliquis
1631 1360 1730 1396 inac-

1077 1432 1236 1465 cessam,
1264 1421 1300 1456 in
1326 1432 1397 1468 qua
1418 1418 1599 1455 Zalmoxis
1624 1416 1732 1453 fuerit

1076 1480 1338 1523 commoratus,
1376 1488 1457 1512 raro
1485 1475 1521 1510 in
1547 1472 1729 1523 publicum

1074 1533 1258 1583 prodiens.
1279 1553 1334 1559 ᾖ
1356 1532 1625 1577 „Continentur
1643 1528 1730 1566 talia

1075 1590 1153 1625 loca
1166 1589 1399 1625 subterranea
1410 1587 1531 1631 initiis,
1550 1598 1643 1634 quae
1655 1585 1729 1622 Za-

1074 1644 1198 1681 molxis
1213 1644 1317 1681 Getis
1337 1643 1516 1680 Thraciae
1534 1641 1728 1679 tradidisse

1075 1702 1198 1737 fertur.
1228 1700 1435 1737 Hellanicus
1453 1698 1552 1748 apud
1565 1698 1667 1734 Suid.
1691 1702 1728 1734 et

1075 1756 1147 1804 Ety
1152 1755 1232 1792 mol
1262 1768 1380 1804 magn.
1415 1753 1467 1805 (p.
1489 1756 1541 1794 66
1569 1754 1626 1790 ed
1655 1766 1726 1790 sec.

1075 1813 1241 1860 sragmm.
1272 1811 1445 1849 Hellanic.
1470 1811 1588 1846 Sturz.
1600 1808 1613 1860 )
1648 1804 1727 1847 Ζα-

1077 1869 1170 1918 μολξ
1176 1883 1210 1914 ις
1253 1890 1295 1895 -
1340 1863 1492 1912 τελετας
1533 1864 1727 1912 κατέδειξε

1076 1923 1211 1970 Γέταις
1243 1927 1324 1970 τοῖς
1352 1922 1393 1962 ἐν
1417 1917 1554 1975 Θρακῃ
1581 1937 1616 1960 κ.
1638 1936 1671 1960 τ.
1693 1924 1727 1960 λ.

1074 1980 1234 2017 Attende
1251 1981 1298 2017 ad
1315 1993 1438 2017 vocem
1459 1978 1655 2016 solemnem
1672 1977 1727 2014 his

1074 2037 1111 2072 in
1140 2037 1270 2082 rebus,
1315 2034 1525 2082 κατέδειξε,
1572 2047 1666 2084 quae
1705 2046 1727 2070 a

1074 2093 1189 2129 scenis
1221 2093 1330 2130 sacris
1356 2093 1404 2128 ad
1432 2091 1633 2128 doctrinam
1653 2090 1726 2127 de-

1074 2148 1280 2186 clarandam
1305 2149 1471 2185 traducta
1492 2152 1557 2185 est.
1603 2146 1651 2182 Et
1669 2159 1725 2183 re·

1073 2217 1162 2255 apse
1190 2205 1238 2242 ad
1266 2205 1418 2243 δείκελα
1443 2208 1608 2254 spectare
1628 2202 1723 2239 illam

1073 2261 1260 2298 historiam
1288 2260 1497 2307 Zamolxis,
1541 2271 1647 2296 nemo
1667 2262 1723 2294 est

1073 2319 1134 2366 qui
1151 2318 1333 2366 ambigere
1355 2320 1474 2365 queat.
1503 2315 1584 2351 Hoc
1603 2317 1722 2351 autem

1072 2373 1245 2411 vocabulo
1266 2375 1301 2409 in
1315 2372 1468 2409 Osiridis
1487 2371 1611 2407 ritibus
1629 2370 1722 2406 sera-

1072 2430 1164 2466 libus
1193 2430 1300 2466 utitur
1320 2428 1528 2465 Herodotus
1548 2425 1602 2472 lI,
1627 2428 1721 2465 171.

1073 2485 1208 2529 Quales
1227 2485 1314 2521 ritus
1329 2482 1498 2520 credibile
1517 2487 1571 2520 est
1589 2482 1633 2517 ab
1653 2482 1722 2517 ini-

1072 2542 1123 2578 tio
1135 2542 1169 2577 in
1181 2540 1422 2578 subterraneis
1431 2538 1657 2575 conclavibus
1667 2549 1724 2575 se-

1072 2597 1274 2648 pulcrorum
1294 2600 1460 2646 peractos
1479 2607 1570 2633 esse.
1603 2593 1722 2637 Quam

1073 2653 1145 2691 late
1174 2657 1294 2689 autem
1324 2655 1451 2701 pateat
1471 2650 1527 2687 hic
1552 2662 1637 2687 usus
1657 2662 1722 2687 an-

1072 2715 1209 2747 trorum
1242 2708 1491 2758 sepulcralium
1527 2706 1722 2754 mysteriis-

1072 2778 1142 2815 que
1162 2765 1425 2802 inservientium
1445 2775 1624 2813 exponere
1642 2761 1723 2798 lon-

1071 2834 1155 2871 gum
1172 2825 1236 2859 est.
1294 2820 1397 2869 Ego,
1424 2833 1471 2857 ne
1489 2824 1589 2857 extra
1608 2817 1720 2865 oleas,

1072 2879 1170 2928 quod
1204 2878 1354 2925 dicitur,
1395 2875 1584 2926 egrediar,
1620 2874 1717 2912 locos
