1904 3304
406 221 490 262 144

823 221 1295 261 HERODOTI

384 327 668 391 μοστότατος
698 330 743 374 δὲ
772 329 970 373 πάντων·
1019 330 1076 387 ἤν
1115 347 1159 375 τε
1197 330 1283 386 γάρ
1316 328 1455 377 αὐτὸν
1491 334 1732 389 μετρίως4ο

401 399 660 459 θωυμάζῃς,
704 400 883 458 ἄχθεται
914 401 981 444 ὅτι
1012 399 1067 445 ου’
1096 400 1234 457 κοίρτα
1263 403 1574 458 θεραπεύεται·
1620 403 1678 461 ἤν

376 480 454 517 9τε
482 472 705 530 θεραπεύῃ
743 490 809 524 τις
846 472 1006 526 κάρτα,
1051 471 1227 528 ἄχθεται
1257 474 1329 518 ἅτε
1356 477 1489 537 θῳέί.
1545 476 1599 520 τὰ
1628 477 1676 521 δὲ

407 545 459 601 δὴ
485 543 663 601 μέγιστα
694 544 871 600 ἔρχομαι
900 543 1056 598 ἐρέων·
1097 543 1259 600 νόμαιά
1288 533 1476 590 τεμῖιινεῖ
1501 546 1676 603 πάτρια,

351 623 394 657 10
406 617 479 660 καὶ
509 620 654 673 βιᾶται
683 621 918 672 γυναῖκας,
961 617 1118 659 κτείνει
1146 631 1191 659 τε
1221 616 1440 673 οἷκρίτους.
1500 623 1679 676 Πλῆθος

407 689 453 733 δὲ
483 686 618 743 ἄρχον
647 690 800 741 πρῶτα
829 686 906 742 μὲν
937 685 1107 743 οὔνομα
1127 685 1303 730 πάντων
1325 688 1555 732 κάλλιστον
1579 689 1677 745 ἔχει,

405 761 647 816 ἰσονομίην.
706 759 888 815 δεύτερα
924 758 990 812 δὲ,
1029 758 1200 803 τούτων
1236 762 1327 803 τῶν
1367 757 1391 804 ὁ
1429 759 1679 816 μούναρχος

355 954 536 991 congruus
564 945 739 992 aptusve,
771 942 831 992 qui
853 955 934 980 cum
960 955 1018 980 re-

357 998 464 1048 liquis
490 999 590 1035 vivat
620 1000 824 1049 eodemque
850 1000 927 1037 iure
960 1004 1018 1036 at-

353 1067 427 1105 que
469 1056 651 1092 consortio
688 1056 859 1104 gaudeat.
931 1055 1019 1093 Vul-

354 1117 482 1161 gatum
522 1107 864 1163 οἷναρμοστότατον
897 1116 1019 1150 tuetur

355 1168 561 1217 Schweigh.
583 1170 634 1206 sic
655 1174 819 1206 vertens:
852 1170 942 1219 quod
963 1182 1019 1205 ve-

355 1238 394 1262 ro
420 1227 572 1261 maxime
608 1227 757 1262 omnium
785 1228 1020 1274 incongruum

357 1285 418 1319 est.
479 1281 600 1325 Quem
632 1283 797 1331 sequitur
825 1282 1019 1319 Matthiae.

356 1337 417 1375 Ad
435 1337 549 1388 ipsam
563 1339 779 1377 sententiam
802 1338 1024 1390 cf.Euripid.

356 1393 460 1432 Med.
486 1397 564 1435 119
583 1407 688 1445 seqq.

416 1448 582 1501 ἄχθεται
602 1448 669 1490 ἅτε
694 1452 818 1502 θωπί]
839 1452 1022 1490 Herodoti

359 1509 397 1545 in
417 1521 486 1545 usu
508 1521 589 1546 esse
617 1505 821 1559 ἄχθεσθαι
844 1511 894 1562 τῇ
923 1505 1023 1562 ἀρχῇ

360 1569 397 1603 et
428 1564 556 1601 similia
585 1565 755 1603 observat
778 1565 953 1611 wessel„
985 1569 1024 1601 ut

358 1622 408 1669 11,
435 1622 524 1661 103.
556 1621 647 1662 175.
678 1619 779 1670 θώψ
808 1623 937 1659 eodem
968 1622 1024 1658 in-

359 1681 521 1727 terprete
550 1677 681 1714 dicitur
700 1681 899 1715 assentator
921 1678 1025 1714 blan-

361 1734 448 1779 dus,
479 1739 520 1770 ut
542 1733 578 1769 in
608 1734 749 1771 Philon.
770 1748 853 1784 pag.
877 1737 958 1775 979
977 1734 1020 1772 Ε.

365 1790 474 1830 1015
505 1789 549 1826 D.
581 1790 735 1841 Procop.
766 1792 809 1827 B.
844 1790 944 1828 Pers.
977 1790 1023 1836 ll,

362 1848 430 1887 30.
477 1846 574 1883 Hinc
604 1847 640 1883 in
669 1847 832 1884 Bekker.
857 1846 1023 1884 Anecdd.

362 1915 447 1954 pag.
470 1905 561 1949 190,
577 1905 615 1943 4.
645 1904 742 1951 265,
770 1906 842 1943 17:
866 1903 1025 1941 θωπεία

364 1957 393 2010 ἦ
406 1957 572 2009 περισσή
594 1956 690 2009 πρὸς
707 1957 818 2006 τινάς
840 1960 1025 1998 κολακεία

363 2019 402 2053 et
433 2029 529 2064 quae
565 2015 671 2066 plura
703 2017 813 2054 habet
848 2016 1024 2053 Timaeus

362 2071 451 2109 Lex.
486 2071 596 2119 Plat.‚
637 2072 697 2109 ubi
724 2073 797 2109 vid.
828 2073 1025 2110 Ruhnken.

363 2142 449 2179 pag.
484 2126 574 2169 146.
605 2150 654 2156 —
683 2128 791 2167 Adde
816 2130 961 2167 Scholia
990 2130 1027 2166 in

364 2185 522 2223 Theaet.
541 2197 628 2234 pag.
643 2189 694 2226 26
713 2186 864 2223 Ruhnk.
896 2186 953 2223 Ad
967 2200 1027 2223 ar-

364 2246 578 2290 gumentum
611 2242 730 2279 lVess.
762 2244 916 2280 conferri
953 2242 1029 2279 vult

364 2298 474 2336 Dion.
504 2298 695 2347 Chrysost.
728 2299 792 2336 Or.
817 2299 865 2336 VI
900 2313 935 2350 p.
963 2301 1028 2339 97.

366 2378 418 2383 —
442 2354 498 2391 De
518 2353 697 2392 locutione
724 2353 882 2406 ἔρχομαι
910 2354 1029 2407 ἐρέων

365 2410 461 2447 conf.
481 2413 573 2446 nott.
595 2410 642 2446 ad
664 2410 693 2457 Ι,
715 2410 750 2451 5.

425 2461 569 2515 νόμαιά
590 2481 628 2504 τε
639 2462 911 2515 κινεῖπάτρια]
927 2466 1030 2504 Haec

368 2522 484 2561 citans
507 2522 708 2571 Schweigh.
729 2524 765 2559 in
781 2522 870 2560 Lex.
893 2523 979 2560 Her.
1000 2536 1028 2559 s.

366 2592 400 2615 v.
432 2582 582 2626 κινεῖν,
621 2580 744 2616 addit:
782 2579 871 2625 „vel
906 2580 1029 2628 potius

365 2634 525 2674 κινέει.
537 2637 560 2654 “
601 2634 631 2671 Ε
657 2635 756 2672 libris
780 2636 923 2684 scriptis
943 2635 1028 2672 nihil

366 2696 548 2729 enotatur.
579 2689 637 2727 Ad
649 2691 880 2736 locutionem,
893 2704 937 2728 ne
949 2692 1030 2741 plu-

372 2760 425 2794 ra,
445 2749 539 2784 conf.
560 2747 729 2798 Xenoph.
753 2747 886 2796 Agesil.
906 2748 933 2793 1,
954 2750 1029 2788 37:

372 2800 438 2843 διοῖ
451 2800 494 2843 td
505 2800 576 2849 τοές
591 2804 788 2850 πολιτείας
797 2805 1029 2854 κινηθῆναι.

372 2859 470 2898 Add.
494 2859 638 2899 Hellen.
668 2860 731 2910 111,
756 2859 795 2908 4,
821 2863 860 2901 7.
889 2881 944 2890 ν-
972 2860 1031 2898 De

1073 940 1255 979 locutione
1273 940 1456 992 βιᾶσθαι,
1480 954 1507 978 S.
1529 936 1739 992 βιάζεσθαι

1075 1001 1245 1050 γυναῖκα
1287 996 1452 1049 (mulieri
1478 1000 1546 1035 vz'm
1581 995 1736 1048 inferre)

1075 1054 1180 1106 plura
1199 1055 1403 1105 interprett.
1447 1055 1614 1093 'rhomae
1635 1054 1736 1103 Mag.

1075 1124 1163 1162 pag.
1186 1112 1263 1152 151
1293 1117 1330 1149 et
1355 1111 1547 1161 Phrynich.
1575 1124 1659 1161 pag.
1681 1113 1736 1151 70

1076 1181 1154 1216 seq.
1183 1169 1241 1205 ed.
1267 1167 1429 1205 Lobeck.
1458 1189 1513 1195 —
1544 1167 1603 1204 Ad
1631 1179 1738 1204 voces

1076 1224 1221 1262 κτείνει
1271 1238 1310 1262 τε
1360 1220 1586 1275 α’κρίτους
1644 1224 1740 1260 conf.

1077 1281 1236 1319 Werfer.
1257 1280 1292 1317 in
1314 1279 1410 1318 Actt.
1429 1280 1528 1331 phill.
1541 1281 1705 1318 Monacc.
1722 1279 1738 1317 Ι

1078 1349 1165 1388 pag.
1189 1339 1283 1378 237.

1142 1394 1316 1442 Πλῆθος
1337 1389 1380 1431 δὲ
1405 1389 1542 1445 ὄίρχον]
1576 1393 1679 1431 Haec
1697 1404 1742 1430 ex

1079 1449 1265 1500 Euripidis
1296 1450 1433 1488 Medea
1467 1452 1547 1492 119
1577 1470 1632 1478 -
1661 1450 1742 1490 130

1079 1508 1225 1544 fluxisse
1255 1508 1370 1544 videri
1392 1511 1518 1544 monet
1547 1506 1742 1555 lVyttenb.

1080 1563 1230 1600 Selectt.
1251 1564 1348 1600 Hist.
1368 1575 1454 1613 pag.
1477 1564 1570 1604 357.
1621 1563 1742 1606 Quem

1081 1620 1238 1656 eundem
1252 1620 1299 1656 ad
1311 1621 1426 1656 Cicer.
1457 1620 1516 1657 De
1534 1618 1618 1656 Nat.
1631 1619 1743 1656 Deor.
1806 1613 1808 1615 ’
1880 1610 1881 1613 “

1081 1675 1110 1723 l,
1122 1674 1175 1716 44
1195 1677 1349 1713 conferri
1367 1676 1441 1712 vult
1464 1675 1530 1712 Cr.
1561 1675 1621 1712 Ad
1634 1675 1744 1713 verba

1081 1734 1218 1779 πρώτα
1241 1729 1312 1781 μὲν
1330 1754 1381 1759 —
1400 1727 1562 1780 δεύτερα
1583 1729 1625 1770 δὲ
1647 1732 1744 1768 conf.

1080 1788 1237 1826 W'erfer.
1266 1788 1288 1826 l.
1315 1788 1338 1826 l.
1367 1802 1454 1839 pag.
1481 1788 1575 1830 254.
1602 1788 1743 1826 Herod.

1079 1844 1143 1892 Ill,
1162 1844 1227 1886 48.

1141 1899 1375 1952 ἰσονομίην]
1417 1901 1623 1938 Stobaeus:
1656 1899 1746 1939 ἶσο-

1081 1959 1229 2009 τιμίην.
1263 1959 1340 1995 Sed
1360 1958 1433 1995 vid.
1448 1958 1590 1995 Herod.
1604 1957 1667 2005 Ill,
1679 1958 1745 1998 83.

1085 2016 1178 2056 142.
1236 2014 1316 2053 Nec
1335 2015 1506 2052 convenit
1531 2014 1747 2051 sententiae.

1084 2072 1181 2110 Nam
1195 2101 1205 2118 ‚
1235 2076 1275 2109 ut
1293 2076 1392 2109 recte
1416 2072 1556 2108 monuit
1577 2069 1748 2115 wessel„

1084 2131 1123 2165 in
1143 2129 1312 2179 populari
1333 2131 1432 2165 stata
1460 2120 1635 2164 laudatar
1658 2127 1748 2163 iuris

1084 2188 1178 2223 iuter
1203 2199 1317 2222 omnes
1339 2185 1586 2235 aequabilitas.
1645 2183 1747 2220 Idem

1086 2243 1174 2280 citat
1197 2242 1360 2291 Euripid.
1391 2241 1518 2291 Suppl.
1541 2239 1634 2280 433.
1664 2239 1748 2289 Hy-

1087 2299 1204 2349 perid.
1226 2298 1326 2348 apud
1356 2297 1466 2334 Rutil.
1491 2297 1636 2347 Lupum
1655 2295 1687 2332 ll
1709 2293 1747 2345 ξ.

1087 2358 1113 2394 2
1134 2355 1214 2402 (ubi
1228 2354 1372 2391 Ruhnk.
1392 2358 1580 2402 comparat
1601 2351 1748 2388 Sallust.

1087 2411 1198 2448 Catil.
1218 2412 1263 2459 9)
1288 2410 1367 2446 Liv.
1392 2409 1435 2455 ll,
1457 2411 1483 2450 3
1514 2414 1551 2446 et
1571 2407 1747 2445 Valcken.

1087 2468 1136 2503 ad
1163 2466 1326 2516 Euripid.
1352 2465 1540 2502 Phoeniss.
1562 2466 1656 2505 541.
1688 2463 1749 2500 Tu

1086 2524 1173 2560 add.
1195 2522 1377 2559 Aristotel.
1400 2521 1507 2558 Polit.
1528 2521 1591 2568 IV,
1611 2519 1636 2559 4
1662 2519 1698 2571 ᾗ.
1723 2523 1750 2561 2

1088 2580 1146 2617 ed.
1173 2578 1346 2616 Schneid.
1376 2583 1413 2615 et
1435 2577 1552 2615 Cicer.
1593 2577 1652 2615 De
1671 2589 1748 2627 rep.

1086 2636 1114 2682 Ι,
1135 2637 1200 2676 31.
1261 2634 1366 2677 Quae
1398 2635 1483 2670 iuris
1510 2633 1749 2683 aequabilitas

1086 2705 1165 2729 cum
1185 2704 1228 2727 eo
1248 2692 1473 2740 potissimum
1493 2691 1686 2736 referatur,
1707 2692 1750 2725 ut

1087 2748 1217 2796 cuique
1235 2747 1316 2794 cix-5,
1329 2748 1478 2795 quando
1496 2747 1543 2784 de
1555 2745 1662 2784 rebus
1681 2758 1749 2795 pu-

1087 2803 1190 2841 blicis
1211 2809 1358 2851 agatur,
1389 2804 1426 2840 in
1444 2803 1617 2840 concione
1639 2800 1750 2839 animi

1088 2872 1195 2898 sensa
1223 2859 1333 2897 libere
1354 2861 1518 2911 proferre
1538 2858 1658 2906 liceat,
1687 2868 1749 2894 ac·
