1904 3304
480 261 1045 300 MELPOMENE.

181 372 424 420 λυνείκεος,
474 370 637 413 ἔστελλε
688 370 730 421 ἐς
779 370 981 427 ἀποικίην
1017 370 1064 414 ἐκ
1104 371 1446 426 Λακεδαίμονος.

1106 264 1164 299 W.
1369 266 1453 304 529

1505 370 1634 406 functus,
1646 373 1708 399 abit
1719 381 1783 399 ciem

1521 406 1632 431 colonia
1651 406 1766 433 habita-

154 440 238 498 Ξῆν
279 442 324 484 δὲ
364 441 387 484 ὁ
421 439 569 496 Θήρας
609 435 762 492 οὗτος,
801 441 926 496 γένος
965 440 1050 484 ἐών
1086 444 1326 496 Καδμεῖος,
1363 440 1781 497 ’τῆς-40ῑ“““““5’“1ἱ““(3ὶιιᾼ

180 511 341 568 μητρὸς
383 510 592 568 ἀδελφεὸς
628 517 741 556 τοῖσι
769 511 1078 566 Ἀριστοδήμου
1108 513 1260 563 παισὶ,
1303 510 1447 567 Εὐρυ-

182 582 328 625 σθένεϊ
363 583 436 625 καὶ
484 584 675 637 Προκλὲὶῖ
689 599 698 607 ·

760 581 921 626 ἐόντων
966 582 1007 625 δ’
1052 582 1113 624 ἔτι
1152 587 1240 624 τῶν
1278 585 1449 626 παίδων

180 652 347 696 τούτων
383 655 576 709 νηπίων,
620 654 903 710 ἐπιτροπαίην
943 650 1025 708 εἶχε
1057 651 1080 696 ὁ
1115 653 1261 708 Θήρας
1291 653 1371 710 τὴν
1400 654 1449 696 ἐν

124 812 270 844 careant
287 807 362 845 sive
379 807 486 857 plane
504 813 720 858 repugnent,
740 821 784 846 eo

125 865 240 912 magis
262 864 406 900 videtur
431 878 510 902 esse
533 865 708 902 lubricum
730 870 785 911 at-

124 932 196 968 que
218 933 373 970 anceps,
412 934 484 970 quo
506 922 638 958 certior
660 923 706 958 de
728 922 783 958 his

124 976 212 1025 ipsis
237 982 367 1013 auctor
385 982 440 1013 est
461 978 694 1024 Herodotus,
721 991 785 1014 cu-

125 1033 178 1068 ius
194 1034 457 1081 narrationem,
499 1038 540 1070 ut
564 1034 636 1070 fide
661 1046 784 1071 carere

123 1090 376 1139 pronuntiem,
437 1089 572 1126 nullum
609 1090 694 1126 mihi
727 1091 784 1126 in-

123 1146 242 1181 notuit
305 1151 558 1194 argumentum
614 1146 786 1196 nullaque

125 1215 213 1238 sane
237 1202 369 1239 adesse
394 1203 538 1240 videtur
559 1204 662 1240 ratio.
716 1205 785 1240 At-

126 1270 196 1306 que
223 1258 303 1308 ipsa
327 1258 450 1295 Thera
484 1259 620 1305 insula,
661 1272 682 1295 a
712 1272 785 1308 quo

128 1315 213 1351 inde
256 1322 559 1365 commemoratur
607 1322 785 1365 tempore,

127 1371 271 1407 nonnisi
301 1373 492 1408 coniuncta
524 1385 602 1408 cum
637 1373 786 1422 Sparta,

126 1439 148 1463 a
173 1438 245 1476 qua
264 1440 460 1476 numquam
491 1441 556 1478 per
579 1434 785 1479 temporum

127 1484 317 1520 decursum
339 1483 584 1533 bellorumque
604 1486 698 1522 vices
720 1486 786 1522 de-

125 1540 232 1586 fecit,
264 1541 444 1589 reperitur
472 1546 508 1577 et
534 1554 602 1590 pro
629 1542 704 1578 eius
725 1554 787 1578 co-

125 1594 222 1631 lonia
254 1596 427 1642 habetur,
468 1609 565 1645 quae
594 1596 783 1635 Laconum

123 1651 295 1688 institutis
313 1665 458 1702 semper
477 1665 541 1689 usa
562 1654 680 1693 fuerit.

180 1707 327 1747 ἔστελλε
358 1708 396 1754 ἐς
430 1704 643 1760 α’ποικίην]
693 1710 715 1746 i.
750 1724 781 1747 e.

123 1765 294 1802 coloniam
311 1765 603 1803 eLacedaemone
619 1766 782 1814 deduxit,

124 1835 153 1858 s.
177 1824 273 1858 misit
296 1818 367 1873 (se,
400 1821 504 1874 m‘ves)
539 1825 577 1859 in
602 1824 782 1860 coloniam.

125 1879 210 1926 Ubi,
226 1879 376 1916 Reiskio
388 1884 571 1926 monente,
595 1881 642 1917 ad
656 1879 783 1919 ἔστελ-

123 1938 164 1974 λε
195 1936 409 1972 subauditur
441 1932 604 1982 ἔαυτόν,
649 1942 688 1973 ut
718 1937 782 1983 lv,

127 1990 225 2035 1483
266 1992 356 2028 alius
396 1991 546 2030 dixisset
576 1991 781 2031 ἐστέλλετο.

125 2048 267 2090 Quibus
302 2048 391 2084 haec
424 2049 528 2085 addit
555 2049 779 2098 Schweigh.:

123 2125 179 2131 —
201 2104 296 2150 „Sic
321 2104 418 2140 haud
446 2117 526 2140 raro
551 2106 659 2142 etiam
682 2106 782 2154 apud

124 2160 304 2208 Tragicos
341 2158 509 2198 στέλλειν
538 2174 604 2210 pro
636 2160 783 2199 στέλλε-

125 2221 243 2263 σθαι,
293 2219 360 2253 iter
393 2230 547 2265 parare,
589 2218 781 2267 proficisci.

124 2273 248 2310 Possis
270 2286 354 2310 vero
371 2274 497 2321 etiam,
529 2277 567 2310 ut
589 2287 668 2323 cap.
690 2275 783 2321 148,

128 2330 177 2367 sic
217 2334 254 2367 et
293 2330 362 2367 hoc
407 2329 486 2367 loco
502 2359 511 2376 ‚
580 2330 784 2379 intelligere

126 2384 274 2424 ἔστελλε
294 2382 392 2425 λαόν
415 2385 452 2432 ἐς
477 2382 685 2436 εἷποικίηνι
718 2388 784 2423 sed

126 2444 344 2491 tragicorum
368 2443 566 2493 exemplis,
607 2456 700 2492 quae
729 2444 786 2479 of-

127 2499 197 2535 fert
223 2499 392 2536 Brunckii
423 2500 533 2537 Index
560 2499 785 2550 Sophocleus

129 2558 165 2590 et
193 2554 580 2593 SchneideriLexicon
611 2557 787 2603 criticum,

129 2610 217 2646 satis
237 2610 378 2648 firmata
398 2613 497 2661 prior
520 2613 783 2663 interpretatio.

128 2665 228 2703 Alias
249 2667 320 2703 dux
342 2667 502 2707 coloniae
524 2670 654 2706 dicitur
673 2665 784 2708 οἷποι-

129 2722 222 2771 κίην
247 2721 414 2761 στέλλειν
436 2723 489 2771 [ut
506 2727 604 2774 apud
626 2727 783 2762 Pausan.

129 2778 192 2823 ΙΙΙ,
226 2781 243 2818 1
277 2777 312 2829 ἓ.
336 2781 360 2818 7
391 2780 427 2815 in
458 2780 560 2817 huius
593 2783 703 2832 ipsius
733 2784 783 2820 rei

128 2834 349 2872 narratione.
402 2831 655 2876 α’ποστέλλειν
685 2841 785 2876 inve-

128 2892 222 2926 nitur
242 2892 339 2940 apud
351 2892 579 2930 Herodotum
594 2894 657 2940 lv,
674 2896 783 2944 150],

184 2947 390 2983 HERODOT.
424 2948 467 2984 ΙΙ.

843 802 1031 845 α’ποικίαν
1054 804 1185 858 ἅγεινε
1224 806 1342 844 coloni
1361 820 1447 846 vero
1465 806 1505 854 ἐς

843 859 1036 913 ἀποικίην
1071 862 1301 902 στέλλεσθαι
1331 864 1386 901 vel
1418 877 1504 902 στα-

841 923 983 971 λῆναι,
1015 924 1055 956 ut
1072 932 1151 969 cap.
1178 921 1296 960 159.“
1343 920 1503 958 Verbum

843 976 1072 1016 στέλλεσθαι
1106 977 1293 1025 attigimus
1329 977 1363 1012 in
1408 982 1503 1013 nott.

842 1035 889 1070 ad
914 1033 976 1079 ΙΙΙ,
995 1033 1061 1072 53.
1086 1033 1165 1073 124
1189 1032 1268 1069 coll.
1290 1032 1502 1071 Matth.Gr.

844 1091 908 1126 Gr.
939 1087 975 1139 ἓ.
997 1091 1077 1129 491
1101 1101 1133 1125 a.
1155 1102 1192 1138 p.
1214 1090 1316 1135 9233
1347 1089 1394 1126 de
1415 1091 1501 1126 acti-

842 1159 887 1182 vo
909 1145 1092 1191 στέλλειν,
1121 1146 1221 1194 quod
1241 1145 1390 1196 proprie
1407 1145 1503 1183 valet

842 1205 1036 1246 instruere,
1066 1202 1240 1238 adornare
1261 1203 1421 1251 indeque
1447 1204 1506 1239 in-

843 1263 1013 1296 structum
1035 1258 1187 1307 aliquem
1208 1258 1333 1307 aliqua
1362 1272 1397 1295 re
1422 1261 1505 1295 mit-

846 1320 938 1363 tere,
970 1317 1066 1353 conf.
1089 1320 1181 1352 nott.
1201 1316 1247 1351 ad
1270 1316 1335 1362 ΙΙΙ,
1360 1316 1452 1355 141.

901 1375 971 1423 τῆς
1005 1368 1148 1421 μητρὸς
1181 1366 1376 1420 α’ὂελφεός
1404 1374 1506 1410 τοῖσι

843 1444 877 1467 κ.
899 1445 928 1467 τ.
950 1428 996 1477 λ.]
1031 1429 1137 1465 Conf.
1159 1427 1316 1465 Pausan.
1340 1428 1403 1475 ΙΙΙ,
1427 1431 1446 1468 l
1470 1427 1506 1481 ἓ.

845 1489 881 1526 6.
903 1488 951 1531 7,
982 1485 1080 1521 unde
1099 1484 1223 1521 matris
1238 1513 1248 1530 ‚
1287 1497 1383 1533 quae
1405 1484 1506 1522 The-

842 1555 905 1579 rae
942 1542 1009 1578 suit
1052 1553 1174 1585 soror,
1223 1553 1356 1577 nomen
1389 1541 1504 1578 fuisse

841 1598 1011 1635 discimus
1036 1591 1226 1646 Ἀργείαν.
1277 1597 1389 1640 Quod
1417 1610 1504 1634 vero

840 1654 1044 1692 Larcherus
1070 1654 1259 1703 Προκλῆς
1287 1665 1308 1691 e
1338 1652 1504 1690 librario-

840 1724 920 1748 rum
939 1709 1164 1760 negligentia
1182 1708 1331 1746 fluxisse
1350 1710 1506 1746 arbitra-

841 1773 902 1804 tur
928 1780 993 1817 pro
1016 1768 1275 1817 Πατροκλῆς,
1314 1766 1415 1815 quod
1442 1766 1503 1803 alii

842 1823 1055 1869 exhibeant,
1086 1822 1184 1859 haud
1213 1822 1406 1871 intelligit,
1435 1823 1504 1860 hoc

840 1881 958 1930 ipsum
976 1883 1142 1917 exortum
1163 1891 1245 1917 esse
1270 1891 1291 1916 e
1311 1892 1398 1916 vera
1416 1880 1503 1916 scri-

839 1943 947 1987 ptura
976 1937 1188 1985 Προκλῆςς
1235 1936 1281 1972 de
1320 1949 1413 1984 qua,
1456 1949 1502 1972 ne

839 1993 962 2042 plura,
1001 1993 1125 2029 confer
1156 1993 1205 2027 sis
1240 1990 1423 2041 Leopold.
1454 1993 1502 2028 ad

839 2049 932 2085 Plut.
970 2048 1042 2084 Vit.
1062 2047 1217 2096 Lycurg.
1249 2049 1276 2086 2
1299 2060 1387 2097 pag.
1409 2049 1502 2094 177,

839 2110 877 2142 et
903 2105 1088 2142 Schaefer.
1121 2104 1169 2140 ad
1198 2102 1378 2140 Plutarch.
1410 2104 1500 2140 Vitt.

839 2161 885 2198 T.
904 2160 955 2196 IV
972 2173 1055 2210 pag.
1077 2161 1171 2200 290.
1212 2159 1308 2196 Add.
1336 2172 1431 2209 quae
1453 2160 1501 2196 ad

838 2217 1019 2254 Herodot.
1051 2215 1120 2261 ΙΙΙ,
1157 2216 1210 2255 50
1231 2216 1500 2266 adscripsimus.

842 2274 960 2310 —In
988 2285 1089 2322 seqq.
1114 2272 1163 2308 ad
1191 2266 1294 2310 οὕτω
1324 2269 1374 2322 δή
1403 2276 1498 2309 cons.

842 2334 937 2366 nott.
958 2330 1007 2366 ad
1026 2329 1063 2375 l,
1091 2329 1193 2373 196,
1226 2333 1261 2364 et
1280 2329 1328 2365 ad
1350 2328 1501 2365 locutio-

842 2400 924 2423 nem
955 2382 1065 2424 δεινοὶ
1095 2388 1304 2423 ποιεῖσθαι
1327 2389 1418 2422 nott.
1452 2386 1500 2422 acl

843 2443 905 2488 ΙΙΙ,
927 2441 990 2484 14.
1018 2464 1062 2468 —-
1088 2439 1221 2491 μένειν
1245 2454 1325 2478 cum
1345 2446 1501 2480 recentt.

843 2500 928 2536 edd.
950 2499 1092 2536 exhibui
1119 2511 1186 2548 pro
1212 2502 1366 2547 μενεῖν,
1403 2499 1503 2547 quod

844 2569 864 2592 e
898 2555 1076 2605 Stephani
1116 2555 1276 2592 editione
1315 2560 1502 2604 receptum

843 2617 945 2658 erat,
976 2612 1023 2648 ob
1045 2612 1256 2660 insequens,
1278 2611 1422 2661 opinor,
1446 2612 1503 2647 su-

841 2674 960 2704 turum
980 2662 1326 2715 ἆποπλεύσεσθαι,
1361 2668 1408 2704 de
1428 2680 1500 2716 qua

840 2726 956 2761 forma
992 2725 1063 2761 vid.
1102 2723 1233 2760 Matth.
1276 2736 1361 2773 pag.
1400 2722 1496 2764 485.

840 2781 934 2818 Add.
956 2781 1170 2831 Ephemerr.
1202 2780 1364 2816 lenenss.
1390 2781 1498 2819 1817

839 2851 893 2874 nr.
920 2836 998 2876 164
1019 2851 1104 2887 pag.
1128 2838 1210 2876 374
1236 2841 1272 2874 et
1299 2836 1391 2872 infra
1418 2835 1497 2871 He-

839 2895 920 2931 rod.
943 2893 1006 2941 IV,
1031 2895 1125 2934 201.
1197 2945 1222 2985 4

1521 472 1637 499 listarn:
1666 482 1729 500 earn
1750 482 1766 499 a

1526 505 1629 532 cadmi
1667 512 1768 533 aetate

1547 539 1742 567 Mombliarus

1508 573 1634 607 ermque
1672 575 1784 608 posteri

1510 605 1578 632 vul
1612 609 1784 641 generatio·

1507 640 1593 666 nibus
1612 645 1783 668 tenuerunt.
