1904 3304
468 245 551 284 ⁴46
863 246 1326 286 HERODOTI

153 351 224 379 tudo
248 351 393 379 exercitus

136 390 166 412 m
192 386 310 412 clamis:
341 385 410 419 qum
469 352 664 408 ἐνταμών
682 353 934 408 γράμματα,
967 354 1009 405 ἐς
1034 356 1112 409 μὲν
1141 357 1219 413 τὴν
1245 355 1465 411 Ἀσσύρια,
1497 358 1537 409 ἐς
1569 360 1613 402 δὲ
1641 359 1720 415 τὴν

136 419 230 453 cippis
248 419 307 446 inis
332 423 410 453 post-

135 460 172 479 ea
192 452 319 479 factum:
342 453 410 479 „ia-
464 421 709 478 Ἑλληνικὰ,
742 424 872 467 ἔθνεα
901 424 1041 468 πάντα
1072 425 1231 480 ὅσαπερ
1261 424 1357 484 ἦγε·
1402 423 1477 484 ἦγε
1508 430 1553 472 δὲ
1578 428 1719 472 πάντα
1784 436 1865 475 322

152 493 211 545 ζῗξ
230 486 394 546 ἓξῑόζξζῖῗ
439 497 557 536 3τῶν
586 489 696 547 ἦρχε.
755 494 923 536 τούτων
954 494 1163 550 μυριάδες
1190 498 1563 554 ἐξηριθμήθησαν,
1595 500 1776 555 χωρὶς95
1899 534 1902 556 ,

135 552 276 614 gei-rupium
296 553 409 587 ⁸³²³*
468 566 548 605 τοῦ
588 569 817 616 ναυτικοῦ,
855 564 1151 621 ἑβδομήκοντα
1181 567 1264 610 σὺν
1293 571 1487 612 ἱππεῦσι·
1544 570 1637 621 νέες
1675 570 1720 614 δὲ
1900 559 1904 610 l

439 633 687 686 4ἑξακόσιαι
734 637 1063 692 συνελέχθησαν.
1148 641 1256 692 Τῇσι
1299 638 1377 693 μέν
1420 656 1503 682 νυν
1544 639 1720 696 στήλῃσι

467 704 646 762 ταύτῃσι
678 706 932 759 Βυζάντιοι,
971 709 1221 762 κομίσαντες
1258 709 1301 759 ἐς
1336 710 1414 765 τὴν
1451 710 1576 753 πόλιν
1603 711 1718 754 ὕστε-

471 793 552 830 ρον
590 776 779 826 τούτων,
818 777 1051 834 ἐχρήσαντο
1093 777 1200 833 πρὸς
1237 781 1313 822 τὸν
1349 781 1500 836 βωμόν
1529 785 1602 836 τῆς
1626 780 1719 835 Ὀρ-

1893 0 1904 278 l

1897 298 1904 502 ᾗ

467 849 632 904 θωσίης
669 845 931 903 Ἀρτέμιδος,
978 850 1106 904 χωρὶς
1147 849 1243 901 ἑνός
1281 852 1434 895 λίθου·

472 1019 648 1072 ἐνταμὼν
668 1017 936 1074 γράμματα-
947 1021 1066 1061 ἔθνεα

414 1074 544 1117 πάντα
556 1075 702 1130 ὅσαπερ
715 1072 799 1130 ἦγε]
820 1079 899 1115 Rex
916 1079 1066 1129 insculpi

414 1135 518 1171 iussit
527 1136 562 1171 in
574 1135 639 1171 hos
655 1137 782 1185 cippos
793 1135 963 1181 omniurn,
977 1148 1066 1183 quas

415 1191 585 1237 ducebat,
607 1192 766 1239 gentium
778 1191 924 1227 nomina
936 1197 972 1228 et
990 1192 1067 1227 for-

413 1252 512 1283 tasse
530 1259 678 1295 quoque
695 1246 915 1294 singularum
938 1259 1067 1283 nume-

414 1315 502 1339 rum.
514 1302 693 1340 Videntur
708 1308 827 1340 autem
840 1303 949 1339 verba
962 1301 1071 1341 ἐντα-

413 1355 498 1409 μών
511 1354 1000 1410 γράμματα--ἕθνεαίἀθῐη
1010 1372 1070 1396 va-

412 1415 486 1452 lere
498 1427 540 1452 ac
558 1416 588 1451 si
599 1415 748 1453 dixisset
769 1410 1069 1467 ε’γγραψάμενος

413 1470 556 1520 ἕθνεας
593 1475 635 1508 ut
661 1471 759 1509 haud
788 1484 936 1510 necesse
963 1472 1070 1508 suerit

413 1523 622 1579 γράμματα
650 1529 815 1578 accipere
844 1541 911 1578 pro
941 1530 1068 1564 inscri-

412 1586 541 1634 ptione.
592 1582 761 1633 Namque
783 1583 873 1621 alter
892 1584 1068 1621 accusati-

414 1653 479 1677 vus
513 1638 633 1678 ἔθνεα
661 1640 720 1676 vix
749 1640 852 1677 aliter
887 1640 1068 1690 explican-

414 1697 481 1733 dus
505 1700 616 1745 atque
635 1695 705 1743 IV,
726 1697 778 1736 88
798 1696 896 1743 (ζῶα
914 1692 1067 1748 γραψά-

416 1766 533 1801 μενος
553 1754 686 1790 πᾶσαν
710 1749 783 1802 τήν
805 1752 953 1800 ζεῦξιν,
990 1753 1014 1789 i.
1034 1766 1067 1789 e.

415 1803 676 1861 ζωγραφήσας
704 1810 837 1847 πᾶσαν
863 1823 893 1845 τ.
918 1810 965 1856 ζ.)
981 1838 991 1855 ,
1019 1809 1067 1846 de

414 1877 488 1914 quo
515 1864 695 1902 Matthiae
723 1865 787 1901 Gr.
815 1865 880 1902 Gr.
910 1863 946 1915 ἓ.
970 1864 1064 1909 421,

416 1921 442 1961 4
463 1934 497 1970 p.
517 1923 611 1961 776.
642 1921 737 1957 Infra
754 1921 817 1968 IV,
834 1923 881 1961 91
903 1934 911 1957 :
949 1917 1068 1972 γράμ-

416 1992 518 2027 ματα
546 1972 751 2028 ἐγγράψας
778 1975 940 2029 λέγοντα
961 1975 1065 2015 τάδε.

416 2053 468 2059 -
499 2032 558 2069 Ad
584 2033 839 2083 particularum
869 2034 1067 2071 iuncturam

415 2093 524 2138 atque
541 2090 704 2127 ordinem
733 2089 793 2137 (ἐς
813 2086 898 2140 μὲν
917 2087 991 2140 τήν
1014 2110 1067 2118 —-

416 2144 456 2192 ἒς
488 2143 538 2183 δὲ
566 2143 654 2197 τήν)
676 2147 836 2193 faciunt,
879 2159 974 2196 quae
995 2146 1068 2183 col-

416 2202 503 2250 legit
528 2203 683 2251 Kriiger.
715 2203 762 2239 ad
788 2202 940 2252 Dionys.
966 2202 1067 2239 Hali-

415 2270 571 2294 carnass.
592 2271 676 2308 pag.
702 2262 791 2299 160.

469 2309 674 2364 Ἀσσύρια]
723 2315 865 2352 Literas
900 2314 1066 2365 Assyrias

415 2369 559 2407 easdem
583 2382 662 2407 esse
682 2376 793 2419 atque
813 2371 1064 2419 Babylonicas,

415 2438 494 2462 cum
515 2426 682 2473 Assyriae
698 2439 739 2463 ac
755 2427 979 2476 Babyloniae
1000 2441 1066 2464 110-

415 2494 496 2519 men
535 2482 736 2532 promiscue
774 2490 928 2532 ponatur
965 2482 1064 2531 (vid.

417 2542 511 2575 nott.
530 2539 578 2575 ad
598 2538 633 2583 l,
665 2537 759 2586 192)
773 2567 783 2584 ‚
824 2540 947 2575 statuit
967 2540 1065 2577 Hee-

417 2607 494 2633 ren.
522 2595 779 2631 Commentatt.
810 2596 931 2632 societ.
963 2596 1064 2633 Gott.

415 2650 501 2686 Xlll
525 2664 561 2700 p.
588 2651 640 2691 35
660 2663 735 2699 seq.
769 2651 848 2687 coll.
868 2651 976 2688 ldeen
997 2657 1063 2689 etc.

415 2706 445 2752 l,
464 2709 490 2746 2
509 2719 594 2756 pag.
613 2708 716 2752 369,
749 2707 807 2743 ubi
829 2707 936 2744 hasce
954 2708 1066 2756 Assy-

417 2762 486 2799 rias
504 2762 623 2800 literas
645 2776 764 2800 earum
785 2776 826 2800 ex
853 2776 986 2812 genere
1010 2779 1066 2801 es-

418 2830 458 2856 se
486 2819 581 2866 vult,
627 2832 720 2868 quae
762 2832 856 2856 nunc
893 2826 1066 2856 vocantur

419 2879 587 2912 cuneatae
597 2905 609 2921 ,
639 2876 676 2913 in
693 2876 933 2913 monumentis
944 2876 1064 2924 Baby-

1498 846 1626 902 οὗτος
1674 853 1718 895 δὲ

1123 1024 1246 1060 Ionicis
1273 1024 1401 1061 obviae
1421 1029 1457 1061 et
1476 1037 1497 1061 a
1517 1025 1636 1062 Persis
1658 1024 1693 1061 in
1709 1037 1776 1075 pu-

1122 1079 1295 1116 blicorum
1321 1085 1632 1117 monumentorum
1655 1080 1776 1117 inscri-

1122 1135 1306 1185 ptionibus
1342 1136 1502 1175 adhiberi
1533 1136 1670 1174 solitae.
1719 1136 1776 1173 De

1123 1191 1247 1239 lingua
1275 1192 1483 1242 pehlviaca,
1526 1206 1620 1242 quae
1647 1193 1776 1230 Persa-

1125 1260 1205 1283 rum
1226 1248 1261 1283 in
1290 1248 1372 1284 aula
1390 1252 1467 1285 tum
1488 1249 1598 1286 suerit
1619 1254 1777 1299 recepta,

1126 1303 1360 1351 cogitandum
1390 1309 1496 1355 putat
1520 1304 1709 1342 Palmblad
1740 1305 1776 1341 in

1126 1359 1320 1409 scriptione
1349 1361 1396 1396 ad
1430 1361 1467 1406 1,
1509 1363 1588 1402 193
1614 1360 1776 1406 laudata,

1125 1428 1211 1465 pag.
1245 1418 1307 1456 19.
1359 1416 1422 1454 Cr.
1454 1418 1587 1454 excitat
1613 1417 1660 1454 ad
1692 1417 1727 1454 h.
1754 1417 1775 1453 l.

1126 1471 1231 1508 Gott.
1253 1473 1342 1509 Anz.
1373 1475 1480 1513 1802
1506 1487 1539 1523 p.
1563 1476 1664 1514 1191
1697 1472 1776 1510 coll.

1123 1540 1160 1577 p.
1188 1530 1305 1568 1187.
1344 1529 1480 1578 Hager.
1502 1530 1537 1566 in
1561 1528 1675 1566 Asiat.
1695 1528 1776 1566 Ma-

1124 1596 1203 1632 gaz.
1225 1596 1278 1620 nr.
1300 1584 1349 1620 lV
1368 1598 1404 1635 p.
1425 1586 1518 1625 308.
1543 1586 1644 1631 315,
1675 1590 1712 1623 et
1730 1586 1777 1624 de

1122 1639 1235 1677 literis
1262 1641 1417 1688 Assyriis
1453 1652 1495 1676 ac
1535 1641 1659 1690 lingua
1690 1654 1775 1678 con-

1122 1696 1207 1732 ferri
1221 1696 1296 1732 vult
1317 1696 1500 1733 iablonski
1524 1697 1679 1746 Opuscc.
1696 1697 1776 1735 Vol.

1123 1751 1173 1788 Ill
1195 1765 1230 1802 p.
1255 1754 1332 1792 126
1351 1766 1452 1801 seqq.
1478 1755 1555 1793 130
1575 1767 1654 1803 seq.
1689 1753 1777 1791 Vol-

1125 1821 1194 1856 ney
1225 1808 1450 1846 Becherches
1491 1809 1674 1846 nouvelles
1716 1823 1777 1847 sur

1124 1864 1293 1901 l'histoire
1325 1865 1500 1902 ancienne
1532 1865 1580 1902 T.
1609 1865 1660 1903 Ill
1695 1878 1774 1916 cap.

1128 1920 1179 1960 14
1208 1934 1243 1970 p.
1267 1919 1345 1960 184
1366 1933 1470 1970 seqq.
1523 1920 1626 1958 Palin
1653 1921 1776 1960 Etude

1126 1977 1159 2013 d.
1182 1976 1406 2027 hieroglyph.
1427 1977 1509 2013 Vol.
1530 1977 1544 2013 l
1564 1991 1601 2028 p.
1623 1979 1686 2017 19.

1180 2032 1329 2071 τούτων
1351 2029 1539 2082 μυριάδες
1560 2030 1776 2084 ἐξηριθμή-

1124 2092 1258 2138 θησαν
1284 2104 1320 2127 n.
1336 2104 1365 2127 τ.
1383 2088 1430 2140 λ.]
1473 2090 1564 2128 Cum
1585 2090 1774 2128 Persarum

1125 2146 1250 2195 copiae
1287 2158 1330 2183 ex
1372 2147 1538 2183 omnibus
1582 2147 1774 2197 provinciis

1124 2201 1294 2239 collectae
1347 2202 1542 2239 secundum
1593 2203 1773 2252 myriades

1124 2259 1270 2295 omnino
1307 2259 1483 2295 recenseri
1517 2258 1698 2300 solerent,
1737 2259 1773 2295 in

1123 2314 1176 2351 his
1203 2327 1350 2363 quoque
1387 2316 1544 2352 numeris
1576 2315 1634 2351 vix
1667 2315 1773 2363 quid-

1122 2383 1228 2419 quam
1250 2383 1352 2417 esse,
1386 2371 1485 2418 quud
1503 2383 1568 2407 nos
1584 2370 1773 2408 offendere

1123 2427 1277 2473 debeat,
1317 2431 1415 2463 recte
1446 2438 1592 2463 monere
1631 2427 1773 2464 videtur

1120 2483 1280 2521 Heeren.
1302 2482 1423 2519 ldeen.
1446 2482 1473 2528 1,
1499 2485 1519 2522 1
1541 2494 1627 2532 pag.
1649 2482 1742 2522 518.

1177 2535 1277 2589 πρὸς
1296 2534 1364 2576 τόν
1385 2535 1517 2587 βωμὸν
1539 2540 1609 2588 τῆς
1621 2534 1771 2587 Ὀρθω-

1123 2596 1208 2645 σίης
1225 2590 1457 2644 Ἀρτέμιδος]
1498 2594 1621 2631 Diana
1642 2595 1772 2631 Ortho-

1121 2654 1197 2697 sia,
1227 2663 1255 2688 s,
1279 2650 1409 2687 Orthia
1427 2651 1584 2701 Spartae
1609 2652 1770 2701 inprimis

1121 2709 1214 2745 culta
1233 2707 1322 2752 suit3
1362 2707 1409 2743 ad
1432 2708 1532 2744 cuius
1556 2719 1654 2745 aram
1671 2721 1770 2745 more

1121 2762 1317 2811 antiquitus
1335 2769 1480 2813 recepto
1497 2776 1613 2812 eoque
1636 2763 1770 2801 crudeli

1121 2823 1218 2866 (cum
1237 2819 1319 2855 olim
1340 2819 1502 2857 homines
1520 2824 1692 2856 mactatos
1711 2832 1769 2857 es-

1122 2889 1162 2914 se
1179 2876 1273 2912 fama
1294 2875 1421 2925 ferret)
1443 2877 1546 2927 pueri
1562 2876 1769 2914 verberibus
