1904 3304
92 352 370 415 31‘1'353230nveffi‘3

91 420 163 449 bent
180 428 216 448 ex
233 420 312 450 tilia.

294 993 361 1039 68

88 1058 153 1086 Rex
193 1062 366 1094 aegrotans,

105 1093 233 1120 consulit
262 1097 346 1119 vates

86 1129 167 1153 tres:
187 1126 279 1153 morbi
295 1135 365 1152 cau-

86 1167 121 1187 sa
132 1180 150 1199 ‚.
163 1159 241 1194 quod
256 1161 365 1193 aliquis

85 1201 186 1227 regios
213 1194 292 1220 lares
312 1202 346 1227 pc

85 1227 195 1255 ieravit
209 1228 363 1262 periurum

425 248 511 289 410

821 245 1291 286 HERODOTI

429 355 609 413 ῥάβδων
637 354 854 411 μεγάλους
882 355 1149 406 ἐνείκωνται,
1188 355 1337 408 θέντες
1364 356 1521 412 χαμαὶ,
1564 356 1689 408 διεξε-

425 429 624 470 λίσσουσι
655 425 839 475 αὐτούς·
884 426 957 468 καὶ
988 426 1057 469 ἐπὶ
1086 428 1190 481 μίαν
1220 426 1404 482 ἑκάστην
1437 427 1602 482 ῥάβδον
1630 443 1688 469 τι-

423 498 596 549 θέντες,
624 498 901 547 θεσπίζουσι·
947 496 1036 551 ἅμα
1064 512 1108 539 τε
1136 497 1332 551 λέγοντες
1359 502 1519 552 ταῦτα,
1554 500 1745 541 συνει-45

423 570 573 614 λέουσι
613 566 690 617 τὰς
729 566 923 622 ῥάβδους
960 565 1121 618 ὀπίσω,
1165 568 1240 610 καὶ
1279 564 1400 618 αὖτις
1437 569 1545 611 κατά
1584 571 1689 624 μίαν

423 643 678 683 συντιθεῖσι.

738 637 846 694 αὕτη
876 639 956 693 μέν
986 650 1064 694 σφι
1092 638 1118 694 ἡ
1150 639 1332 694 μαντικὴ
1360 642 1557 694 πατρωίη
1587 639 1687 682 ἐστί.

393 712 480 753 3οί
509 709 554 753 δὲ
579 708 795 763 Ἐνάρεες,
828 711 870 752 οἱ
900 708 1191 765 άνδρόγυνοι,
1221 710 1301 764 τὴν
1329 711 1588 766 Ἀφροδίτην
1610 723 1689 766 σφι

421 781 598 837 λέγουσι
626 780 838 836 μαντικὴν
869 782 1038 824 δοῦναι.

697 851 826 895 ἐπεὰν
855 851 933 907 τὴν
964 851 1158 907 φιλύρην
1187 854 1311 905 τρίχα
1341 853 1486 908 σχίσῃ,
1519 852 1687 895 διαπλέ-

393 855 416 892 4
429 852 638 896 τεύονται.

1100 779 1287 836 φιλύρης
1317 782 1379 823 ὠν
1409 785 1552 839 φλοιῷ
1583 797 1687 836 μαν-

420 939 512 966 κων
540 923 588 966 ἐν
609 928 721 966 τοῖσι
748 922 1003 966 δακτύλοισι
1030 928 1143 965 τοῖσι
1164 922 1355 974 ἑωυτοῦ,
1386 923 1459 966 καὶ
1481 921 1686 974 διαλύων,

361 1363 582 1401 divinatione
633 1362 787 1400 Tacitus
846 1362 1020 1399 German.

361 1422 425 1460 10.
458 1419 539 1457 Nec
557 1420 786 1456 incommode
801 1418 1022 1456 Nostrorum

359 1475 691 1513 W'iinschelruthen
711 1476 876 1513 meminit
890 1476 1020 1513 Ritter.

359 1532 474 1569 Erdk.
493 1532 526 1568 11
547 1546 583 1582 p.
604 1534 699 1571 907.

417 1585 715 1637 διεξελίσσουσι]
738 1587 764 1625 i.
787 1600 820 1624 e.
841 1586 1021 1636 explicant

351 1644 472 1694 fasces
500 1644 686 1681 dissolutos
708 1647 740 1680 et
764 1643 863 1679 humi
877 1645 1021 1692 positos.

357 1701 465 1744 Quae
486 1705 709 1750 sequuntur:
750 1699 816 1738 καὶ
841 1699 906 1738 ἐπὶ
923 1700 1020 1750 μίαν

359 1753 528 1806 ἑκάστην
546 1753 698 1808 ῥάβδον
716 1755 916 1802 τιθέντες,
947 1759 1020 1794 θε-

359 1815 563 1861 σπίζουσι,
615 1814 759 1851 valent:
816 1816 849 1849 et
893 1825 1020 1849 unam-

360 1883 530 1920 quamque
560 1872 696 1918 virgam
725 1871 863 1905 seorsim
887 1882 1020 1918 ponen-

358 1931 410 1963 tes
430 1927 609 1964 climinant.
643 1927 714 1964 Ubi
733 1939 828 1975 quae
851 1927 897 1962 sit
913 1938 1019 1976 prae-

359 1984 549 2034 positionis
582 1981 645 2021 ἐπὶ
675 1983 788 2028 ratio,
826 1994 901 2018 non
931 1982 1018 2018 satis

357 2044 475 2090 patet.
515 2039 760 2089 Respondent
787 2052 870 2075 mox
887 2038 1018 2075 verba:

358 2092 458 2134 κατὰ
489 2095 585 2145 μίαν
610 2098 849 2141 συντιθεῖσι,
878 2095 940 2132 ubi
963 2094 1019 2130 ‹li-

353 2153 543 2189 stributiva
590 2152 872 2202 praepositionis
918 2147 1016 2189 κατά

351 2209 406 2245 vis
420 2209 598 2246 neminem
612 2209 738 2257 fugiet.
759 2229 807 2235 ——
839 2208 896 2244 Ad
921 2211 1018 2244 stru-

352 2270 488 2302 cturam
508 2266 700 2302 verborum
715 2260 797 2314 ἅμα
815 2279 835 2302 τ
851 2279 866 2302 ε
886 2262 1015 2313 λέγον-

352 2335 414 2366 τες
464 2319 707 2359 συνειλέουσι
752 2322 846 2357 conf.
882 2319 1014 2357 Matth.

353 2377 418 2413 Gr.
442 2377 506 2415 Gr.
530 2389 616 2426 pag.
641 2374 761 2417 1114.

412 2433 464 2471 Οἱ
493 2431 534 2471 δὲ
564 2428 745 2481 Ἐνάρεες
768 2431 809 2470 οἵ
827 2426 1015 2483 α’νδρὸγυ-

351 2488 440 2539 νοι]
473 2489 593 2538 Vulgo
614 2488 680 2527 καὶ
702 2488 742 2526 οἷ
760 2483 1014 2540 άνδρόγυνοι,

353 2546 455 2595 quod
485 2546 594 2583 etiam
625 2547 660 2581 in
686 2544 899 2582 Florentino
925 2545 1014 2593 legi-

354 2607 424 2639 tur.
464 2601 523 2640 De
552 2603 630 2651 ipsa
658 2614 697 2638 re
726 2601 880 2637 diximus
912 2603 960 2638 ad
983 2602 1011 2646 Ι,

356 2657 459 2705 105,
485 2658 547 2695 ubi
566 2658 686 2695 Stark.
714 2657 920 2703 citavimus,
950 2658 1013 2706 qui

355 2714 392 2751 in
422 2715 615 2764 scriptione
645 2713 714 2750 illic
739 2713 884 2750 laudata
903 2727 938 2764 p.
962 2715 1012 2752 10

354 2771 650 2820 androgynorum
678 2770 804 2807 horum
833 2782 905 2807 non
934 2782 1012 2807 me·

358 2839 434 2863 ram
473 2827 582 2864 animi
616 2827 682 2864 sed
715 2827 873 2877 corporis
903 2826 1013 2863 fuisse

357 2884 587 2922 affectionem
614 2887 762 2930 monet,
792 2883 880 2920 hacc
904 2883 1015 2919 subii-

420 996 515 1052 χρᾷ.
573 993 726 1038 Ἐπεοὶν
764 995 810 1038 δὲ
848 993 1049 1050 βασιλευς
1081 992 1103 1036 ὁ
1133 993 1351 1036 Σκυθέων
1380 992 1520 1049 κάμῃ,
1561 999 1744 1047 μετα-50

423 1067 632 1120 πέμπεται
670 1070 758 1108 τῶν
797 1067 991 1120 μαντίων
1030 1063 1192 1118 ἄνδρας
1231 1071 1344 1119 τρεῖς
1384 1065 1488 1115 τούς
1518 1062 1687 1107 εὐδοκι-

421 1135 604 1192 μέοντας
635 1135 838 1192 μάλιστα,
870 1139 912 1178 οἳ
941 1133 1088 1192 τρόπῳ
1118 1139 1179 1192 τῷ
1209 1135 1416 1191 εἰρημένῳ
1450 1134 1687 1189 μαντεύον-

419 1222 512 1250 ται·
553 1207 628 1250 καὶ
657 1207 832 1263 λέγουσι
863 1203 988 1250 οὗτοι
1017 1205 1076 1257 ὥς
1104 1205 1154 1248 τό
1184 1205 1340 1248 ἐπίπαν
1361 1205 1546 1260 μάλιστα
1570 1204 1684 1252 τάδε,

1080 1361 1198 1398 ciens:
1229 1358 1394 1410 „Neque
1410 1372 1453 1398 ex
1472 1373 1530 1407 eo,
1555 1360 1654 1409 quod
1674 1373 1742 1410 po-

1078 1418 1221 1468 pulares
1258 1417 1337 1454 illos
1371 1418 1527 1454 eviratos
1566 1422 1606 1453 ut
1639 1422 1740 1454 vates

1078 1474 1240 1511 colerent
1262 1478 1299 1511 et
1319 1474 1419 1522 quod
1439 1478 1579 1511 veteres
1603 1474 1739 1510 insanis

1078 1531 1225 1567 omnino
1262 1530 1483 1566 vaticinandi
1522 1530 1689 1567 virtutem
1716 1541 1740 1566 a

1078 1587 1147 1623 diis
1197 1587 1320 1623 datam
1363 1599 1442 1623 esse
1480 1585 1738 1632 existimarent,

1077 1646 1174 1679 recte
1206 1643 1287 1690 cogi
1315 1655 1448 1691 posse,
1482 1641 1562 1678 illos
1592 1642 1738 1677 Andro-

1079 1711 1196 1748 gynos
1219 1711 1304 1735 vere
1324 1699 1434 1735 fuisse
1450 1698 1595 1734 insanos
1615 1702 1651 1734 et
1665 1698 1738 1735 de-

1075 1755 1248 1799 lirantes,
1294 1755 1462 1803 cuiquam
1499 1755 1537 1790 in
1578 1759 1736 1791 mentem

1075 1812 1234 1848 veniet.“
1269 1810 1406 1848 Moneo
1427 1811 1473 1847 ob
1494 1810 1737 1858 Bbttigerum,

1076 1868 1137 1916 qui
1158 1868 1221 1903 Vir
1244 1868 1462 1904 clarissimus
1484 1867 1574 1914 (vid.
1596 1867 1737 1903 Kunst-

1076 1923 1275 1971 mytholog.
1307 1937 1343 1973 p.
1367 1925 1468 1970 282)
1499 1924 1546 1960 de
1577 1922 1734 1971 Cybeles

1077 1981 1324 2016 sacerdotibus
1362 1993 1463 2016 sacro
1500 1981 1622 2016 surore
1654 1992 1736 2016 cor-

1074 2037 1186 2085 reptis
1234 2037 1512 2085 virilitatemque
1550 2036 1635 2073 inde
1665 2036 1734 2072 sibi

1074 2093 1323 2129 auferentibus
1353 2093 1412 2141 agi
1441 2093 1598 2141 cogitat,
1638 2093 1734 2130 unde

1074 2149 1110 2184 in
1141 2150 1316 2186 eiusmodi
1343 2149 1616 2186 melancholiam
1647 2148 1735 2184 inci-

1075 2206 1188 2251 dant,
1227 2206 1300 2254 qua
1328 2205 1536 2242 muliebrem
1566 2209 1732 2240 naturam

1073 2274 1112 2298 se
1140 2262 1301 2298 induisse
1324 2262 1526 2310 opinentur.
1566 2260 1731 2297 Etvconf.

1073 2319 1181 2355 etiam
1221 2319 1375 2355 Cora'em
1419 2318 1467 2354 ad
1510 2317 1730 2365 Hippocrat.

1071 2373 1129 2412 De
1158 2387 1229 2411 aer.
1261 2387 1318 2422 aq.
1351 2376 1388 2411 et
1415 2373 1501 2410 loce.
1531 2385 1615 2422 pag.
1636 2374 1732 2414 332.

1072 2430 1183 2468 Tom.
1211 2431 1253 2467 ΙΙ.
1287 2452 1338 2457 --
1386 2428 1444 2466 Ad
1471 2429 1582 2465 verba
1616 2429 1728 2481 σχίσῃ

1072 2485 1293 2525 διαπλέκων
1318 2487 1423 2522 deest
1442 2485 1592 2522 subiecti
1612 2486 1730 2522 nomi-

1070 2543 1234 2589 nativus,
1266 2547 1303 2578 ut
1323 2542 1385 2587 lv,
1415 2542 1481 2582 65.
1504 2563 1559 2568 -
1588 2541 1629 2577 ln
1656 2542 1729 2579 fine

1070 2612 1148 2648 cap.
1181 2601 1257 2652 χρᾷ
1280 2598 1393 2635 valet:
1444 2600 1540 2634 canit
1571 2597 1728 2644 oracula,

1069 2656 1226 2702 divinat,
1257 2659 1297 2692 ut
1327 2654 1362 2700 l,
1394 2654 1459 2695 55.
1492 2657 1556 2694 62.
1578 2656 1642 2694 63.
1660 2656 1726 2694 67.

1069 2714 1134 2752 69.
1164 2712 1240 2759 lv,
1275 2712 1366 2752 155.
1388 2710 1466 2751 164
1493 2716 1561 2747 etc.

1245 2768 1354 2817 Cap.
1385 2767 1547 2804 LXYlll.

1125 2823 1191 2863 καὶ
1236 2823 1391 2875 λέγουσι
1437 2817 1549 2863 οὗτοι
1589 2820 1644 2869 ὥς
1679 2818 1724 2861 ‘td

1068 2880 1214 2921 ἐπίπαν
1255 2876 1421 2932 μάλιστα
1459 2875 1574 2929 τόδε]
1628 2880 1650 2916 i.
1690 2891 1722 2916 e.
