1904 3304
297 273 379 312 642
778 265 1314 304 EXCURSUSI

301 376 375 422 οὖν
408 380 618 419 αἰνίττεται
639 381 709 419 τοῦ
741 376 875 429 φωτός
905 374 1007 417 εἶναι
1036 375 1079 417 τὸ
1100 372 1240 423 σκότος
1270 371 1536 428 πρεσβύτερον
1553 374 1610 426 *),
1654 373 1722 414 καὶ
1759 371 1803 414 τό

302 445 507 500 μηνοειδὲς
531 450 601 497 τῆς
623 441 793 497 σελήνης
813 448 1026 497 κατηγορεῖ
1042 447 1173 496 σχῆμα
1190 442 1362 483 συνιέντι
1383 442 1500 495 μέρος
1522 440 1639 491 ἄλλο,
1668 458 1703 482 κ.
1720 457 1752 481 τ.
1772 444 1804 480 λ.

304 539 359 545 —
377 518 558 555 Revertor
587 514 634 550 ad
664 514 906 551 Herodotum.
966 514 1086 557 Quum
1111 514 1140 549 is
1171 513 1208 548 in
1234 513 1356 549 fronte
1383 511 1510 561 Apidis
1538 511 1635 549 locet
1663 506 1806 549 λευκόν

304 580 573 636 τετράγωνον,
614 593 734 630 neque
772 594 858 618 vero
894 585 1055 618 veterum
1088 581 1305 630 scriptorum
1339 579 1527 628 quisquam
1566 592 1646 617 eam
1682 582 1807 615 notam

303 654 502 700 agnoscat:
541 647 696 698 amplexi
717 652 802 685 sunt
820 661 946 686 omnes
969 648 1045 684 fere
1066 647 1281 697 interpretes
1303 647 1544 684 coniecturam
1561 645 1662 694 Cayli
1684 644 1808 682 Comi-

304 720 349 756 tis
382 718 419 754 in
442 715 591 754 Recueil
613 715 647 751 d'
668 714 818 764 Antiqq.
839 714 875 752 Τ
878 727 948 751 om.
973 715 986 751 l
1009 729 1044 765 p.
1065 712 1117 755 43
1140 710 1279 752 λευκόν
1304 729 1341 752 τι
1361 714 1564 765 τρίγωνον.
1620 712 1718 750 Nam
1744 712 1808 748 tri-

305 786 477 833 angulum
500 783 690 831 assignant
708 782 816 834 Apidi
842 787 879 821 et
899 783 1094 833 scriptores
1114 786 1150 819 et
1169 786 1401 820 monumenta
1416 780 1495 828 **),
1525 784 1563 818 et
1580 779 1734 829 vulgaris
1754 783 1810 816 est

305 851 467 889 confusio
499 851 668 887 utriusvis
697 850 859 888 vocabuli
881 850 970 898 ***).
1028 850 1288 887 Verumtamen
1310 849 1419 886 laudo
1443 848 1676 887 vehementer
1694 847 1810 884 conti-

305 919 462 957 nentiam
483 917 837 967 Schweighaeuseri,
861 917 922 967 qui
944 918 980 954 in
1001 917 1204 954 huiusmodi
1224 916 1304 954 loco
1324 916 1577 954 constituendo
1594 914 1679 952 nihil
1699 926 1809 951 nova-

305 986 407 1023 verit.
451 984 680 1027 Quadratum
702 986 797 1023 enim
817 987 892 1022 sive
912 979 1181 1036 τετράγωνον,
1211 986 1368 1035 pertinet
1388 985 1435 1021 ad
1458 982 1687 1020 Mercurium.
1731 981 1811 1018 Hu-

305 1053 361 1089 ius
383 1056 503 1091 autem
520 1053 580 1090 dei
603 1065 696 1102 quae
711 1056 840 1103 ‘partes
860 1052 932 1089 sint
954 1053 991 1089 in
1011 1052 1177 1090 universa
1196 1052 1341 1089 fortuna
1362 1051 1465 1088 Isidis
1488 1055 1525 1088 et
1546 1050 1721 1094 Osiridis,
1752 1047 1810 1085 vel

305 1132 398 1157 unus
419 1118 630 1157 Plutarchus
651 1119 784 1156 docere
805 1120 965 1168 quemvis
986 1123 1119 1169 potest.
1178 1118 1305 1163 Quid?
1343 1120 1422 1169 ipsa
1442 1117 1664 1156 consecratio
1681 1114 1810 1167 Apidis

306 1186 347 1224 fit
369 1183 468 1225 κατοῖ
491 1183 565 1237 τήν
587 1180 796 1236 ὑφήγησιν
823 1188 911 1225 τοῦ
934 1185 1113 1237 Ἑρμοῦ
1143 1183 1216 1236 τήν
1238 1182 1535 1237 πρεσβυτάτην,
1570 1187 1611 1221 ut
1631 1187 1688 1220 est
1711 1182 1811 1232 apud

307 1254 496 1292 Aelianum
518 1254 540 1291 l.
557 1253 580 1290 l.
590 1281 602 1298 ,
632 1253 694 1301 qui
713 1253 810 1290 idem
829 1254 983 1304 scriptor
1002 1253 1163 1303 singulas
1185 1254 1221 1290 in
1242 1265 1393 1303 corpore
1410 1251 1537 1303 Apidis
1560 1255 1666 1288 notas
1687 1250 1735 1288 ad
1754 1261 1813 1286 ar-

307 1333 398 1358 cana
423 1319 689 1370 Aegyptiorum
718 1321 882 1369 symbola
910 1322 1128 1371 pertinuisse
1153 1325 1300 1359 mouet:
1341 1316 1434 1359 ὅτου
1459 1316 1502 1357 δὲ
1529 1320 1611 1357 τῶν
1638 1312 1812 1369 ἀστέρων

309 1385 472 1426 ἕκαστον
503 1390 668 1438 σημεῖον
700 1384 765 1426 διὰ
795 1384 1058 1439 συμβόλων
1098 1388 1383 1427 αἰνίττεται
1413 1383 1504 1437 τήν
1534 1382 1711 1436 φύσιν,
1739 1383 1813 1424 Αἷ-

306 1449 467 1506 γύπτιοι
488 1456 752 1506 τεκμηριῶσαι
776 1454 919 1495 ἱκανοί.
979 1455 1100 1506 Atque
1117 1458 1164 1495 de
1181 1456 1441 1502 Quaternione,
1481 1458 1522 1491 ut
1539 1453 1723 1491 Hermetis
1742 1465 1812 1490 nu-

308 1535 429 1570 mero,
466 1521 566 1559 haud
593 1535 709 1573 pauca
740 1524 970 1574 praecipiunt
1000 1525 1192 1575 scriptores
1223 1528 1361 1562 veteres
1376 1520 1486 1570 ****).
1545 1521 1574 1558 E
1602 1521 1734 1571 quibus
1757 1519 1812 1557 10.

307 1586 435 1637 Lydus
454 1586 516 1635 (de
535 1601 668 1628 menss.
684 1603 721 1641 p.
740 1593 813 1640 21)
830 1591 900 1629 ita:
939 1587 1014 1642 τὴν
1045 1589 1087 1630 δὲ
1115 1587 1303 1643 τετάρτην
1331 1588 1486 1641 ἡμέραν
1507 1589 1715 1640 Στίλβοντι
1735 1584 1815 1640 (ἕνὶ

307 1657 389 1694 τῶν
416 1657 628 1706 πλανητῶν
656 1652 744 1696 κατ’
761 1657 1009 1710 Αἰγυπτίους
1042 1655 1145 1698 οὕτω
1172 1657 1422 1712 καλουμένῳ)
1454 1653 1667 1703 ἀνέθεντο,
1708 1651 1754 1701 ὃς
1773 1653 1814 1702 ἕξ

308 1721 397 1762 ἴσου
420 1721 514 1762 ποτὲ
535 1721 607 1773 μὲν
624 1723 828 1777 ὑγραίνει,
856 1722 950 1764 ποτὲ
979 1723 1021 1764 δὲ
1045 1726 1240 1778 ξηραίνει,
1268 1721 1617 1777 πνευματούμενος
1642 1719 1722 1762 ’ὑπὸ
1741 1723 1814 1773 τῆς

307 1788 397 1842 περὶ
418 1787 488 1829 τόν
506 1787 623 1840 ἥλιον
643 1789 896 1844 ὄξυκινησίας
910 1802 918 1812 ·
961 1786 1039 1844 Ἑρ
1052 1808 1078 1843 μ
1091 1795 1146 1832 οὗ
1170 1791 1212 1832 δὲ
1232 1789 1568 1843 τοῦτοιΓΈλληνες
1589 1787 1693 1830 εἶναι
1712 1785 1814 1842 βού-

354 1946 388 1989 ’)
412 1946 591 1979 Tenebras
624 1948 704 1978 ante
738 1944 845 1977 lucem
878 1950 1078 1990 noctemque
1111 1950 1249 1979 matrem
1275 1957 1385 1979 rerum
1410 1945 1552 1980 omnium
1576 1955 1619 1978 ex
1643 1942 1814 1988 Aegyptia

399 2002 556 2037 doctrina
580 2001 695 2046 prodit
719 2000 820 2034 etiam
846 2000 895 2033 Io.
916 2001 1033 2044 Lydus
1058 2003 1101 2035 de
1124 2014 1247 2038 menss.
1272 2002 1346 2036 loco
1372 2003 1539 2036 luculento
1563 2013 1596 2047 p.
1617 2001 1671 2036 13.
1709 1999 1815 2035 Addit

356 2128 407 2171 ⁰)
436 2128 536 2169 Vid.,
567 2130 607 2161 ut
630 2126 693 2158 hoc
718 2130 815 2167 utar,
851 2127 993 2171 Caylum
1017 2126 1039 2160 l.
1063 2126 1083 2159 l.
1117 2127 1200 2171 ibiq.
1231 2128 1300 2161 tab.
1331 2129 1391 2168 12,
1423 2139 1510 2172 quae
1538 2125 1745 2171 triangulum
1778 2125 1813 2159 in

400 2183 514 2217 fronte
543 2181 662 2227 Apidis
694 2182 885 2217 luculenter
919 2183 1068 2218 exhibet.
1118 2184 1215 2218 Adde
1247 2185 1397 2228 Zoegam
1429 2185 1471 2218 de
1497 2184 1596 2217 Obel.
1631 2195 1710 2228 pag.
1734 2181 1814 2217 448.

401 2240 493 2274 Alias
516 2240 635 2285 Apidis
659 2244 756 2273 notas
781 2251 800 2273 e
833 2240 940 2274 numis
962 2246 1123 2274 memorat
1148 2241 1317 2274 Raschins
1339 2241 1372 2274 in
1397 2240 1524 2275 Lexico
1550 2240 1601 2274 rei
1625 2252 1712 2274 num.
1737 2240 1813 2275 Vol.

401 2297 417 2330 1
443 2309 476 2342 p.
499 2299 578 2334 930.
627 2297 738 2331 Etiam
765 2308 916 2341 gemmae
940 2297 1171 2338 adhibendae3
1219 2298 1253 2330 in
1279 2297 1403 2341 quibus
1427 2298 1585 2342 egregias
1613 2298 1717 2331 habet
1739 2308 1812 2330 mu-

402 2365 493 2387 seum
525 2353 697 2393 Stoschii‚
730 2365 815 2386 nunc
840 2355 1024 2388 Borussiae
1047 2354 1162 2399 Regis.
1215 2354 1313 2394 Vid.,
1337 2360 1376 2388 ut
1400 2356 1464 2389 hoc
1489 2361 1585 2395 utar,
1619 2354 1746 2388 selecta
1769 2365 1811 2387 ex

402 2421 459 2450 eo,
494 2421 582 2453 quae
607 2409 880 2453 Schlichtegroll.
905 2411 1016 2445 edidit
1039 2411 1055 2444 I
1080 2423 1131 2445 nr.
1157 2413 1189 2446 4.
1223 2411 1256 2444 11
1281 2412 1352 2446 tab.
1379 2413 1421 2447 13
1444 2422 1496 2448 nr.
1522 2411 1585 2452 71,
1621 2410 1678 2444 ubi
1699 2411 1812 2445 lunula

399 2477 502 2511 super
525 2465 625 2499 dorso
650 2465 784 2510 Apidis.

353 2534 421 2578 ”·)
444 2533 524 2575 Sic,
556 2537 594 2567 ut
617 2534 682 2567 hoc
706 2539 805 2575 utar,
837 2534 871 2567 in
899 2535 1100 2570 Nicomachi
1125 2535 1286 2570 institute.
1311 2536 1409 2571 arith.
1432 2535 1466 2569 Π
1490 2546 1565 2579 cap.
1590 2536 1611 2570 9
1634 2535 1810 2579 τρίγωνος

399 2602 461 2635 pro
483 2588 708 2634 τετράγωνος
734 2592 836 2624 habet
861 2593 946 2626 Cod.
971 2593 1080 2626 Paris.

357 2647 443 2689 ”·’)
468 2647 638 2680 Plutarch.
655 2647 797 2687 Quaest.
817 2649 972 2694 Sympos.
998 2650 1048 2683 IX
1073 2662 1106 2695 p.
1131 2650 1196 2685 738
1224 2649 1265 2683 Ε.
1289 2660 1323 2693 p.
1347 2648 1434 2682 1050
1457 2648 1697 2691 Wyttenbach.
1723 2647 1809 2683 Pro-

402 2702 472 2735 clus
498 2704 531 2736 in
555 2703 699 2738 Hesiodi
714 2699 814 2747 ”Εργ.
837 2705 880 2738 ad
905 2718 955 2741 vs,
979 2708 1047 2742 770
1071 2718 1150 2751 pag.
1180 2707 1244 2741 169
1280 2705 1333 2739 ed.
1367 2706 1469 2739 Antv.
1505 2706 1565 2748 (ex
1590 2704 1812 2747 Philochoro;

400 2759 469 2792 vid.
504 2760 600 2793 huius
624 2761 777 2804 fragmm.
801 2773 879 2806 pag.
904 2765 948 2798 92
972 2782 1016 2787 -—-
1039 2764 1084 2798 94
1104 2763 1157 2796 ed.
1181 2762 1345 2804 Siebelis)
1378 2767 1412 2794 et
1436 2774 1524 2807 quae
1547 2762 1615 2797 alia
1636 2762 1809 2797 meursius

399 2816 538 2859 collegit
561 2816 604 2850 de
628 2816 754 2850 Denar.
780 2817 925 2862 Pythag.
951 2830 1031 2863 pag.
1058 2820 1157 2854 1362.
1205 2819 1337 2860 Quibus
1362 2819 1449 2853 adde
1474 2820 1523 2854 10.
1548 2820 1711 2854 Laurent.
1737 2819 1807 2862 Ly-

400 2871 475 2905 dum
500 2873 543 2906 de
567 2884 688 2907 menss.
715 2874 841 2908 Romm.
868 2887 946 2920 pag.
970 2877 1012 2911 21
1040 2876 1134 2919 (coll.
1160 2887 1238 2921 pag.
1265 2877 1321 2910 87.
1344 2877 1418 2919 99).
