1904 3304
508 237 1068 278 MELPOMENE.

1127 237 1193 275 lV.
1364 237 1448 277 325

181 351 316 406 πολλή
350 348 612 404 περιφάνεια
642 351 717 404 τῆς
746 346 888 404 χώρης
919 348 1030 400 ἐστὶ,
1071 347 1143 390 καὶ
1168 348 1257 389 τῶν
1287 344 1443 400 ἔμπρο-

151 433 172 464 2
185 429 290 467 σθεν
316 420 496 463 ἐθνέων.

308 682 418 732 Cap.
455 680 588 717 XXIV.

179 735 305 789 πολλή
335 733 577 790 περιφάνεια
607 737 678 786 τῆς
707 732 783 787 χαί-

122 811 195 850 ρης
215 794 311 845 ἐστὶ]
352 797 374 835 i.
398 808 428 832 e.
458 794 569 830 multa
591 796 706 830 terrae
728 806 782 828 co-

118 855 235 902 gnitio
257 856 327 899 est,
360 865 388 889 s.
413 853 501 887 satis
525 851 670 898 cognita
694 849 780 885 haec

118 914 169 947 est
186 911 295 957 regio.
344 909 444 944 Citat
461 907 511 944 W
514 906 616 944 essel.
637 906 780 943 Isaeum

117 966 176 1005 De
198 965 367 1016 Apollod.
395 964 519 1001 hered.
551 976 586 1013 p.
608 964 675 1009 66,
706 964 778 1007 173

120 1022 171 1074 [p.
200 1025 279 1064 178
300 1017 445 1069 Reisk]
477 1032 550 1069 quo
579 1031 622 1055 ex
647 1019 778 1055 eodem

120 1080 295 1129 scriptore
316 1076 489 1114 Larcher.
508 1075 614 1112 affert
633 1075 691 1111 De
715 1074 779 1110 Ci-

118 1149 197 1173 ron.
222 1134 345 1172 hered.
363 1147 398 1183 p.
419 1135 494 1179 71,
522 1133 570 1177 8,
604 1129 656 1181 [P·
682 1132 778 1178 209,

119 1196 144 1233 6
163 1192 308 1240 Reisk.]
327 1191 488 1238 itemque
506 1202 526 1226 e
538 1188 776 1225 Demosthen.

120 1249 135 1285 l
156 1252 269 1285 contr.
286 1246 465 1296 Stephan.
489 1258 526 1295 p.
550 1246 645 1291 622,
664 1247 702 1284 2.
726 1242 776 1294 [p.

124 1306 245 1350 1102,
272 1307 297 1345 2
318 1300 463 1351 Reisk]

178 1359 243 1398 καὶ
262 1356 335 1411 γάρ
350 1355 544 1396 Σκυθέων
564 1352 667 1401 τινὲς
691 1349 779 1393 oim-

122 1415 302 1455 κνέονται
343 1414 382 1461 ἐς
419 1409 586 1463 αὐτούς]
637 1412 778 1455 Quibus

121 1473 238 1511 verbis
267 1477 303 1509 et
334 1470 570 1519 sequentibus
601 1468 779 1506 contineri

120 1530 290 1566 observat
309 1528 469 1564 Heeren.
498 1526 609 1562 Ideen
632 1525 661 1570 I,
685 1526 709 1563 2
740 1538 777 1574 p.

120 1587 212 1625 299.
226 1586 306 1625 303
327 1585 501 1632 (quocum
528 1582 622 1618 conf.
642 1579 776 1617 Malte-

118 1642 221 1678 brun.
239 1639 381 1677 Annall.
407 1640 442 1675 d.
465 1638 607 1687 Voyag.
629 1637 660 1673 11
688 1649 774 1687 pag.

118 1696 224 1746 374)
270 1696 552 1746 descriptionem
595 1697 776 1730 mercatu-

117 1767 201 1800 rae,
232 1766 325 1802 quae
348 1753 432 1788 inde
454 1765 475 1788 a
495 1751 645 1788 Graecis
662 1749 770 1786 Ponti

118 1810 245 1847 accolis
275 1815 375 1846 trans
403 1812 563 1844 montem
594 1806 685 1843 Ural
718 1819 774 1843 re-

118 1867 319 1915 gionesque
358 1878 379 1902 a
407 1865 534 1914 Caspii
573 1863 681 1900 maris
717 1875 774 1899 se-

118 1924 327 1974 ptentrione
365 1922 452 1958 sitas
490 1922 527 1957 in
566 1920 773 1956 interiorem

118 1992 234 2028 usque
255 1977 481 2026 Morigoliam
502 1977 673 2013 instituta
695 1977 774 2012 fue-

120 2036 166 2072 rit
185 2040 271 2082 (nos
290 2048 457 2071 vocamus
472 2032 773 2070 Caravanenhan-

120 2092 194 2139 del)
215 2092 392 2140 simulque
412 2092 489 2127 viae
506 2090 774 2135 indicationem,

118 2161 225 2197 quam
248 2152 468 2185 mercatores
486 2146 668 2183 aGraecis
689 2145 774 2182 inde.

118 2205 225 2242 Ponti
248 2205 396 2241 coloniis
424 2203 472 2239 ad
503 2203 567 2239 has
594 2201 773 2238 interioris

115 2260 225 2298 Asiae
254 2261 381 2311 plagas
414 2261 533 2297 facere
574 2271 769 2295 consueve-

118 2318 211 2363 rint,
250 2318 305 2354 cui
326 2321 551 2354 mercaturae
580 2315 771 2352 faciundae

120 2374 295 2423 Scythas,
332 2374 470 2423 quippe
495 2373 671 2409 nomadas
707 2384 773 2408 ne-

121 2431 348 2480 cessarioque
362 2430 557 2466 instructos
576 2441 707 2480 pecore
724 2428 773 2464 ad

122 2499 256 2523 merces
275 2500 338 2537 per
359 2487 504 2523 deserta
519 2489 773 2536 transportan-

123 2542 202 2589 das,
225 2543 428 2592 aptissimos
447 2543 560 2579 fuisse
579 2543 674 2579 idem
689 2541 774 2577 sub-

124 2598 206 2633 iicit.
245 2600 277 2634 A
295 2599 531 2648 Borysthenis
554 2600 646 2636 ostio
667 2598 774 2635 urbe-

125 2666 195 2702 que
215 2654 323 2691 Olbia
339 2657 510 2704 profecti,
541 2660 641 2692 trans
670 2667 774 2692 mon-

124 2714 199 2746 tem
227 2710 314 2747 Urai
339 2712 386 2747 ad
416 2712 627 2749 Calmuccos
657 2725 774 2760 usque

122 2770 379 2816 penetrarunt,
416 2768 543 2806 itinere
562 2770 614 2805 ita
631 2769 774 2805 institu-

122 2828 180 2869 to,
220 2827 261 2859 ut
283 2824 435 2872 primum
454 2825 631 2873 Hylaeam
653 2825 773 2874 regio-

122 2892 202 2916 nem
238 2881 453 2929 transgressi
490 2881 630 2919 Asovici
667 2883 774 2919 maris

556 419 627 462 καὶ
657 419 740 474 γὰρ
771 418 991 462 Σκυθέων
1020 417 1132 468 τινὲς
1161 415 1444 460 ἀπικνέονται

177 494 220 545 ἐς
257 489 436 543 αὐτούς,
486 493 574 534 τῶν
615 487 670 533 οὐ
708 488 897 546 χαλεπόν
942 489 1032 533 ἐστι
1068 489 1311 540 πυθέσθαι,
1361 487 1490 530 namo

1525 350 1713 377 Commeatum
1739 357 1757 377 e

1516 384 1640 420 Scythia
1672 387 1703 410 et
1728 392 1762 410 ex

1500 419 1596 446 Ponto
1626 417 1664 444 ad
1691 418 1776 444 illos:

1501 461 1520 479 a
1539 451 1657 485 Scythis
1685 459 1777 485 nego-

1501 487 1544 514 tia
1563 486 1601 513 ibi
1629 489 1777 519 geruntur

1501 519 1559 547 vll
1603 518 1778 553 interpreti-

1498 554 1567 582 bus.

840 694 867 718 s.
890 680 1088 718 Maeotidis
1115 692 1215 717 oram
1251 678 1417 729 legerent
1441 691 1499 716 us-

838 750 910 786 que
932 738 979 773 ad
998 736 1165 783 Tanain,
1194 736 1280 774 dein
1298 736 1499 773 Astracana

838 795 983 831 deserta
1002 793 1204 837 intrarent,
1233 793 1332 830 unde
1350 796 1500 843 septen-

837 851 992 886 trionem
1012 861 1136 885 versus
1161 861 1228 898 per
1250 850 1497 886 Sarmatarum

838 910 975 943 terram
1003 905 1052 941 ad
1068 904 1233 941 Budinos
1259 905 1498 954 Geionosque

836 962 1092 1013 pervenirent,
1151 974 1233 997 mox
1279 974 1389 1009 ver0,
1449 962 1498 998 ad

836 1020 1014 1056 orientem
1030 1017 1147 1066 magis
1168 1018 1332 1055 conversi
1354 1030 1419 1068 per
1440 1030 1498 1054 se-

834 1080 935 1126 ptem
958 1075 1097 1112 dierum
1124 1074 1271 1111 deserta
1298 1074 1346 1110 ad
1372 1073 1498 1123 Thys-

835 1136 1046 1180 sagetarum
1065 1135 1101 1168 et
1116 1130 1298 1178 Iyrcarum
1313 1130 1497 1178 regiones,

835 1189 897 1226 ubi
916 1188 1083 1226 Siberiae
1104 1191 1188 1223 sunt
1209 1187 1315 1232 fines,
1345 1187 1497 1224 accede-

834 1248 939 1291 rent,
969 1258 989 1282 e
1006 1244 1152 1293 quibus,
1172 1242 1376 1281 Nerossum
1392 1255 1496 1280 mon-

835 1305 907 1339 tem
931 1314 975 1339 eo
996 1301 1073 1338 sere
1088 1300 1166 1337 loco
1181 1328 1192 1347 ,
1233 1312 1306 1349 quo
1325 1312 1421 1337 nunc
1443 1299 1497 1336 ia-

835 1362 894 1395 cet
915 1357 1147 1405 Oremburg,
1186 1356 1427 1405 transgressi,
1457 1355 1495 1392 in

835 1414 1064 1463 Kirgisorum
1085 1417 1120 1450 et
1137 1412 1411 1449 Calmuccorum
1430 1412 1496 1449 de-

836 1475 954 1518 serta,
994 1470 1055 1519 qui
1080 1470 1250 1506 itinerum
1280 1469 1361 1505 finis
1385 1469 1495 1506 fuisse

834 1527 997 1573 videtur,
1027 1538 1240 1576 pervenere.
1281 1523 1378 1561 Nam
1398 1524 1496 1562 ultra

834 1582 1064 1632 Argippaeos
1075 1582 1187 1630 (quos
1200 1580 1402 1618 Calmuccos
1414 1593 1495 1618 esse

834 1651 944 1689 supra
963 1638 1138 1686 diximus)
1158 1638 1227 1675 iter
1243 1637 1389 1674 minime
1408 1649 1495 1673 con-

831 1697 995 1732 t³uuasse
1029 1695 1198 1731 videntur
1228 1693 1279 1730 illi
1313 1699 1494 1731 mercato-

832 1765 911 1798 res,
950 1751 1048 1788 unde
1077 1764 1142 1788 sua
1164 1750 1304 1800 accepit
1320 1749 1495 1787 Herodo-

831 1813 911 1846 tus:
948 1820 1168 1857 quamquam
1207 1807 1320 1857 ipsius
1353 1819 1493 1844 merca-

831 1870 933 1902 turae
961 1865 1051 1901 fines
1079 1864 1226 1901 minime
1253 1862 1322 1899 illic
1351 1876 1492 1913 ponen-

832 1923 898 1958 dos
924 1934 1004 1958 esse
1026 1921 1122 1958 bene
1139 1920 1369 1957 concedimus
1388 1920 1491 1956 Hee-

830 1978 931 2015 renio
948 1977 970 2014 l.
991 1977 1013 2013 l.
1045 1991 1080 2027 p.
1104 1979 1183 2017 309
1198 2006 1208 2023 ,
1248 1976 1386 2026 quippe
1408 1989 1489 2012 cum

831 2034 901 2071 illic
929 2037 1069 2070 tantum
1099 2033 1312 2070 convenisse
1339 2032 1490 2069 videan-

831 2095 891 2127 tur
910 2090 1070 2138 undique
1087 2090 1239 2140 profecti
1255 2093 1489 2134 mercatores,

830 2159 967 2184 merces
987 2158 1069 2182 suas
1086 2146 1220 2194 quique
1239 2145 1488 2195 permutaturi.

831 2203 964 2252 Neque
992 2215 1077 2239 vero
1106 2201 1218 2253 peiles
1248 2206 1387 2238 tantum
1420 2201 1488 2237 ad-

828 2264 949 2296 vectas
987 2271 1092 2304 esse,
1130 2270 1352 2307 quamquam
1381 2257 1418 2293 in
1446 2258 1488 2293 iis

827 2316 1024 2367 praecipua
1050 2320 1276 2353 mercaturae
1297 2326 1393 2364 parS,
1414 2326 1488 2363 quo

828 2373 945 2422 magis
978 2372 1088 2409 Ponti
1123 2372 1267 2409 accolae
1298 2371 1344 2407 ob
1372 2371 1489 2407 acrius

828 2431 941 2478 frigus
965 2429 1130 2478 coelique
1149 2427 1403 2478 intemperiem
1425 2424 1489 2475 (cf.

830 2486 892 2533 IV,
918 2488 971 2526 28
993 2485 1081 2535 ibiq.
1105 2485 1216 2532 nott.)
1246 2483 1399 2535 pellibus
1431 2484 1487 2519 in-

830 2543 1036 2591 diguerint3
1067 2542 1155 2591 quin
1174 2541 1292 2591 ipsum
1319 2553 1445 2577 aurum
1467 2552 1488 2576 e

830 2599 974 2636 mediae
986 2597 1094 2636 Asiae
1114 2598 1267 2635 desertis
1286 2596 1490 2645 indiaeque

829 2655 1015 2693 montibus
1044 2654 1210 2692 auriferis
1247 2653 1398 2690 allatum
1434 2652 1487 2688 vi-

830 2713 908 2750 deri
941 2716 1064 2749 monet
1098 2711 1194 2748 idem
1224 2710 1384 2747 Heeren.
1412 2711 1435 2746 l.
1463 2708 1487 2745 l.

830 2768 883 2806 Ac
910 2772 1110 2805 memoratu
1139 2767 1315 2816 dignum,
1355 2765 1487 2802 hodie-

831 2837 903 2875 que
923 2826 1050 2863 eadem
1067 2825 1144 2861 fere
1159 2824 1217 2861 via
1233 2822 1381 2874 pellium
1395 2834 1489 2858 mer-

832 2885 991 2920 caturam
1014 2881 1164 2927 institui,
1195 2880 1267 2930 qua
1288 2877 1491 2927 antiquitus
