1904 3304
465 208 550 249 226
867 207 1330 247 HERODOTI

130 325 410 394 ffi‘gmss’g‘ffi'jss‘jgi
468 316 585 371 παρὰ
606 314 684 358 τὸν
700 313 897 371 Ὀροίτεα
914 350 924 368 ,
961 315 1052 372 ἅμα
1072 313 1289 373 ἀγόμενος
1308 316 1465 368 ἄλλους
1483 332 1525 360 τε
1547 316 1737 368 πολλούς

130 396 322 454 ffiffigffigtd
333 393 410 453 3323
466 392 557 431 τῶν
576 387 778 441 ἑταίρων,
811 388 857 431 ἐν
875 387 920 431 δὲ
942 386 993 443 δη
1016 388 1364 445 καὶΔημοκήὸεα
1381 388 1460 432 τόν
1477 391 1737 444 Καλλιφῶν-

130 468 166 486 vx
191 460 257 487 cius
292 460 407 487 comiti-

129 494 185 521 bus
220 501 274 527 nro
310 493 407 520 nervis

130 526 270 562 abducit,
303 535 331 556 a.
357 527 408 554 5²3

130 564 270 589 exeunte.

438 466 561 511 Ξτος,
602 457 911 515 Κροτωνιήτην
934 457 1096 512 ἄνδρα,
1128 458 1279 516 ἰητρόν
1301 477 1343 503 τε
1363 458 1513 513 ἐόντα,
1555 460 1626 503 καὶ
1655 458 1736 514 τήν

466 530 618 586 τέχνην
655 528 870 574 ἀσκέοντα
900 529 1055 585 ἄριστα
1083 535 1172 574 τῶν
1204 529 1300 574 κατ’
1332 531 1509 575 ἑωυτόν.

1571 528 1736 574 'Amud-

466 618 596 659 μενος
622 601 667 644 δὲ
689 601 731 651 ἐς
753 601 831 657 τὴν
850 604 1114 659 Μαγνησίην
1141 601 1164 646 ὁ
1189 601 1486 658 Πολυκράτης,
1517 603 1736 659 διεφθάρη
1748 608 1793 642 30

465 677 632 724 κακῶς,
677 670 779 715 οὔτε
809 672 976 716 ἑωυτοῦ
1007 672 1135 725 ἀξίως
1171 672 1270 717 οὔτε
1311 678 1399 716 τῶν
1432 673 1600 719 ἑωυτοῦ
1631 691 1736 731 φρο-

465 742 691 801 νημάτων·
747 743 814 787 ὅτι
852 743 936 800 γὰρ
983 744 1041 800 μή
1091 745 1134 788 οἱ
1167 745 1461 800 Συρηκοσίων
1509 745 1738 802 γενόμενοι

463 814 705 868 τύραννοι,
747 813 849 859 οὐδὲ
881 813 940 866 εἷς
977 820 1064 858 τῶν
1105 814 1248 859 ἄλλων
1281 815 1545 871 Ἑλληνικῶν
1581 813 1738 869 τυράν-

463 902 555 929 νων
585 885 705 938 ὄὶξιός
733 886 823 931 ἐστι
844 886 1124 942 Πολυκράτεϊ
1151 888 1520 944 μεγαλοπρεπείην
1551 888 1738 942 συμβλη-

409 1005 600 1052 comparat
618 1000 767 1037 Homer.
788 997 827 1034 ll.
844 997 908 1043 XI,
928 995 1010 1037 514
1036 1000 1073 1033 et

409 1058 550 1095 Herod.
565 1057 627 1103 ΙΙΙ,
641 1058 720 1097 122
744 1050 917 1105 ΙΙΊύρσον
937 1074 993 1081 —
1007 1049 1077 1091 ἄν·

411 1114 486 1165 δρα
518 1109 669 1152 Λυὸόν.
749 1111 932 1160 Equidem
963 1109 1075 1147 inter-

411 1170 644 1220 punctionem
690 1168 899 1205 mutandam
939 1166 1075 1209 censui,

409 1228 461 1263 ita
507 1230 545 1263 ut
581 1238 722 1263 comma
760 1227 957 1274 poneretur
992 1226 1078 1272 post

412 1279 554 1333 ἄνδρα.
605 1281 693 1318 Mox
716 1281 764 1316 ob
787 1279 939 1330 plurium
967 1278 1078 1315 libro-

411 1352 490 1376 rum
514 1351 730 1376 consensum
765 1337 894 1374 retinui
917 1329 1078 1373 α’σκέον-

411 1411 459 1434 τα
489 1395 575 1444 (pro
603 1392 877 1441 ἕπασκέοντα).
921 1391 1077 1429 Wessel.

413 1451 539 1489 laudat
560 1451 623 1498 ΙΧ,
644 1454 698 1492 32
721 1450 804 1498 (Vl,
827 1451 880 1490 92
897 1449 1079 1485 invenitur

414 1506 632 1557 ἐπασκεῖν).
663 1507 828 1557 Euripid.
840 1504 970 1555 Suppl.
983 1507 1076 1545 872.

412 1564 579 1614 Aeschyl.
600 1564 787 1601 Prometh.
811 1561 929 1603 1064.
951 1582 998 1588 —
1018 1560 1077 1597 Ad

414 1616 474 1660 ὅτι
499 1617 554 1671 μή
576 1620 651 1658 vid.
673 1624 764 1656 nott.
788 1619 836 1656 ad
855 1619 884 1665 Ι,
909 1619 970 1658 18.

473 1676 514 1716 οἵ
556 1676 820 1726 Συρηκοσίων
870 1669 1078 1725 γενόμενοι

413 1728 631 1783 τύραννοι]
673 1732 713 1769 ln
755 1731 932 1781 scriptura
978 1731 1077 1766 vocis

414 1790 678 1840 Συρηκοσίων
700 1789 781 1826 libri
801 1787 985 1825 differunt.
1017 1786 1079 1824 Tu

413 1847 485 1883 vid.
496 1846 655 1883 Hessad
663 1844 842 1882 Plutarch.
856 1843 1078 1882 Timoleont.

415 1915 501 1954 pag.
525 1906 544 1943 1
565 1915 667 1951 seqq.
726 1903 864 1939 Vocem
887 1896 1079 1950 τύραννοι

415 1959 582 2010 plerique
608 1959 664 1995 hic
685 1958 858 1995 omittunt
879 1957 973 2004 libri,
1004 1958 1079 1993 for-

417 2015 511 2052 sitan
540 2015 586 2051 ob
613 2015 734 2052 statim
763 2015 988 2063 subsequens
1012 2028 1081 2051 τυ-

418 2067 592 2122 ράννων.
633 2070 814 2120 Equidem
839 2083 913 2107 non
936 2069 1082 2108 deleve-

418 2129 497 2168 rim.
539 2127 611 2165 Per
621 2128 933 2177 Syracusanorum
953 2132 1081 2176 tyran-

418 2197 509 2230 nos,
537 2189 710 2221 monente
732 2183 930 2230 Valcken.‚
961 2183 1082 2220 Hero—

418 2241 526 2277 dotus
551 2240 668 2276 nullos
689 2239 776 2276 alios
798 2240 994 2287 designare
1013 2252 1082 2289 po-

417 2297 501 2343 tuit,
530 2298 599 2333 nisi
628 2295 793 2333 Gelonem
818 2301 856 2333 et
877 2295 1080 2342 Hieronem,

417 2353 479 2401 qui
510 2352 619 2402 paulo
649 2357 738 2389 ante
777 2352 927 2397 obierit,
970 2365 1080 2401 quam

417 2408 630 2445 Herodotus
656 2408 843 2445 historiam
872 2421 974 2445 suam
994 2421 1082 2445 con-

419 2465 534 2502 deret.
615 2463 821 2513 Utrumque
881 2465 1081 2514 principem

420 2524 678 2558 commemorat
707 2525 743 2557 et
777 2533 856 2557 cum
891 2521 1081 2558 Pisistrato

420 2577 607 2614 contendit
629 2575 806 2613 Plutarch.
829 2576 886 2613 De
908 2577 947 2613 S.
968 2575 1015 2614 N.
1036 2577 1080 2614 V.

421 2645 507 2683 pag.
529 2633 606 2674 551
622 2633 682 2678 F.‚
702 2633 750 2669 ad
771 2645 878 2682 quem
899 2631 1015 2670 locum
1036 2634 1083 2671 de

422 2688 574 2726 Gelonis
595 2693 633 2727 et
650 2689 820 2725 Hieronis
840 2689 876 2725 in
889 2690 1083 2737 tyrannide

422 2745 603 2782 modestia
632 2744 893 2792 Wyttenbach.
924 2758 1008 2795 pag.
1028 2747 1082 2786 37

423 2802 510 2838 citat
528 2801 624 2839 Plut.
638 2800 943 2851 Apophthegmm.
955 2815 989 2851 p.
1004 2801 1081 2841 175

424 2856 469 2895 A.
482 2857 526 2895 B.
543 2856 685 2896 Aelian.
706 2857 749 2895 V.
766 2857 816 2896 H.
839 2857 904 2906 vl,
929 2860 991 2898 11.
1024 2857 1082 2896 De

1131 997 1259 1035 Gelone
1276 997 1568 1034 moderatissimo
1589 1000 1626 1033 et
1638 995 1795 1033 clemen-

1131 1056 1269 1091 tissimo
1301 1054 1443 1102 insigne
1481 1053 1638 1091 Diodori
1677 1056 1796 1090 exstat

1131 1111 1379 1148 testimonium
1406 1110 1469 1156 Xl,
1500 1112 1567 1156 26,
1602 1109 1662 1146 ubi
1690 1103 1796 1157 εὔερ-

1132 1165 1246 1219 γὲτης
1277 1165 1343 1204 καὶ
1368 1163 1498 1216 σωτήρ
1522 1163 1589 1203 καὶ
1610 1163 1797 1215 βασιλεῦς

1132 1223 1374 1274 praedicatur.
1432 1223 1491 1260 De
1513 1221 1681 1268 Hierone,
1707 1224 1798 1272 1)οὲ-

1134 1286 1253 1317 tarum
1270 1279 1407 1316 cultore
1427 1292 1470 1315 ac
1490 1280 1634 1316 fautore
1654 1283 1799 1330 praeter

1135 1335 1276 1374 Aelian.
1296 1336 1341 1372 V.
1359 1336 1407 1372 H.
1429 1335 1492 1382 lV,
1514 1334 1564 1375 15
1588 1334 1694 1385 plura
1710 1334 1799 1372 Pin-

1135 1394 1259 1440 datus,
1289 1392 1337 1429 ad
1356 1393 1455 1429 cuius
1477 1391 1623 1442 Olymp.
1644 1392 1797 1442 primam

1133 1449 1297 1487 Boeckh.
1330 1453 1405 1486 tum
1437 1449 1474 1486 in
1514 1448 1797 1496 introductione,

1135 1512 1210 1544 tum
1233 1506 1279 1542 ad
1300 1519 1353 1541 vs.
1379 1506 1429 1545 13
1449 1505 1611 1555 pluribus
1629 1505 1799 1553 disputa-

1134 1563 1196 1599 vit.
1264 1561 1405 1598 Floruit
1436 1574 1496 1598 rex
1525 1561 1621 1598 circa
1648 1560 1796 1611 Olymp.

1134 1618 1287 1664 LXXV,
1300 1620 1323 1657 3
1346 1632 1373 1655 s.
1397 1619 1478 1658 479
1492 1630 1523 1653 a.
1537 1617 1624 1653 Chr.
1649 1630 1684 1654 n.
1704 1618 1797 1666 (quo

1134 1676 1214 1726 ipso
1270 1687 1366 1711 anno
1420 1674 1601 1711 Herodoti
1650 1673 1800 1712 historia

1135 1732 1235 1778 finit)
1274 1738 1512 1780 mortuusque
1553 1736 1610 1767 est
1649 1730 1796 1781 Olymp.

1134 1787 1342 1834 Lxxvm,
1358 1789 1395 1827 2.
1440 1789 1562 1836 Atque
1584 1787 1798 1824 Herodotus

1136 1857 1233 1881 anno
1260 1843 1342 1883 444
1363 1858 1394 1880 a.
1415 1843 1501 1880 Chr.
1525 1856 1560 1879 n.
1583 1842 1744 1880 Thurios
1761 1844 1799 1881 in

1137 1900 1274 1938 ltaliam
1302 1901 1456 1937 cessisse
1485 1900 1620 1945 fertur,
1651 1899 1710 1936 ubi
1740 1912 1801 1937 us-

1138 1970 1210 2007 que
1234 1957 1281 1993 ad
1314 1969 1447 1993 annum
1475 1954 1558 1997 408
1585 1968 1620 1994 3.
1650 1956 1736 1993 Chr.
1761 1968 1798 1996 n.

1137 2027 1220 2052 eum
1232 2013 1361 2051 vixisse
1381 2017 1532 2064 ponunt.
1563 2012 1802 2050 Conf.Dah1-

1138 2083 1261 2108 mann.
1280 2069 1419 2107 Herod.
1440 2082 1523 2120 pag.
1537 2071 1590 2109 38
1601 2071 1730 2121 ÷=47.
1743 2090 1800 2096 —

1138 2127 1195 2164 De
1215 2127 1349 2177 poetis,
1364 2126 1668 2175 quityrannorum
1680 2126 1800 2163 Grae-

1138 2196 1261 2221 corum
1283 2183 1320 2219 in
1341 2182 1423 2219 aula
1438 2181 1639 2228 floruerint,
1660 2181 1798 2219 consul.

1138 2239 1391 2277 lVachsmuth.
1441 2238 1499 2275 De
1550 2237 1655 2274 Pind.
1706 2239 1798 2289 reip.

1138 2300 1252 2334 const.
1274 2308 1393 2345 praec.
1415 2294 1446 2331 ΙΙ
1468 2307 1504 2344 p.
1532 2296 1582 2335 17
1606 2299 1643 2331 et
1654 2294 1798 2332 Hellen.

1138 2351 1401 2390 Alterthumsk.
1425 2350 1469 2396 11,
1489 2351 1514 2389 2
1542 2362 1627 2399 pag.
1647 2352 1741 2392 280.

1195 2406 1556 2460 μεγαλοπρεπείην]
1590 2407 1652 2444 Sic
1672 2420 1799 2445 omnes

1138 2465 1230 2511 libri,
1260 2464 1389 2513 quibus
1412 2463 1532 2499 invitis
1554 2464 1639 2500 nihil
1659 2469 1799 2502 mutare

1139 2522 1306 2559 audeam.
1328 2519 1533 2568 Schweigh.
1553 2519 1590 2556 in
1608 2519 1697 2558 Lex.
1718 2520 1800 2558 He·

1138 2578 1217 2614 rod.
1236 2589 1263 2612 s.
1292 2588 1322 2611 v.
1348 2581 1423 2621 aut,
1446 2574 1800 2627 μεγαλοπρέπειαν,

1139 2638 1200 2670 aut
1219 2633 1567 2684 μεγαλοπρεπηΐην
1587 2633 1694 2670 scribi
1713 2632 1797 2670 vult.

1140 2691 1260 2738 Supra
1298 2688 1329 2734 Ι,
1365 2690 1442 2728 139
1484 2690 1796 2741 μεγαλοπρεπείῃ

1139 2747 1218 2782 sine
1239 2744 1310 2781 nlla
1330 2743 1493 2781 lectionis
1510 2747 1695 2784 varietate.
1738 2744 1797 2783 Ad

1140 2801 1443 2850 significationem
1454 2801 1553 2839 vocis
1567 2803 1703 2839 faciunt
1715 2801 1799 2838 Ari-

1139 2857 1281 2895 stotelis
1311 2858 1422 2895 verba
1450 2857 1561 2896 Rhet.
1590 2858 1618 2906 l,
1640 2859 1665 2898 8
1688 2871 1723 2909 p.
1742 2858 1796 2898 33
