1904 3304
532 678 1078 738 HPOAOTOY

365 795 858 844 ΙΣΤΟΡΙΩΝ
933 795 1247 843 ΤΡΙΤΗ.

636 941 921 983 ΘΑΛΕΙΑ.

75 1011 103 1056 l
165 1016 317 1075 'Em
341 1033 503 1074 τοῦτον
538 1029 591 1086 δὴ
621 1029 701 1074 τόν
726 1028 911 1086 ’Ἄμασιν
942 1028 1185 1085 Καμβύσης
1215 1027 1238 1072 ὁ
1278 1026 1437 1083 Κύρου
1499 1039 1579 1079 193

165 1101 465 1158 ἐστρατεύετο,
506 1100 627 1157 ἄγων
665 1102 738 1146 καὶ
777 1101 938 1153 ἄλλους
967 1104 1054 1144 τῶν
1082 1096 1207 1157 ἦρχε,
1245 1099 1320 1143 καὶ
1345 1097 1434 1142 Ἑλ·
1494 1089 1776 1159 ἕᾶζῑῖἓἻξᾮέἓξῖ

164 1173 313 1231 λήνων
339 1171 497 1224 Ἴωνάς
537 1189 581 1217 τε
619 1174 693 1218 καὶ
723 1171 932 1225 Αἰολέας,
977 1170 1031 1215 (δι’
1064 1172 1208 1227 αἰτίην
1246 1169 1467 1226 τοιήνδε.5
1497 1192 1611 1226 larius,
1639 1191 1777 1219 etcum-

1495 1158 1518 1184 ti
1546 1166 1592 1185 me
1615 1158 1678 1184 icus
1705 1166 1774 1185 ocu-

136 1248 356 1303 ΞΠέμψας
405 1244 647 1302 Καμβύσης
699 1245 743 1297 ἐς
790 1246 1015 1301 Αἴγυπτον
1074 1241 1267 1299 κήρυκα,
1327 1243 1439 1285 αἴτεε
1496 1225 1776 1294 ῗῖἕῗὲἷιιιιέῗωὲῗιῗιῗὲ

1496 1293 1609 1328 Apriae
1630 1292 1696 1321 filia
1722 1300 1776 1328 pro

1498 1334 1565 1354 sua.

362 1397 467 1448 Cap.
499 1398 525 1433 Ι.

166 1449 256 1492 Ἐπὶ
282 1455 424 1492 τοῦτον
444 1450 495 1503 δή
512 1450 583 1493 τόν
603 1449 776 1503 ’Ἄμασιν

111 1504 338 1560 Καμβύσης
352 1530 400 1537 -
415 1504 683 1561 ἐστρατεύετο]
702 1510 776 1546 Ex-

110 1567 310 1617 peditionis
338 1578 360 1603 a
388 1566 573 1616 Cambyse
599 1567 777 1604 adversus·

109 1622 314 1673 Aegyptios
346 1628 539 1674 susceptae
572 1623 608 1659 in
647 1636 774 1660 causas

110 1680 258 1729 inquirit
276 1678 495 1717 Dahlmanu.
534 1680 717 1717 Herodot.
737 1693 774 1730 p.

113 1735 217 1781 1483
247 1736 383 1786 quippe
406 1748 498 1785 quas
518 1737 624 1774 latius
645 1743 775 1786 patere

111 1793 294 1830 existimat
323 1796 360 1829 et
381 1805 425 1830 ex
445 1794 577 1844 prioris
601 1794 776 1844 temporis

110 1849 269 1886 dissidiis
296 1852 409 1898 atque
442 1850 636 1887 inimicitiis
670 1863 777 1900 repe-

110 1906 255 1953 tendas,
284 1918 362 1942 cum
374 1906 593 1956 Cambysem
605 1907 694 1943 satis
713 1907 778 1943 sti-

111 1962 247 1999 mulare
263 1966 387 2012 posset
407 1968 444 1999 et
461 1964 612 2001 ambitio
635 1968 671 2000 et
692 1976 777 2000 vero

111 2019 219 2056 etiam
250 2018 322 2062 ira,
375 2030 418 2055 eo
458 2020 557 2068 quod
599 2018 778 2070 Aegyptii

112 2074 196 2111 olim
227 2087 306 2111 cum
327 2075 465 2112 Croeso
489 2077 620 2113 foedus
650 2081 779 2113 contra

111 2131 244 2168 Persas
267 2131 434 2168 iniissent
448 2160 458 2178 ,
498 2133 664 2169 excitata.
705 2132 777 2169 Ac-

112 2188 267 2225 cedebat
307 2188 407 2237 quod
449 2192 565 2226 terras
602 2190 777 2238 Aegypto

113 2245 322 2282 adiacentes
354 2248 460 2294 pater
491 2246 560 2282 iam
582 2245 777 2283 Persarum

113 2301 243 2337 ditioni
262 2301 467 2348 adiecerat,
499 2315 609 2351 quam
629 2302 777 2339 ulterius

113 2368 327 2405 promovere
354 2357 402 2393 ad
425 2357 576 2407 gloriam
598 2360 778 2407 regnique

115 2412 169 2447 sui
192 2412 408 2461 dignitatem
442 2418 625 2464 pertinere
651 2415 776 2453 existi-

115 2468 239 2505 mabat
257 2468 360 2506 filius.
418 2471 549 2521 Itaque
573 2485 646 2509 non
667 2485 779 2522 pecu-

115 2524 221 2561 liares
239 2526 414 2574 quasdam
426 2555 437 2573 ‚
466 2528 592 2577 quales
607 2528 779 2565 Herodo-

116 2584 175 2617 tus
193 2581 260 2618 hoc
273 2582 390 2632 capite
409 2596 451 2620 ac
468 2597 571 2634 seqq.
595 2598 661 2635 pro
682 2584 778 2621 illius

117 2638 249 2674 aetatis
270 2638 393 2676 indole
413 2653 455 2676 ac
476 2642 619 2679 ratione
633 2646 780 2678 enarrat

117 2705 256 2739 causas,
270 2695 494 2744 expeditioni
511 2699 548 2734 in
566 2698 778 2747 Aegyptum

116 2750 300 2787 institutae
346 2751 459 2790 fuisse
497 2760 623 2792 censet
660 2753 776 2790 Dahi-

115 2818 258 2852 mann.‚
288 2807 448 2845 sedilias
468 2810 573 2847 latius
594 2811 775 2861 patent'eS,

116 2863 164 2900 ad
180 2863 298 2912 ipsum
310 2862 500 2903 Persarum
518 2867 708 2918 imperium
719 2879 778 2904 re-

164 2919 373 2956 HERODOT·
393 2919 440 2957 lI.

833 1396 964 1445 gisque
982 1394 1220 1432 ambitionem
1237 1393 1393 1431 maxime
1411 1406 1498 1444 per-

833 1454 1005 1490 tinentes.
1064 1450 1145 1489 Nec
1172 1451 1280 1488 aliam
1309 1450 1391 1488 belii
1411 1463 1498 1487 cau—

833 1522 909 1546 sam
922 1520 1050 1546 revera
1065 1508 1177 1545 fuisse
1193 1508 1328 1544 iudicat
1338 1507 1500 1544 Heeren.

832 1566 957 1603 ldeen.
981 1564 1036 1610 11,
1068 1566 1094 1603 2
1124 1578 1161 1615 p.
1184 1562 1280 1610 406,
1316 1564 1386 1600 nisi
1407 1564 1501 1600 divi-

831 1623 901 1659 tias
922 1626 1033 1670 atque
1055 1634 1144 1671 opes
1162 1620 1335 1671 Aegypti,
1367 1621 1498 1670 quibus

832 1679 967 1716 Persae
986 1677 1170 1715 inhiarint.
1191 1698 1248 1705 —
1269 1678 1412 1721 Quibus
1433 1676 1499 1714 Cr.

832 1735 923 1773 haec
946 1735 1072 1772 addit:
1112 1734 1180 1781 „Si
1203 1738 1326 1771 tamen
1352 1738 1501 1784 reputa-

833 1805 913 1830 mus
939 1792 1146 1828 universam
1177 1791 1245 1827 sibi
1264 1789 1390 1827 Asiam
1412 1790 1501 1827 Per-

834 1861 893 1885 sas
924 1848 1128 1885 vindicasse
1156 1847 1247 1895 (vid.
1268 1860 1378 1898 supra
1405 1847 1441 1893 Ι,
1473 1845 1499 1885 4

832 1905 921 1954 ibiq.
941 1909 1082 1941 annott.
1106 1918 1142 1954 p.
1166 1903 1257 1952 14),
1296 1905 1408 1941 Asiae
1430 1916 1499 1940 au-

834 1967 908 1999 tem
937 1961 1138 2010 antiquitus
1168 1972 1362 1998 accensam
1389 1960 1501 1997 fuisse

833 2017 990 2066 Libyam
1015 2018 1130 2065 (Plat.
1155 2018 1270 2066 Gorg.
1293 2031 1329 2068 p.
1350 2016 1431 2056 523
1454 2016 1499 2056 E.

833 2088 870 2125 p.
895 2075 976 2114 265
998 2087 1074 2123 seq.
1105 2074 1258 2110 Heindf.
1286 2075 1330 2110 cf.
1356 2074 1499 2111 Sohae-

834 2132 901 2168 ser.
920 2129 1060 2168 Melett.
1080 2143 1116 2181 p.
1132 2132 1185 2169 36
1205 2131 1325 2179 seq.)·,
1347 2130 1376 2166 si
1391 2142 1501 2180 porro

834 2191 1067 2237 reputamus,
1096 2186 1500 2224 Nabuchodonosorem

835 2243 1080 2292 Babylonium
1098 2243 1308 2293 Aegyptum
1323 2242 1500 2291 Libyam-

837 2313 908 2350 que
934 2301 1029 2337 adeo
1060 2300 1169 2337 armis
1201 2304 1364 2337 tentasse
1399 2299 1502 2347 (Me-

836 2357 1005 2406 gasthen.
1027 2369 1085 2406 ap.
1105 2356 1230 2393 Strab.
1248 2357 1330 2403 XV,
1363 2358 1386 2395 6
1418 2369 1454 2406 p.
1476 2357 1501 2395 8

838 2427 915 2463 seq.
954 2412 1161 2450 Tzschuck.
1203 2414 1247 2450 cf.
1274 2413 1326 2449 10.
1355 2412 1501 2450 Miiller.

836 2470 990 2518 Aligem.
1014 2469 1179 2507 Gesch.l
1198 2483 1233 2519 p.
1248 2471 1334 2515 86),
1362 2469 1502 2507 Persa-

836 2540 915 2563 rum
935 2531 1053 2563 autem
1073 2538 1178 2574 reges
1200 2527 1416 2576 semetipsos
1433 2538 1501 2575 pro

836 2583 1101 2620 successoribus
1123 2582 1409 2632 Babyloniorum
1437 2582 1502 2618 ha-

836 2640 978 2684 buisse;
1002 2640 1098 2676 haud
1117 2639 1314 2676 absurdum
1335 2639 1503 2675 videatur

836 2697 995 2742 credere,
1018 2695 1238 2743 Cambysem
1263 2695 1330 2732 sibi
1349 2707 1503 2745 persua-

836 2753 926 2790 sisse
940 2780 950 2798 ,
977 2766 1015 2790 se
1036 2752 1186 2800 antiquo
1206 2752 1502 2800 hereditarioque

835 2810 914 2846 iure
936 2822 1003 2846 suo
1027 2808 1317 2846 dominationem
1338 2808 1501 2857 Aegypti

835 2865 1049 2915 Libyaeque
1069 2864 1256 2915 postulare
1277 2877 1399 2916 posse.
1410 2867 1435 2885 “

1196 2922 1216 2959 1
