1904 3304
453 262 1009 305 MELPOMENE.

1066 262 1130 301 lV.
1346 263 1430 303 593

170 379 248 423 τόν
289 374 486 431 Τρίτωνά
523 387 622 431 σφι,
661 375 733 418 καὶ
770 373 850 417 τόν
886 374 1073 427 τρίποδα
1110 375 1255 415 θεῖναι
1294 369 1341 413 ἐν
1377 374 1439 425 τῷ

171 450 334 493 ἑωυτοῦ
381 448 482 504 ἱρῷ·
540 445 877 489 ἐπιθεσπίσαντά
923 460 966 487 τε
1006 447 1067 500 τῷ
1108 443 1302 497 τρίποδι,
1356 440 1430 484 καὶ

169 523 282 561 τοῖσι
319 517 401 561 σύν
427 516 585 574 Ἰήσονι
615 516 866 574 σημήναντα
894 515 971 558 τὸν
999 514 1140 558 πάντα
1168 513 1323 568 λόγον,
1366 510 1426 562 ὥς

167 587 326 642 »ἐπεὰν
371 589 448 632 τὸν
494 590 677 642 τρίποδα
725 589 953 642 κομίσηται
995 590 1084 629 τῶν
1132 584 1328 640 ἐκγόνων
1365 599 1430 634 τις

167 664 257 703 τῶν
295 659 343 703 ἐν
380 663 433 714 τῇ
459 657 606 712 Ἀργοῖ
644 656 975 713 συμπλεόντων,
1027 656 1123 700 τότε
1162 656 1317 699 ἑκατὸν
1353 654 1485 699 πό-15

169 736 265 782 acas
300 731 472 785 οἰκῆσαι
503 729 599 782 περὶ
622 728 701 784 τήν
740 730 980 782 Τριτωνίδα
1004 731 1160 783 λίμνην
1183 726 1432 782 Ἑλληνίδας
1487 724 1571 764 360

140 804 316 845 4πᾶσαν
348 798 457 843 εἶναι
488 798 723 855 ιῖιίἑγκην.“
758 804 895 842 ταῦτα
921 799 1194 847 ἀκούσαντας
1218 797 1322 848 τούς
1343 797 1431 840 ἐπι-

24 878 124 924 180
170 873 355 928 χωρίους
390 874 478 913 τῶν
509 870 710 925 Λιβύων,
752 870 917 924 κρύψαι
949 869 1025 913 τὸν
1053 870 1249 921 τρίποδα.

169 959 258 985 των
288 942 333 985 δὲ
363 942 531 997 ἔχονται
560 945 647 984 τῶν
672 939 894 995 [Μαχλύων
915 940 1088 990 Αὐσεΐς.
1131 934 1252 982 οὗτοι
1282 938 1327 981 δὲ
1358 939 1431 982 καὶ

1316 865 1432 911 Τού-

172 1013 216 1056 οἱ
243 1011 446 1067 Μάχλυες
484 1012 606 1066 πέριξ
643 1012 720 1066 τὴν
753 1013 998 1066 Τριτωνίδα
1035 1012 1191 1066 λίμνην
1218 1009 1486 1053 emovet-20

141 1081 218 1126 2τό
247 1083 380 1138 μέσον
410 1082 455 1126 δέ
487 1095 566 1138 σφι
595 1081 751 1137 ου’ρίζει
784 1081 806 1126 ὁ
837 1083 1017 1136 Τρίτων.
1055 1081 1129 1124 καὶ
1159 1082 1202 1124 οἱ
1230 1080 1309 1135 μὲν
1332 1080 1433 1122 Μεί-
1491 1102 1617 1129 Graeci,
1643 1102 1679 1127 „b
1709 1104 1764 1127 Ac..

169 1158 294 1209 χλυες
333 1153 387 1197 τὰ
425 1153 561 1198 ὀπίσω
597 1154 804 1209 κομέουσι
832 1158 906 1209 τῆς
935 1155 1146 1207 κεφαλῆς·
1193 1153 1236 1194 οἱ
1270 1151 1315 1194 δὲ
1345 1149 1433 1201 Αὖ-

1489 1077 1501 1094 S

142 1229 260 1274 3σεῖς
293 1224 346 1266 w*
385 1225 617 1281 ἔμπροσθε.
671 1223 800 1282 Ὁρτῇ
831 1225 876 1268 δὲ
905 1224 1102 1281 ἐνιαυσίῃ
1131 1221 1358 1279 Ἀθηναίης
1388 1223 1435 1266 αἱ

178 1372 507 1426 ἐπιθεσπίσαντα]
546 1375 642 1412 idem
665 1378 775 1423 atque

120 1436 365 1474 θεσπίσαντα
405 1432 469 1472 ἐπὶ
514 1434 566 1484 τῷ
604 1431 774 1481 τρίποὸι,

117 1505 218 1541 super
237 1505 265 1528 s.
286 1505 328 1528 ex
349 1490 486 1539 tripode
507 1490 773 1535 vaticinantem,

117 1554 157 1584 ut
177 1549 228 1585 ait
246 1548 463 1594 lVesseling.

278 1605 309 1640 C
325 1617 346 1640 a
361 1617 398 1653 p.
430 1601 614 1638 CLXXX.

173 1653 336 1709 Αύσεῖς]
369 1658 466 1696 Olim
486 1653 650 1711 Αύσῇς,
678 1656 775 1693 unde

116 1716 243 1752 Valck.
279 1716 424 1753 refinxit
445 1709 615 1764 Αὕσῆες.
663 1711 775 1763 Apud

117 1772 297 1822 Stephan.
325 1772 417 1821 Byz.
447 1783 483 1821 p.
518 1772 595 1811 198
616 1765 776 1815 Λύσεῖς.

117 1827 170 1865 Ac
188 1840 336 1878 prorsus
367 1827 435 1864 sibi
463 1826 655 1864 convenire
675 1827 777 1863 Ren-

117 1884 189 1921 nel.
219 1888 330 1932 negat
356 1897 391 1933 p.
420 1885 502 1924 668
527 1882 775 1928 Herodotum,

119 1941 181 1989 qui
204 1940 267 1987 lv,
290 1941 366 1980 191
388 1940 560 1975 Ausenses
583 1944 687 1975 vocet
709 1951 776 1974 no-

118 1996 265 2033 madum
286 2000 466 2033 extremos
485 1995 711 2043 Maxyesque
729 1995 774 2031 ab

120 2053 308 2089 occidente
330 2052 383 2087 his
405 2051 596 2094 finitimos,
635 2051 778 2098 agrico-

119 2107 233 2145 larum
271 2108 433 2157 primos,
487 2107 552 2143 sed
577 2107 648 2151 lv,
685 2107 776 2145 186.

68 2176 71 2178 “
122 2166 202 2204 187
226 2164 322 2201 idem
341 2163 561 2211 Libycorum
580 2163 777 2198 nomadum

118 2221 210 2256 fines
229 2223 343 2270 ponat
368 2220 416 2256 ad
438 2219 642 2256 Tritonidis
662 2218 775 2255 lacum

119 2276 344 2313 occidentem
364 2288 499 2312 versus.
530 2275 653 2318 Quare
666 2275 776 2311 modo

120 2331 262 2380 latiori,
310 2332 421 2368 modo
463 2332 629 2367 strictiori
668 2343 776 2368 sensu

120 2387 179 2425 ille
198 2388 334 2424 locutus
357 2401 436 2424 esse
459 2388 611 2424 videtur.
637 2408 678 2413 —
711 2415 735 2433 „
750 2387 774 2423 l.

121 2443 167 2480 R.
188 2444 310 2480 Pacho
333 2445 370 2480 in
389 2443 508 2481 Relat.
527 2443 611 2479 d'un
625 2442 776 2492 Voyage

123 2499 215 2536 dans
237 2500 271 2536 la
287 2499 533 2548 Mai-marique
549 2501 777 2548 Cyrenaique

125 2559 190 2592 etc.
222 2555 325 2592 Paris
345 2557 450 2597 1827
472 2556 537 2592 hos
548 2551 692 2601 Αύσεῐς
711 2568 777 2605 pro

124 2611 253 2647 iisdem
272 2611 405 2658 habet,
435 2613 517 2660 qui,
545 2612 700 2661 Synesio
722 2616 779 2648 te-

125 2671 205 2712 ste,
236 2666 354 2702 seculo
374 2669 501 2716 quinto
522 2672 557 2705 et
577 2673 678 2705 sexto
697 2672 780 2718 post

125 2721 212 2760 Chr.
229 2735 268 2757 n.
290 2723 524 2770 Cyrenaicam
548 2725 782 2761 devastarunt

125 2778 276 2814 Ausum*
297 2779 433 2815 dicti.“
463 2779 527 2817 Cr.
569 2780 630 2818 Tu
651 2781 723 2818 vid.
743 2794 780 2831 p.

125 2833 249 2870 XXIX
270 2840 344 2870 not.
369 2837 405 2874 1.
755 2841 757 2843 ’

181 2886 298 2942 Ὅρτῇ
329 2887 371 2928 δὲ
403 2888 582 2946 ἐνιαυσίῃ
614 2907 649 2932 κ.
678 2908 709 2932 τ.
731 2893 779 2943 λ.]

210 2945 419 2984 HERODOT.
449 2947 497 2984 11.

832 1373 1021 1425 Expressit
1042 1375 1257 1413 Herodotea
1275 1373 1376 1411 Mela
1399 1368 1428 1420 I,
1447 1374 1488 1419 7,

832 1434 904 1471 27:
943 1433 1090 1482 „Super
1113 1433 1208 1468 hunc
1230 1431 1360 1478 ingens
1381 1429 1486 1479 palus

832 1501 974 1525 amnem
1011 1489 1168 1525 Tritona
1210 1488 1358 1536 recipit,
1408 1487 1489 1536 ipsa.

831 1544 1013 1582 Tritonis:
1043 1546 1140 1581 unde
1160 1548 1195 1581 et
1213 1543 1400 1580 Minervae
1427 1555 1490 1577 co-

830 1613 990 1649 gnomen
1010 1601 1163 1637 inditum
1184 1604 1259 1645 est,
1289 1604 1328 1635 ut
1349 1597 1489 1635 incolae

832 1657 1072 1700 arbitrantur,
1113 1657 1162 1692 ibi
1189 1657 1357 1704 genitae:
1400 1654 1489 1691 saci-

831 1718 970 1761 uritque
983 1713 1015 1750 ei
1027 1712 1171 1750 fabulae
1192 1712 1346 1761 aliquam
1365 1711 1489 1757 fidem,

832 1769 931 1818 quod
955 1782 1061 1818 quem
1082 1769 1239 1806 natalem
1257 1769 1332 1805 eius
1347 1770 1489 1818 putant,

831 1825 975 1862 ludicris
991 1826 1170 1873 virginum
1190 1826 1286 1862 inter
1304 1837 1343 1861 se
1363 1824 1491 1860 decer-

831 1882 984 1919 tantium
1006 1881 1228 1919 celebrant.“
1270 1881 1402 1929 Attigit
1423 1893 1490 1916 nu—

832 1951 899 1988 per
942 1938 1193 1975 Herodoteam
1242 1937 1490 1973 narrationem

833 1994 877 2029 C.
907 1994 953 2030 O.
984 1993 1127 2030 Miiller.
1158 1993 1375 2030 Orchomen.
1404 2004 1491 2042 pag.

835 2049 915 2089 355
935 2062 1036 2098 seqq.
1059 2048 1159 2096 (coll.
1179 2049 1345 2086 X‘olcker.
1374 2048 1491 2098 lapet-

832 2119 868 2156 p.
891 2108 972 2146 218
995 2118 1098 2154 seqq.
1132 2107 1213 2146 226
1234 2118 1337 2154 seqq.
1372 2104 1490 2154 Myth.

835 2162 972 2210 Geogr.
989 2161 1003 2197 I
1023 2175 1107 2212 pag.
1126 2162 1180 2202 24
1200 2174 1276 2210 seq.
1308 2163 1362 2202 32
1384 2173 1489 2210 seqq.

836 2221 889 2258 36
916 2231 1018 2266 seq.‚
1069 2219 1130 2266 qui
1160 2223 1196 2255 et
1234 2219 1313 2267 ipse
1352 2217 1440 2254 haec
1468 2229 1490 2254 e

834 2275 988 2310 Graecia
1010 2275 1046 2310 in
1059 2273 1212 2322 Libyam
1232 2274 1398 2311 traducta
1418 2276 1454 2310 et
1467 2285 1490 2310 a

833 2331 978 2380 Cyrene
999 2330 1156 2378 Libycas
1181 2331 1229 2367 ad
1261 2335 1387 2379 gentes
1424 2329 1490 2366 ad-

833 2392 935 2424 vecta
973 2388 1164 2437 opinatur3
1222 2387 1306 2423 add.
1348 2386 1397 2423 H.
1441 2386 1489 2422 G.

832 2443 998 2480 Brzoska
1022 2442 1080 2480 De
1107 2457 1232 2492 geogr.
1256 2443 1368 2492 myth.
1393 2443 1489 2492 Spe-

834 2500 912 2536 cim.
933 2500 949 2535 Ι
971 2499 1092 2549 (Lips.
1117 2497 1243 2547 1831)
1273 2513 1308 2549 p.
1333 2499 1396 2538 55.
1422 2499 1490 2545 56,

833 2556 895 2592 ubi
939 2555 1148 2603 contendit,
1200 2555 1292 2592 hanc
1329 2555 1490 2591 fabulam

834 2612 882 2648 de
898 2611 1053 2649 Tritone
1073 2625 1115 2649 ac
1135 2612 1182 2649 de
1202 2611 1399 2648 Tritonide
1417 2611 1491 2648 Mi-

833 2680 944 2704 nerva
974 2680 1017 2705 ex
1058 2668 1138 2717 ipsa
1162 2668 1318 2704 Boeotia
1357 2667 1392 2703 in
1423 2666 1492 2703 Li-

839 2724 946 2772 byam
968 2724 1179 2760 translatam
1201 2736 1281 2760 esse
1299 2724 1346 2759 ad
1356 2723 1494 2771 Syrtim

838 2781 1014 2817 minorem
1038 2781 1198 2828 itemque
1224 2779 1361 2829 puellas
1383 2779 1496 2815 Ama-

839 2849 974 2882 zones,
1024 2838 1209 2873 numinum
1244 2835 1495 2872 bellicosorum

839 2893 1034 2941 ministras,
1062 2893 1110 2930 ad
1129 2892 1232 2928 huius
1252 2892 1344 2929 deae
1361 2890 1493 2928 cultum

1164 2948 1218 2988 38

1488 867 1637 894 Ausenses
1649 888 1656 899 ,
1695 873 1762 892 con-

1522 901 1639 927 termini
1663 900 1729 926 Ma-

1487 933 1643 967 ch15num:
1655 934 1709 959 dea
1720 935 1763 959 in-

1488 967 1596 1001 digena
1608 989 1616 1001 ,
1650 968 1763 993 Miner-

1505 1009 1541 1028 va
1553 1022 1560 1035 ‚
1575 1003 1658 1040 *culta
1670 1001 1746 1027 festo

1512 1043 1718 1061 anniversario
1732 1042 1738 1059 :

1505 1074 1603 1095 cutum
1624 1074 1655 1095 et
1676 1069 1764 1101 galva

1488 1143 1523 1171 g)
1530 1141 1580 1172 pto
1598 1135 1721 1163 tradita.
