1904 3304
583 224 932 266 THALIA.
990 226 1054 265 111.
1404 229 1459 269 13

163 336 432 393 ὀνομάζουσι
473 335 519 380 δὲ
556 336 633 380 τὸν
661 336 742 393 μὲν
770 335 1017 388 Διόνυσον,
1054 335 1258 391 Ὀροτάλ·
1303 335 1383 394 τήν
1413 336 1460 381 δὲ

1514 405 1668 439 Quomodo
1697 407 1794 436 Arabs

1515 441 1657 477 cambysi
1695 449 1794 476 aquae

99 415 130 459 9
191 407 438 464 Οὐρανίην,
476 405 656 451 Ἀλιλάτ.
709 407 826 452 Ἐπεὶ
857 402 920 451 ὦν
947 408 1029 465 τὴν
1057 410 1202 452 πίστιν
1237 412 1351 452 τοῖσι
1381 406 1457 465 ἆγ-

185 480 349 536 γέλοισι
402 483 516 522 τοῖσι
561 477 682 533 παρὰ
719 479 965 536 Καμβύσεω
1017 477 1296 536 ἀπιγμένοισι
1342 479 1456 523 ἐποι-
1513 475 1793 543 ξῆρῑξξῗῶῗᾱξξῆῗ·

156 550 322 607 Ωήσατο
355 549 378 593 ὁ
408 547 630 604 Ἀράβιος,
663 550 903 606 ἐμηχανᾶτο
933 551 1091 595 τοιάδε.
1134 549 1298 602 ἀσκοὺς
1320 550 1455 609 καμή-
1467 544 1634 594 35¹¹²²¹¹³¹¹i
1662 542 1792 572 diverse.

185 626 273 666 λων
301 620 467 678 πλήσας
495 620 678 674 ὕδατος,
709 620 883 674 ἐπέσαξε
914 620 982 665 ἐπὶ
1011 623 1088 674 τοὶς
1120 622 1230 677 ζωὰς
1258 625 1348 666 τῶν
1376 639 1457 667 κα-

183 815 361 871 Ὀροτάλ]
405 820 460 857 lta
481 833 562 857 cum
584 819 788 868 Schweigh.

129 881 167 915 et
195 877 313 917 Gaisf.
355 878 558 923 edidimus,
596 877 791 914 addicente

126 934 341 971 Florentino
362 933 528 982 aliisque.
574 934 615 970 In
636 933 790 970 Floren-

129 991 206 1027 tino
235 995 357 1027 tamen
392 991 489 1040 prius
522 990 702 1028 exstitisse
737 990 790 1026 vi-

130 1048 236 1085 ‹letur
252 1042 446 1097 Ὀροτάλτ,
482 1048 582 1095 quod
598 1047 693 1084 idem
709 1046 790 1097 plu-

129 1117 188 1141 res
208 1103 265 1140 alii
285 1104 457 1141 exhibent
476 1103 566 1140 libri.
606 1103 790 1140 Sancrofti

128 1160 218 1197 liber
239 1155 424 1211 Ὀρατᾶλ,
456 1161 541 1198 edd.
565 1165 649 1198 vett.
673 1155 789 1210 ου’ρο-

128 1211 223 1255 τάλτ
261 1215 353 1268 [„et
403 1217 452 1254 ita
500 1217 625 1254 scribit
662 1218 789 1266 Payne

127 1273 275 1322 Knight
294 1287 341 1310 on
362 1273 547 1322 symbolic.
566 1273 663 1321 lang.
687 1272 722 1324 ἓ.
736 1275 790 1314 30

127 1342 213 1380 pag.
234 1332 336 1369 22³⁶
374 1328 476 1379 Cr.],
517 1331 615 1367 unde
637 1330 790 1367 Wesse—

127 1386 216 1435 ling.
245 1392 457 1436 reposuerat
480 1380 679 1438 Ου’ροτοῖλ,
709 1400 789 1423 mo-

128 1455 218 1479 nens
250 1442 308 1479 hic
344 1443 530 1491 designari
569 1444 642 1479 duo
678 1443 789 1479 totius

127 1500 277 1536 orientis
301 1501 496 1550 praecipua
522 1500 692 1546 numina,
721 1499 789 1536 So-

127 1555 192 1592 lem
214 1560 251 1592 et
266 1554 428 1602 Lunam,
468 1557 579 1605 inque
600 1569 690 1593 voce
713 1551 789 1594 Ου’-

126 1606 246 1663 ροτάλ
269 1613 462 1650 manifesto
482 1613 603 1650 inesse
623 1613 790 1650 Hebrae-

127 1681 228 1705 orum
247 1674 285 1706 et
305 1669 462 1706 Arabum
482 1679 553 1707 ’ΠΝ
581 1670 604 1706 i.
626 1683 656 1707 e.
674 1669 788 1717 solem,

127 1725 252 1762 lumen.
291 1727 429 1763 Contra
448 1726 635 1764 Hammer.
657 1726 692 1762 in
713 1726 791 1762 An-

127 1782 209 1819 nall.
234 1783 447 1820 Viennenss.
469 1783 504 1819 X
536 1797 571 1833 p.
595 1784 677 1823 222
713 1778 789 1821 Ου’-

127 1834 246 1889 ροτάλ
293 1840 527 1890 probabiliter
581 1844 788 1891 corruptum

127 1901 253 1933 censet
271 1909 338 1945 pro
360 1891 555 1942 Ου’σατάλ,
587 1909 683 1945 quae
704 1909 789 1934 vera

129 1952 176 1988 sit
196 1952 351 1989 Arabica
368 1966 447 1990 vox.
486 1948 638 1991 Ἀλιλάτ
658 1954 786 1991 eadem

128 2012 184 2045 est
203 2009 294 2054 dea,
333 2021 428 2057 quae
454 2009 490 2056 Ι,
526 2011 601 2049 131
637 2014 789 2046 vocatur

125 2059 298 2111 Ἁλίττα,
328 2066 413 2102 luna
432 2078 459 2101 s.
478 2065 644 2102 coelestis
663 2066 787 2103 Venus

126 2120 300 2158 Arabum.
322 2120 382 2158 Tu
395 2122 488 2159 conf.
504 2122 675 2159 Bochart.
692 2122 789 2158 Pha-

128 2177 188 2226 leg
206 2177 251 2226 II,
274 2179 324 2216 19
349 2190 370 2214 a
390 2177 610 2227 Wesseling.
629 2180 790 2216 citatum.

127 2233 239 2271 Cuius
275 2234 435 2272 eiusdem
476 2235 568 2272 deae
603 2235 639 2272 in
687 2247 789 2271 sacro

125 2289 375 2328 Mohammedi
407 2291 530 2328 codice
553 2292 594 2328 fit
624 2292 788 2329 mentio:

125 2337 291 2402 ψὲβςς
312 2359 347 2395 in
370 2360 451 2396 Sur.
476 2360 550 2406 51,
589 2373 674 2411 pag.
705 2361 787 2399 298

127 2437 288 2476 Marecc.
343 2438 465 2488 Atque
500 2439 610 2477 etiam
638 2414 792 2526 253·ng

128 2528 226 2576 quod
247 2527 370 2578 procul
392 2529 514 2576 dubio,
533 2530 651 2567 iudice
670 2530 790 2567 Hitzi-

129 2584 188 2632 gio
202 2613 213 2631 ‚
263 2585 319 2621 cui
367 2585 456 2623 haec
500 2587 639 2633 debeo,
691 2587 788 2624 idem

129 2644 186 2677 est
203 2649 313 2690 atquc
331 2639 418 2688 κοζὲ
436 2644 536 2692 apud
552 2642 698 2693 Ioseph.
711 2642 788 2680 An-

128 2696 220 2745 tiqq.
239 2697 320 2745 XV,
336 2700 362 2737 7
388 2697 424 2749 ἓ.
443 2700 481 2745 9,
513 2700 614 2748 quod
633 2699 788 2737 Edomi-

128 2755 248 2789 tarum
262 2758 317 2790 est
331 2768 478 2792 numen.
508 2755 698 2793 Edomitas
721 2768 786 2793 au-

130 2812 204 2846 tem
224 2809 435 2848 Herodotus
461 2825 534 2849 una
560 2826 639 2850 cum
656 2811 787 2849 Arabi-

130 2866 198 2902 bus
226 2865 414 2918 complecti
441 2868 606 2916 videtur3
646 2870 694 2908 de
712 2882 785 2920 quo

611 3221 721 3304 J

847 818 967 856 multis
986 821 1125 857 monuit
1145 821 1355 869 Hottinger.
1372 820 1511 858 Histor.

847 877 975 913 orient.
1003 889 1087 926 pag.
1114 879 1197 917 228
1217 891 1321 926 seqq.
1352 878 1408 915 ed.
1437 890 1511 916 sec.

846 932 926 970 coll.
938 934 1097 971 Pocock.
1109 934 1217 984 Spec.
1231 933 1511 971 Histor.Arabb.

846 1003 882 1040 p.
902 992 954 1030 89
976 1003 1078 1040 seqq.
1101 991 1160 1027 ed.
1182 990 1318 1028 White.
1359 989 1417 1028 Ab
1444 991 1512 1028 hac

847 1059 933 1083 vero
956 1048 1026 1084 dea
1048 1048 1198 1097 eiusque
1230 1046 1328 1084 cultu
1350 1048 1511 1084 Arabum

848 1103 951 1151 genti
984 1103 1131 1141 Alilaeis
1145 1132 1156 1149 ,
1205 1103 1304 1141 cuius
1349 1104 1514 1141 meminit

846 1159 998 1197 Diodor.
1020 1160 1084 1206 111,
1109 1159 1176 1207 44,
1198 1173 1331 1198 nomen
1354 1162 1512 1197 inditum

846 1217 958 1253 fuisse
979 1216 1178 1266 probabilis
1194 1222 1249 1254 est
1270 1218 1450 1256 sententia
1468 1217 1512 1254 F.

847 1273 897 1309 H.
935 1271 1080 1311 Miilleri
1126 1273 1185 1311 De
1224 1274 1325 1311 rebb.
1367 1274 1512 1311 Semitt.

847 1327 1028 1379 (Beroliu.
1054 1331 1182 1379 1831)
1212 1343 1300 1380 pag.
1326 1329 1393 1378 42,
1421 1343 1514 1380 quo-

846 1399 926 1423 cum
935 1386 1208 1424 conf.Bochart.
1220 1386 1371 1437 Phaleg.
1384 1387 1431 1435 ll,
1446 1389 1511 1428 19.

1077 1489 1183 1540 Cap.
1216 1489 1278 1526 IX.

902 1562 1054 1614 οἷσκοΰς
1081 1563 1287 1619 καμήλων]
1336 1567 1513 1618 Intelligit

845 1627 941 1662 utres
962 1638 978 1662 e
995 1625 1086 1675 pelle
1113 1626 1319 1663 camelorum
1336 1625 1460 1675 factos
1482 1637 1512 1661 s.

847 1681 996 1718 omnino
1012 1683 1145 1732 pellem
1171 1682 1415 1729 camelorum,
1439 1681 1514 1732 qua

847 1738 920 1775 scil.
949 1739 1039 1775 utris
1073 1739 1153 1776 loco
1189 1744 1388 1778 uterentur.
1448 1737 1511 1776 Tu

845 1796 940 1832 conf.
971 1795 1051 1843 Vll,
1079 1798 1133 1836 26
1172 1797 1258 1846 ibiq.
1305 1797 1512 1846 interprett.

845 1851 935 1889 Inde
957 1852 1026 1889 hoc
1048 1852 1126 1890 loco
1150 1848 1265 1892 οἷσκοὶ
1289 1851 1419 1903 (pelles
1446 1865 1509 1888 ca-

843 1908 1026 1958 melorum)
1045 1914 1281 1960 opponuntur
1296 1912 1382 1956 ταῖς
1394 1910 1512 1955 ζωαῖς

844 1960 1039 2016 καμήλοις
1067 1967 1110 2014 (i.
1140 1980 1172 2004 e.
1200 1968 1293 2004 vivis
1325 1963 1509 2014 εαιηείίε),

845 2023 976 2071 quibus
993 2036 1040 2059 sc.
1062 2023 1129 2060 hos
1151 2028 1248 2061 utres
1271 2023 1366 2072 aqua
1391 2021 1512 2072 reple-

844 2081 903 2114 tos
945 2079 1127 2129 imposuit.
1208 2079 1381 2128 Namque
1420 2077 1511 2118 ἔπι-

848 2130 1003 2173 σοὲττειν
1023 2136 1203 2185 significat
1224 2138 1402 2186 imponere.
1450 2135 1512 2172 ln·

848 2192 896 2229 de
923 2204 1070 2241 quoque
1099 2192 1140 2229 fit
1173 2197 1338 2230 nostrum
1367 2191 1508 2229 sattlen.

847 2247 956 2284 Conf.
975 2248 1144 2299 Xenoph.
1163 2248 1280 2287 Anab.
1304 2249 1369 2296 ΙΙΙ,
1388 2249 1427 2297 4,
1443 2247 1510 2288 35.

846 2303 919 2341 Pro
954 2302 1117 2352 ἐπέσαξε
1151 2306 1245 2344 male
1283 2318 1376 2343 unus
1418 2305 1509 2343 liber

846 2359 1015 2409 ἕπε’λαξε.
1056 2361 1163 2412 Vulg.
1191 2364 1290 2400 citat.
1310 2362 1400 2401 LeX.
1419 2363 1508 2410 Seg.

846 2430 882 2468 p.
905 2416 972 2466 94,
994 2420 1058 2458 23.
1091 2419 1204 2456 Paulo
1222 2423 1306 2470 post
1325 2432 1392 2470 pro
1415 2416 1510 2457 ὑπέ-

847 2488 956 2525 μεινε
974 2475 1092 2512 Schw.
1117 2480 1153 2513 et
1163 2476 1280 2513 Gaisf.
1299 2489 1341 2513 ex
1357 2475 1510 2513 Floren-

846 2532 922 2567 tino
949 2531 1040 2568 libro
1060 2537 1098 2569 et
1116 2533 1281 2569 Passion.
1309 2532 1389 2569 cod.
1411 2544 1510 2569 rece-

846 2592 981 2638 perunt
1002 2586 1118 2639 ὖπέμ
1132 2603 1222 2628 ενε.
1269 2588 1350 2626 Nos
1381 2601 1511 2626 censo-

847 2657 923 2681 rem
958 2644 1071 2682 secuti
1102 2645 1138 2682 in
1161 2645 1423 2696 Ephemeridd.
1452 2645 1510 2682 Ie-

845 2713 969 2738 nenSS.
1001 2702 1109 2741 1817
1137 2715 1191 2739 nr.
1215 2701 1294 2742 164
1323 2714 1408 2752 pag.
1426 2699 1508 2740 374

842 2757 1055 2794 retinuimus
1093 2758 1279 2807 vulgatam
1316 2758 1507 2795 lectionem

841 2813 1075 2863 plurimorum
1097 2814 1271 2853 librorum
1289 2815 1508 2852 auctoritate

841 2870 1033 2909 firmatam.
