1904 3304
68 864 132 909 19
190 876 264 903 ναι
293 859 449 916 τοιήδε.

603 252 941 294 THALlA.

1002 255 1063 292 111.
1417 255 1473 294 37

197 361 355 417 λειμών
385 362 471 404 ἐστι
504 361 550 404 έν
569 365 630 418 τῷ
661 365 902 418 προαστείῳ
935 363 1131 413 ἐπίπλεος
1160 366 1296 415 κρεῶν
1316 363 1472 417 ἑφθῶν

197 432 374 476 πάντων
413 436 501 475 τῶν
532 434 807 488 τετραπόδων
819 448 828 457 ·

881 435 923 485 ἐς
959 434 1037 477 τὸν
1076 433 1153 484 τοὶς
1192 433 1271 489 μὲν
1309 433 1471 484 νύκτας

196 502 531 558 ἐπιτηδεύοντας
570 505 742 548 τιθέναι
776 505 827 548 τὰ
869 505 977 558 κρέα
1014 502 1118 556 τούς
1155 504 1201 547 ἐν
1237 502 1347 547 τέλει’
1375 504 1470 548 ἑκά-

196 586 327 625 στους
357 573 505 626 ἐόντας
535 580 622 619 τῶν
654 576 821 629 ἀστῶν,

193 645 435 701 προσιόντα
465 647 543 690 τόν
570 647 863 703 βουλόμενον·

857 577 931 627 τὰς
962 577 1007 618 δὲ
1038 574 1199 632 ἡμέρας
1230 576 1470 618 δαίνυσθαι

912 645 1050 702 φάναι-
1089 646 1134 689 δὲ
1174 647 1280 698 τούς
1319 647 1528 704 §auxen-40

195 717 318 772 ρίους
357 723 494 762 ταῦτα
534 719 612 776 τήν
653 724 736 776 γῆν
774 718 913 774 αὐτήν
953 716 1213 760 ἀναδιδόναι
1254 717 1468 762 ἑκάστοτε.

163 787 222 844 Ξὴ
252 788 332 844 μὲν
363 789 414 845 δή
442 790 626 844 τράπεζα
656 795 737 834 τοῦ
766 789 894 846 ἡλίου
928 789 1185 844 καλεομένη,
1220 788 1385 845 λέγεται
1416 787 1469 833 εἶ-

511 860 728 918 Καμβύσῃ
763 861 808 904 δὲ
835 858 890 911 ὡς
920 861 1036 911 ἔδοξε
1059 859 1243 915 πέμπειν
1264 860 1368 911 τούς
1397 877 1470 904 κα-

189 930 457 984 τασκόπους,
490 931 644 976 αὐτίκα
674 932 959 988 μετεπέιιπετο
991 933 1033 984 ἐξ
1059 931 1365 987 Ἐλεφαντίνης
1393 931 1467 974 πό-

189 1006 282 1053 λιος
322 1006 411 1045 τῶν
444 1003 748 1060 Ἰχθυοφαγων
786 1002 963 1058 ανδρῶν
1003 1002 1108 1054 τούς
1149 1003 1514 1059 ἐπισταμένους45

132 1143 180 1180 de
204 1142 300 1179 Solis
323 1155 449 1180 mensa
473 1157 551 1181 cum
572 1145 683 1182 medii
706 1145 799 1182 aevii

130 1198 261 1236 fabulis
282 1200 329 1237 de
339 1201 518 1249 sanguine
535 1202 647 1250 regali
665 1201 799 1249 (Graal

132 1255 240 1304 vulgo
261 1255 411 1306 vocant)
431 1259 668 1294 contendunt.

189 1311 374 1358 ἐπίπλεος
386 1316 515 1364 κρεῶν
539 1312 683 1363 ἑφθῶν
698 1309 796 1352 πείν-

132 1383 210 1406 των
232 1371 311 1407 τῶν
332 1365 599 1421 τετραπόδων]
633 1367 796 1409 πάντων

131 1427 212 1463 τῶν
244 1424 493 1476 τετραπόδων
526 1427 566 1464 (Ie
596 1430 705 1464 omnis
733 1440 798 1475 ge-

129 1484 221 1518 neris
264 1482 545 1533 quadrupedibus
588 1484 795 1532 intelligen-

129 1538 225 1575 dum.
260 1539 369 1575 Conf.
397 1541 487 1586 ¹,5O
502 1540 588 1589 ibiq.
603 1546 678 1577 not.
702 1541 792 1577 Car-

127 1608 202 1632 nem
225 1595 368 1642 elixam,
387 1608 494 1644 quam
520 1597 607 1634 dicit
624 1598 793 1634 Herodo-

126 1657 207 1699 tus,
239 1653 286 1689 de
308 1665 410 1689 carne
436 1655 570 1690 siccata
594 1654 794 1704 probabili-

127 1713 183 1746 ter
194 1709 440 1759 accipiendam
457 1723 536 1746 esse
550 1712 677 1747 statuit
694 1711 792 1747 Hee-

125 1778 201 1802 ren.
233 1766 256 1802 l.
286 1768 308 1802 l.
338 1778 424 1816 pag.
445 1767 551 1813 346,
584 1781 665 1804 curn
689 1767 792 1804 istius

123 1822 224 1859 modi
259 1835 342 1859 caro
378 1824 414 1858 in
456 1824 535 1859 istis
578 1824 790 1873 regionibns

122 1880 340 1929 plerumque
351 1884 516 1916 servetur
527 1884 636 1929 atque
657 1881 788 1918 etiam-

124 1948 210 1971 num
229 1936 361 1972 siccata
383 1948 466 1972 caro
482 1937 517 1972 in
539 1938 628 1973 cibis
653 1936 788 1974 delica-

126 1992 275 2027 tissimis
304 1992 493 2029 habeatur.
572 1995 647 2030 Sed
680 1994 709 2029 si
741 1994 789 2031 de

125 2048 298 2084 sacrificio
321 2049 533 2096 cogitemus,
562 2051 651 2086 nihil
677 2051 787 2086 credo

124 2105 305 2151 obstabit,
343 2118 415 2153 quo
452 2106 568 2142 minus
610 2107 655 2143 de
692 2106 788 2143 elixa

123 2174 224 2198 carne
257 2161 314 2197 hic
342 2160 521 2198 Nostrum
559 2162 656 2210 loqui
686 2163 786 2198 dica-

124 2231 215 2254 mus.
240 2239 286 2244 -
318 2217 357 2253 In
379 2230 481 2266 seqq.
509 2215 600 2264 τούς
627 2217 668 2256 ἐν
688 2217 791 2257 τέλεϊ

124 2279 227 2310 vocat
247 2276 500 2322 magz'stmtus;
527 2276 571 2312 de
595 2289 666 2324 qua
689 2275 786 2312 locu-

122 2331 221 2367 tione
240 2330 346 2381 plura
370 2330 541 2368 Valcken.
566 2337 601 2369 et
629 2332 783 2369 iVessel.

121 2387 169 2423 ad
189 2387 253 2434 lx,
282 2390 372 2428 106.

331 2480 361 2514 C
375 2492 395 2515 a
406 2492 442 2528 p.
474 2479 572 2514 th.

175 2559 255 2595 τῶν
297 2552 574 2608 Ἰχθυοφάγων
620 2552 782 2607 α’νδρῶν

118 2609 213 2658 τούς
235 2612 518 2664 ἐπισταμένους
540 2629 573 2652 κ.
591 2629 620 2651 τ.
643 2612 691 2663 λ.]
724 2614 780 2650 De

119 2669 403 2720 ichthyophagis
442 2671 531 2707 haec
562 2670 720 2707 Pausan.
750 2671 778 2716 I,

121 2727 173 2766 33
207 2724 242 2775 §-
268 2727 321 2766 42
379 2724 598 2766 Αἰθιόπων
628 2725 669 2765 δὲ
699 2728 778 2764 τῶν

120 2796 193 2820 υπε
199 2797 219 2832 ρ
262 2779 427 2833 Συήνης
467 2782 531 2822 ἐπὶ
571 2779 778 2821 θάλασσαν

119 2837 207 2889 εσμ
212 2853 271 2876 τοι
291 2854 362 2889 την
377 2837 554 2891 ἐρυθραν
572 2842 778 2878 κατοικοῦ-

119 2907 180 2934 σιν
200 2890 245 2946 ’Is
252 2899 305 2933 θν
301 2892 457 2947 οφάγοι
485 2895 551 2935 καὶ
574 2894 596 2936 ὁ
617 2893 777 2945 κολπος,

1528 860 1694 894 Cambyses
1724 860 1803 887 cedit

1525 894 1709 922 Phoenicum
1750 894 1804 921 de-

1526 928 1699 967 trectationi
1716 936 1802 961 expe-

1526 962 1648 989 ditionis
1677 962 1707 988 in
1727 962 1801 988 Car-

1527 995 1751 1027 thaninienses:

1529 1029 1710 1064 ijriorum
1751 1028 1800 1056 de—

1523 1063 1667 1091 ditionem
1677 1063 1800 1098 accipit.

856 1141 902 1184 ‘dv
926 1147 1213 1195 περιοικοῦσιν,
1242 1138 1521 1194 Ἰχθυοφάγων

857 1196 1107 1252 ὀνομάζεται.
1142 1201 1284 1244 Quibus
1305 1200 1391 1236 add.
1415 1200 1521 1236 Stra-

856 1259 940 1294 bon.
962 1258 1047 1294 XVI
1078 1271 1114 1308 p.
1137 1259 1218 1298 769
1239 1270 1266 1293 s.
1290 1270 1326 1306 p.
1344 1256 1522 1296 1113.D.

856 1319 892 1351 et
918 1315 1074 1351 Diodor.
1108 1314 1217 1350 Sicnl.
1246 1314 1319 1359 ΙΙΙ,
1351 1312 1403 1353 15
1438 1325 1520 1362 sqq.

854 1383 939 1420 pag.
973 1370 1052 1411 184
1084 1384 1164 1419 sqq.
1195 1369 1350 1408 wessel.
1411 1369 1522 1407 Unde

851 1428 1086 1465 manifestum
1126 1431 1204 1473 est,
1237 1427 1273 1462 in
1307 1426 1518 1474 regionibus

851 1496 961 1534 supra
995 1483 1208 1533 Aegyptum
1237 1483 1329 1519 sinui
1361 1482 1517 1519 Arabico

849 1541 1023 1590 proximis
1070 1541 1177 1577 sedes
1223 1538 1517 1589 Ichthyophago-

849 1610 949 1643 rum,
989 1598 1109 1645 gentis
1150 1596 1327 1633 barbarae
1363 1596 1438 1632 fere
1480 1600 1517 1633 et

849 1655 1003 1691 maxime
1022 1654 1137 1698 rudis,
1165 1665 1246 1689 esse
1272 1652 1513 1701 quaerendas.

850 1710 906 1747 Ob
924 1710 1107 1747 Herodoti
1126 1710 1236 1746 verba
1263 1709 1423 1746 Heeren.
1446 1709 1468 1744 l.
1490 1708 1512 1745 l.

847 1766 1027 1818 pag.349
1058 1771 1200 1817 partem
1221 1766 1405 1815 quandam
1423 1777 1512 1813 gen—

848 1825 895 1860 tis
924 1824 961 1860 in
987 1824 1176 1874 superiore
1200 1822 1373 1871 Aegypto
1403 1821 1511 1858 sedes

847 1880 1019 1917 habuisse
1037 1879 1162 1916 statuit
1181 1880 1340 1927 indeque
1361 1878 1513 1915 ulterius

848 1938 1065 1987 pertinuisse
1106 1937 1155 1973 ad
1191 1936 1306 1972 tribus
1345 1934 1513 1985 palantes

846 1994 881 2030 in
912 1994 1089 2039 desertis,
1120 2005 1186 2042 per
1213 2004 1307 2040 quae
1338 1996 1515 2028 commer-

845 2050 937 2086 cium
960 2051 1054 2087 inter
1072 2050 1282 2098 Aegyptum
1304 2052 1340 2085 et
1360 2047 1511 2085 Aethio-

844 2107 942 2156 piam
970 2106 1064 2155 (sive
1090 2105 1363 2142 Macrobiorum
1388 2105 1509 2152 regio-

846 2166 929 2207 nes)
962 2163 1098 2198 sactum
1128 2161 1258 2205 fuerit,
1299 2161 1397 2196 unde
1425 2160 1507 2196 illos

845 2219 1138 2267 ichthyophagos
1179 2217 1226 2253 ob
1273 2217 1404 2252 itinera
1443 2229 1508 2266 per

844 2276 990 2312 deserta
1010 2274 1195 2311 mercandi
1217 2274 1326 2310 causa
1347 2274 1506 2309 crebrius

842 2332 1007 2368 instituta
1025 2332 1218 2379 utriusque
1237 2335 1358 2366 terrae
1377 2334 1413 2366 et
1439 2329 1507 2365 lin-

841 2401 936 2437 guae
958 2388 1202 2436 cognitionem
1222 2386 1396 2422 habuisse
1413 2386 1507 2422 veri-

842 2445 955 2481 simile
985 2446 1128 2481 vidr·tur
1153 2443 1229 2479 viro
1254 2443 1362 2478 docto
1392 2455 1506 2491 quae-

840 2502 948 2547 renti,
979 2514 1026 2537 an
1051 2501 1097 2537 ad
1121 2504 1294 2548 gentem,
1325 2499 1380 2534 cui
1409 2512 1505 2535 nunc

838 2571 970 2595 nomen
995 2556 1150 2602 Ababrle,
1181 2557 1217 2592 in
1243 2555 1311 2591 illis
1343 2555 1505 2604 regioni-

837 2615 902 2650 bus
933 2615 1052 2651 adhuc
1078 2614 1327 2658 habitantem,
1359 2617 1396 2648 et
1417 2611 1503 2647 inde

837 2671 882 2707 ab
914 2670 1166 2719 antiquissimo
1196 2681 1287 2706 aevo
1320 2668 1502 2705 mercibus

835 2740 900 2776 per
922 2728 1068 2764 deserta
1082 2725 1376 2775 transportandis
1397 2724 1502 2761 dedi-

835 2790 931 2831 tam,
962 2783 1227 2832 Ichthyophagi
1253 2782 1378 2818 referri
1409 2793 1500 2829 que-

836 2845 910 2876 ant.
937 2860 990 2867 —
1039 2839 1098 2876 De
1128 2838 1366 2889 Elephantine
1403 2837 1496 2874 conf.

835 2901 928 2933 nott.
948 2897 995 2933 ad
1018 2896 1065 2943 ll,
1089 2898 1152 2936 17.
