1904 3304
272 900 372 946 139

97 962 223 1003 Syloson
234 964 358 999 Polym-a

94 1000 136 1024 tus
162 1000 257 1024 trater
291 1008 361 1026 εχει]

96 1030 189 1057 Dario
204 1031 323 1065 privato
341 1041 360 1060 a

95 1064 238 1093 miculam
256 1065 356 1095 donat.

439 217 525 259 250

407 328 429 367 4
442 328 486 370 οἱ
533 326 721 370 ἔσεσθαι.

830 216 1293 258 HERODOTI

797 330 987 379 Δαρεῖος
1039 327 1085 369 δὲ
1134 325 1454 383 ὑποδεξάμενος
1502 326 1708 370 ἐπετέλεε·

436 397 608 453 πέμψας
645 398 730 453 γὰρ
774 396 956 453 ἄγγελον
1003 396 1047 447 ἐς
1085 399 1276 448 Κνίδον,
1329 398 1533 454 κατάγειν
1572 399 1709 454 σφέας

408 469 609 513 ὅέκέλευε
640 472 800 512 Γίλλον
829 467 872 518 ἐς
906 467 1119 522 Τάραντα.
1175 469 1431 525 πειθόμενοι
1460 471 1505 514 δὲ
1532 471 1705 529 Δαρείῳ

436 543 626 593 Κνίδιοι,
663 540 963 594 Ταραντίνους
993 539 1075 583 οὐκ
1106 535 1170 583 ὦν
1192 540 1383 591 ἔπειθον,
1415 544 1515 598 βίην
1534 542 1580 585 δὲ
1600 540 1705 585 ἀδύ-

407 620 429 653 6
439 628 565 656 νατοι
618 605 731 668 ἦσαν
779 610 1061 666 προσφέρειν.

1145 615 1292 655 Ταῦτα
1334 612 1414 668 μέν
1460 629 1544 656 νυν
1582 612 1731 656 οὕτωι

433 683 653 740 ἐπρήχθη·
712 676 836 726 οὗτοι
874 681 920 726 δὲ
957 686 1126 737 πρῶτοι
1166 682 1212 726 ἐκ
1249 687 1325 740 τῆς
1362 682 1499 740 Ἀσίης
1540 683 1583 735 ἐς
1623 684 1705 741 τήν

428 753 616 798 Ἑλλάδα
663 753 872 797 ἀπίκοντο
912 754 1104 808 Πέρσαι,
1152 755 1226 798 καὶ
1265 749 1388 799 οὗτοι
1426 756 1498 799 διὰ
1531 757 1704 803 τοιόνδε

433 830 613 882 πρῆγμα
641 826 912 870 κατάσκοποι
942 826 1154 881 ἐγένοντο.

544 897 671 942 Meto}
710 898 755 941 δὲ
793 902 954 951 ταῦτα,
1002 897 1161 953 Σάμον
1192 897 1398 953 βασιλεύς
1427 903 1616 953 Δαρεῖος
1647 901 1706 942 αἱ·

362 982 374 1026 ῐ
433 971 541 1026 ρέει,
585 972 753 1014 πολίων
789 969 965 1013 πασέων
1001 967 1180 1025 πρώτην
1204 968 1468 1025 Ἑλληνίδων
1497 971 1570 1014 καὶ
1600 973 1739 1026 βαρ-5

402 1043 609 1099 Ξβοὲρων,
658 1041 729 1085 διὰ
769 1040 942 1096 τοιήνδε
983 1039 1082 1083 τινὰ
1122 1042 1274 1096 αἰτίην.

1342 1041 1587 1096 Καμβύσεω
1625 1046 1707 1086 τοῦ

432 1112 589 1169 Κύρου
620 1112 968 1167 στρατευομένου
990 1111 1052 1155 ἐπ’
1069 1114 1314 1166 Αἴγυπτον,
1346 1111 1470 1156 ἄλλοι
1490 1129 1533 1156 τε
1555 1113 1707 1169 συχνοὶ

432 1185 473 1236 ἐς
503 1185 583 1241 τήν
613 1187 837 1240 Αἴγυπτον
880 1181 1092 1227 ἀπίκοντο
1126 1182 1365 1239 Ἑλλήνων,
1411 1186 1455 1227 οἱ
1496 1184 1599 1239 μὲν,
1648 1182 1707 1235 ὥς

432 1257 575 1309 οἰκὸς,
607 1254 705 1300 κατ’
739 1256 970 1311 ἐμπορίην·
1012 1255 1056 1297 οῖ
1085 1253 1155 1306 δὲ,
1186 1253 1543 1310 στρατευόμενοι·
1585 1256 1629 1299 οἱ
1657 1254 1703 1299 δέ

429 1344 567 1379 τινες,
604 1329 679 1370 καὶ
718 1326 853 1383 αὐτῆς
890 1330 967 1383 τῆς
1004 1325 1146 1382 χώρης
1183 1328 1359 1382 θεηταί·
1420 1330 1508 1370 τῶν
1545 1321 1600 1383 ἦν
1629 1327 1704 1372 καὶ
1769 1347 1851 1388 259
1903 1354 1904 1386 3

429 1403 646 1443 Συλοσῶν
667 1397 690 1443 ὁ
711 1398 916 1450 Αἰάκεος,
956 1397 1266 1452 Πολυκράτεός
1294 1414 1338 1441 τε
1366 1396 1454 1441 ἐών
1482 1397 1759 1454 ἄδελφεὸς,11
1903 1391 1904 1401 ’

396 1472 503 1515 3καὶ
544 1470 722 1527 φεύγων
766 1471 812 1513 ἐκ
850 1469 1023 1525 Σάμου.

426 1543 635 1599 κατέλαβε
675 1540 850 1599 εὐτυχίη
887 1558 952 1594 τις
988 1541 1146 1598 τοιήδε.

535 1727 647 1778 Cap.
680 1728 884 1765 CXXXIX.

429 1784 583 1823 πολίων
614 1783 773 1823 πασέων
805 1780 969 1836 πρώτην
1000 1799 1034 1823 κ.

371 1854 403 1878 τ.
425 1839 481 1891 λ.]
519 1841 578 1878 De
601 1841 702 1879 Sami
733 1842 862 1891 opibus
897 1856 938 1880 ac
968 1854 1037 1891 po-

370 1898 486 1934 tentia
508 1899 601 1934 conf.
623 1911 733 1949 supra
754 1899 817 1945 ΙΙΙ,
840 1898 906 1940 59.
925 1902 979 1940 60
1000 1903 1037 1935 et

369 1953 440 1990 alia
468 1954 678 1992 testimonia
695 1968 727 1992 a.
754 1956 797 1992 C.
822 1956 868 1992 O.
892 1955 1034 1993 Mulier.

370 2010 408 2046 in
427 2010 611 2059 Aeginett.
634 2025 720 2061 pag.
741 2013 793 2052 67
813 2016 888 2048 not.
908 2027 943 2062 p.
972 2024 1036 2049 ex-

368 2067 479 2103 citata
492 2095 503 2111 ‚
539 2067 723 2105 Plutarchi
745 2069 781 2105 in
801 2069 929 2106 Perici.
949 2081 1034 2119 pag.

373 2125 453 2162 167
480 2123 523 2162 E.
561 2124 613 2171 (c.
640 2126 694 2165 28
722 2126 804 2172 sin.)
833 2126 949 2162 Cicer.
986 2126 1034 2161 ad

370 2180 441 2223 Qu.
454 2180 512 2216 Fr.
525 2181 552 2227 Ι,
571 2183 606 2227 1,
619 2183 654 2220 8.
671 2202 720 2208 -
742 2181 855 2219 Paulo
868 2187 952 2232 post
966 2195 1033 2231 pro

370 2233 432 2282 ὥς
457 2233 562 2275 εἰκό
578 2252 597 2282 ς
619 2250 639 2274 e
658 2236 756 2275 Flor.
777 2251 858 2275 cum
878 2242 1032 2276 reccntt.

369 2293 453 2330 edd.
475 2293 619 2330 exhibui
640 2292 694 2340 ὥς
719 2290 837 2340 οἰκός.

426 2348 468 2387 οἷ
496 2346 560 2395 (δὲ,
594 2347 1030 2401 στρατεύομενοι]

366 2405 430 2455 qui
442 2404 576 2442 scilicet
594 2407 763 2444 mercede
776 2408 943 2443 conducti
955 2413 1031 2444 tum

366 2462 467 2511 apud
483 2461 749 2512 Aegyptiorum
772 2476 877 2512 reges
908 2469 1033 2512 poste-

366 2519 492 2564 riores,
523 2523 598 2555 tum
624 2523 754 2568 postea
780 2520 878 2570 apud
901 2520 1030 2557 Persas

364 2575 549 2625 stipendia
581 2575 783 2621 faciebant,
820 2576 1032 2613 mercenarii

368 2631 521 2678 milites,
553 2632 801 2681 stipendiarii,
834 2633 895 2681 qui
922 2645 1033 2682 supra

368 2692 544 2725 vocantur
563 2688 603 2727 οἱ
620 2687 848 2739 ἐπίκουροι,-
871 2689 913 2725 cf.
939 2693 1029 2725 nott.

369 2745 418 2782 ad
444 2743 509 2790 111,
534 2744 571 2785 4.
629 2744 682 2782 Ac
709 2745 852 2783 videtur
873 2744 1031 2783 Valcke-

369 2801 472 2838 nario
498 2814 569 2838 vox
594 2797 896 2852 στρατευόμενοι
925 2814 944 2839 e
970 2815 1032 2838 su-

370 2858 573 2909 perioribus
595 2858 689 2898 male
707 2859 764 2897 hie
782 2859 949 2910 repetita,
969 2859 1031 2908 qui

1101 1474 1273 1514 Τοῦτον
1313 1469 1392 1512 τὸν
1431 1473 1704 1513 Συλοσῶντα

1214 1540 1364 1597 λαβών
1407 1542 1589 1596 χλανίδα
1628 1542 1703 1584 καὶ

1092 1727 1189 1764 idem
1210 1725 1334 1772 verba,
1361 1724 1411 1765 οἷ
1428 1722 1490 1773 δὲ,
1505 1738 1600 1763 nunc
1618 1726 1653 1762 in
1674 1730 1758 1765 tex-

1092 1789 1169 1821 tum
1200 1788 1361 1833 recepta,
1392 1795 1414 1820 a
1440 1788 1643 1820 correctore
1670 1796 1758 1834 pro-

1092 1841 1187 1878 fecta
1203 1840 1397 1877 existimat.
1429 1838 1511 1889 lpse
1532 1852 1620 1876 vero
1639 1838 1758 1877 locum

1093 1898 1144 1934 sic
1174 1897 1342 1934 constitui
1371 1897 1465 1933 vult:
1510 1891 1601 1934 κατ’
1635 1894 1757 1946 ἔμπο-

1094 1954 1201 2004 ρίην,
1233 1951 1571 2004 στρατευομένοις,
1590 1952 1647 1990 vel
1666 1948 1756 1992 κατ’

1093 2010 1289 2061 ἐμπορίην
1315 2006 1652 2061 στραγγευόμενοι.

1148 2069 1342 2105 Συλοσῶν
1370 2064 1393 2105 ὁ
1419 2063 1612 2116 Αἰάκεος]
1647 2067 1756 2103 conf.

1091 2124 1140 2171 ΙΙ,
1164 2126 1243 2164 182
1263 2129 1298 2160 et
1321 2123 1382 2169 ΙΙΙ,
1402 2125 1468 2164 39.
1494 2145 1550 2151 —
1571 2122 1650 2161 coil.
1664 2123 1756 2159 Dio-

1091 2194 1176 2229 gen.
1196 2180 1384 2217 Labrtium
1403 2179 1496 2225 11‚5.
1537 2179 1630 2216 Hinc
1644 2179 1753 2216 etiam

1090 2237 1299 2286 Sylosontis
1324 2236 1436 2282 filius,
1466 2236 1528 2284 qui
1548 2236 1642 2285 patri
1670 2241 1755 2285 post

1091 2294 1275 2339 succeseit,
1294 2293 1425 2329 Aeaces
1443 2297 1592 2328 vocatur
1610 2291 1671 2336 Vi,
1693 2295 1754 2333 13.

1090 2349 1152 2396 lV,
1184 2351 1273 2390 138.
1315 2348 1373 2386 De
1394 2361 1467 2397 quo
1494 2348 1598 2398 plura
1617 2348 1754 2385 Panos-

1089 2406 1157 2443 ka:
1188 2405 1360 2442 Samiorr.
1379 2405 1454 2441 Res
1475 2417 1511 2454 p.
1534 2404 1587 2445 46
1611 2417 1680 2454 sq„
1710 2418 1754 2443 ac

1089 2463 1136 2499 de
1159 2462 1237 2511 ipso
1254 2461 1448 2510 Sylosonte
1469 2474 1504 2510 p.
1523 2461 1576 2502 45
1596 2475 1651 2510 sq.
1693 2461 1752 2499 Ad

1088 2531 1216 2555 vocem
1246 2516 1434 2567 κατέλαβε
1460 2518 1496 2554 in
1517 2530 1595 2567 seq.
1619 2518 1664 2555 cf.
1689 2518 1751 2565 ΙΙΙ,

1089 2576 1145 2616 42
1165 2575 1287 2623 ibique
1308 2579 1400 2611 nott.

1146 2627 1281 2680 λαβών
1304 2628 1493 2680 χλανίδα]
1531 2630 1665 2681 χλανίς
1695 2631 1752 2667 di-

1088 2688 1237 2725 cebatur
1271 2689 1384 2724 tenuis
1428 2690 1556 2733 vestis,
1606 2687 1752 2724 laenula

1088 2744 1225 2780 mollior
1242 2757 1285 2780 ac
1305 2746 1438 2781 tenuior
1460 2744 1654 2781 sublilioris
1673 2743 1751 2794 ple·

1087 2814 1240 2850 rumque
1275 2800 1401 2849 lanae,
1451 2801 1611 2850 indeque
1639 2801 1749 2838 etiam

1087 2859 1232 2895 maioris
1259 2858 1388 2909 pretii,
1417 2857 1562 2908 qualem
1583 2857 1748 2896 homines
