1904 3304
446 271 1016 312 MELPOMENE.

1078 275 1138 312 lV.
1343 278 1423 318 531

154 385 370 438 Καλλίστῃ
420 387 473 439 τῇ
513 381 625 439 αὐτῇ
661 380 823 438 ταύτῃ,
871 380 1085 438 α’πόγονοι
1129 384 1422 440 Μεμβλιάρεω

123 458 232 498 5τοῠ
270 455 503 507 Ποικίλεω,
544 452 708 508 ἀνδρός
750 454 971 504 Φοίνικος.

1040 452 1223 509 Κάδμος
1262 454 1347 511 γάρ
1391 455 1477 499 650

145 523 400 580 Ἀγήνορος,
450 525 678 581 Εὐρώπην
718 523 963 580 διζήμενος,
1013 526 1224 581 προσέσχε
1258 526 1301 578 ἐς
1339 527 1419 584 τήν

147 599 231 638 νῦν
263 595 415 652 Θήρην
445 597 731 652 καλεομένην·
774 594 1010 650 προσχόντι
1040 596 1086 639 δὲ
1117 598 1199 639 εἴτε
1229 595 1285 654 δή
1315 600 1360 642 οἱ
1388 598 1416 654 ἡ

145 666 263 723 χώρη
293 667 440 723 ἤρεσε,
472 671 553 712 εἴτε
584 669 657 711 καὶ
687 667 825 717 ἄλλως
859 665 1044 722 ἠθέλησε
1075 671 1253 723 ποιῆσαι
1272 672 1416 720 τοῦτο,

144 740 391 781 καταλείπει
429 737 514 794 γὰρ
553 738 600 782 ἐν
639 743 692 796 τῇ
728 737 846 796 νήσῳ
881 737 1018 793 ταύτῃ
1059 736 1221 790 ἄλλους
1253 756 1296 782 τε
1324 744 1415 783 τῶν

88 878 195 915 detur
214 877 369 915 Miillero
390 877 603 916 Herodotea
622 891 748 916 narra-

85 935 158 980 tio,
199 934 253 972 vel
273 935 391 983 magis
416 947 540 973 carere
564 935 747 973 existima-

87 991 209 1027 verim.

141 1042 412 1097 Ilstnfflta'psco
437 1048 510 1085 τοῦ
533 1046 744 1093 Ποικίλεω,

84 1097 228 1154 ἆνόρὸς
268 1102 481 1153 Φοίνικος]
533 1100 745 1154 Μεμβλιά-

85 1174 160 1210 ρεω
191 1172 339 1209 quoque
369 1160 406 1196 in
437 1159 558 1196 Schol.
587 1161 634 1197 ad
657 1160 744 1197 Pin-

84 1217 161 1253 dar.
192 1216 300 1265 Pytli.
329 1216 399 1261 lv,
433 1217 498 1255 88.
558 1212 607 1252 At
630 1219 745 1266 Meu-

84 1271 256 1323 βριᾶρεω
298 1271 406 1308 affert
439 1273 620 1309 Sancrofti
654 1273 745 1310 liber

91 1330 127 1365 in
154 1329 294 1365 Herod.
317 1328 379 1374 IV,
414 1328 514 1375 148,
551 1329 744 1379 probatum

82 1385 268 1422 Bocharto
293 1385 351 1421 De
380 1384 572 1422 Phoenice.
598 1386 742 1423 colonn.

83 1441 112 1487 l,
137 1442 209 1486 15,
239 1441 410 1490 quoniam
431 1440 500 1478 hoc
518 1442 740 1479 commodius

81 1497 304 1534 Phoenicum
331 1510 351 1534 e
379 1497 502 1545 lingua
530 1498 683 1535 derivari
705 1505 742 1536 et

81 1553 250 1603 explicari
277 1553 403 1603 possit.
452 1553 595 1592 Miiller.
615 1554 636 1591 l.
656 1554 677 1590 l.
703 1568 738 1605 p.

80 1611 162 1651 326
181 1622 315 1646 nomen
336 1610 470 1647 ducere
492 1610 568 1647 vult
592 1623 613 1648 a
641 1610 737 1661 με’μ-

80 1666 224 1716 βλομαι
254 1670 290 1703 et
322 1662 441 1716 ἄρος,
479 1671 519 1703 ut
552 1667 600 1704 sit
628 1667 737 1704 lucri-

73 1726 166 1772 peta.
215 1722 301 1759 Hoc
330 1722 411 1759 loco
435 1723 618 1760 Sancrofti
648 1724 739 1761 liber

79 1779 226 1817 exhibet
243 1774 470 1830 ΙΡΙεβλάρεω
493 1786 530 1817 et
554 1781 662 1830 paulo
684 1781 738 1817 in-

77 1837 189 1872 ferius
210 1835 459 1887 VMefflz'ctoov.
518 1836 627 1874 Hunc
650 1850 736 1875 vero

76 1891 356 1938 Membliarum,
385 1905 493 1942 quem
520 1893 651 1931 Cadmi
676 1907 737 1931 co-

78 1952 230 1996 gnatum
250 1947 390 1985 Noster
407 1950 514 1996 dicit,
554 1950 601 1987 de
628 1950 736 2001 plebe

77 2005 190 2041 fuisse
222 2001 369 2054 (ἄνδρα
390 2007 460 2044 τοῦ
483 2000 630 2055 δήμου)
651 2007 736 2044 scri-

77 2061 132 2097 bit
149 2061 304 2097 Pausan.
324 2061 386 2107 1¹1,
415 2064 430 2101 l
458 2059 494 2111 ὃ.
519 2065 543 2102 7
580 2076 735 2112 eamque

77 2116 195 2167 ipsam
217 2117 264 2153 ob
283 2130 425 2154 causam
449 2131 617 2167 sperasse
631 2119 734 2156 The-

76 2186 166 2219 ram,
197 2174 287 2220 fore,
317 2179 354 2210 ut
374 2173 575 2211 Membliari
597 2176 735 2225 posteri

75 2229 179 2267 facile
196 2229 288 2279 ipsi,
327 2231 388 2279 qui
415 2243 530 2279 genus
555 2244 658 2268 suum
686 2232 734 2268 ad

76 2286 256 2322 Cadmum
272 2286 442 2333 referret,
474 2288 663 2338 imperium
678 2288 733 2324 in·

77 2341 176 2379 sulae
202 2343 385 2382 cederent.
445 2343 577 2392 Quod,
608 2345 732 2394 paucis

77 2411 155 2434 cum
178 2399 367 2436 comitibus
384 2400 460 2437 sive
481 2399 618 2437 colonis
640 2414 732 2449 quo-

77 2455 187 2490 modo
221 2456 409 2504 acquirere
440 2458 604 2507 potuerit
632 2458 734 2495 The-

14 2508 17 2515 ”
76 2521 147 2555 ras,
173 2523 253 2547 cum
273 2512 424 2562 intelligi
445 2519 619 2562 nequeat,
640 2513 734 2550 Lar-

77 2565 203 2603 cherus
250 2568 447 2614 existimat,
500 2570 732 2608 Herodotum

75 2621 144 2658 hoc
163 2635 273 2658 unum
294 2623 413 2663 dicere
427 2626 595 2674 voluisse,
615 2627 732 2664 Mem-

75 2677 178 2714 bliari
222 2681 434 2728 progeniem
477 2684 624 2720 omnino
667 2696 735 2734 per

77 2738 159 2770 octo
201 2732 338 2784 γενεας
379 2749 531 2786 regnum
571 2741 732 2778 tenuisse

76 2795 162 2827 ante
184 2790 331 2829 Therae
351 2792 423 2828 scil.
444 2795 658 2842 adventum3
681 2797 731 2834 ita

76 2853 115 2882 ut
143 2859 214 2895 quo
245 2853 409 2898 tempore
444 2849 502 2887 ille
539 2854 732 2890 accesserit

75 2903 303 2953 insulamque
322 2906 528 2955 occuparit,
557 2919 632 2945 non
652 2921 729 2946 am-

803 875 898 927 plius
924 888 1076 924 regnum
1110 877 1273 915 tenuisse
1303 882 1469 929 putanda

803 933 865 980 sit,
896 932 973 969 sive
992 933 1090 981 quod
1112 934 1293 971 exstincta
1315 949 1468 986 prorsus

801 989 931 1034 suerit,
968 989 1043 1025 sive
1063 989 1163 1038 quod
1185 992 1325 1040 regiam
1347 993 1468 1042 digni-

800 1050 913 1083 tatem
945 1044 1068 1094 aliquo
1100 1046 1211 1082 modo
1247 1047 1345 1085 haud
1379 1051 1466 1086 satis

800 1103 949 1151 cognito
967 1102 1138 1139 amiserit.
1170 1104 1227 1141 Cf.
1239 1103 1336 1142 Tab.
1350 1106 1467 1143 Chro-

800 1158 924 1207 nolog.
945 1172 982 1209 p.
1007 1160 1100 1198 336.

856 1212 1048 1266 προσέσχε
1071 1213 1110 1260 ἐς
1129 1212 1204 1266 τήν
1223 1218 1300 1255 νῦν
1321 1232 1355 1256 κ.
1369 1233 1400 1255 τ.
1414 1216 1464 1268 λ.]

801 1270 862 1308 Ad
880 1270 980 1309 verbi
998 1269 1206 1322 προσέχειν
1225 1273 1458 1322 significatio-

801 1341 885 1366 nem
902 1328 997 1365 conf.
1016 1332 1109 1365 nott.
1131 1329 1179 1365 ad
1203 1329 1266 1376 IV,
1286 1332 1339 1370 76
1362 1336 1398 1368 et
1418 1331 1465 1369 de

801 1385 981 1435 scriptura
1004 1380 1218 1436 προσχόντι
1243 1391 1336 1424 nott.
1359 1388 1407 1424 ad
1432 1388 1464 1435 Ι,

800 1443 838 1482 2.
869 1441 955 1485 Quo
977 1440 1056 1478 loco
1075 1441 1235 1480 fabulam
1255 1443 1303 1480 de
1313 1442 1464 1494 Europa

799 1501 910 1547 atque
952 1498 1095 1534 Cadmo
1145 1499 1216 1536 iam
1259 1500 1464 1549 attigimuS,

798 1566 866 1591 nec
914 1566 1003 1591 sane
1053 1553 1291 1604 intelligimus
1307 1584 1318 1602 ,
1387 1570 1461 1606 quo

796 1610 894 1656 iure,
979 1609 1167 1647 Herodoti
1225 1613 1336 1649 modo
1389 1612 1461 1650 ulla

796 1670 869 1704 stet
891 1666 1006 1712 fides,
1039 1666 1221 1705 Cadmum
1241 1668 1460 1707 Phoenicem

794 1724 908 1760 fuisse
927 1735 1126 1772 negemus,
1168 1725 1231 1773 qui
1251 1737 1295 1763 ex
1320 1726 1462 1763 oriente

794 1780 968 1817 advectus
1002 1780 1040 1817 in
1067 1780 1261 1819 Graeciam
1299 1781 1460 1819 colonias

794 1837 1000 1874 deduxerit.
1032 1836 1114 1873 Nec
1133 1849 1223 1876 sane
1246 1838 1315 1876 hoc
1334 1852 1461 1890 respe-

793 1894 889 1930 xisse
918 1893 1060 1930 videtur
1079 1893 1122 1930 C.
1144 1894 1192 1931 Ο.
1219 1894 1362 1933 Miiller.
1384 1897 1458 1933 Or-

794 1949 957 1986 chomen.
979 1962 1015 1999 p.
1040 1952 1119 1990 113
1138 1962 1264 2000 seqq.,
1288 1951 1362 1997 ubi,
1382 1954 1460 1989 vul-

792 2006 870 2055 gari
906 2006 953 2042 de
997 2005 1050 2042 his
1088 2008 1270 2044 sententia
1309 2008 1458 2054 reiecta,

793 2062 973 2098 Cadmum
1000 2074 1068 2112 pro
1096 2061 1336 2111 Pelasgorum
1360 2063 1458 2112 Tyr-

791 2118 987 2155 rhenorum
1024 2119 1171 2156 numine
1206 2119 1334 2157 haberi
1367 2121 1455 2157 vult.

790 2174 838 2211 At
864 2173 951 2211 mihi
980 2175 1103 2224 potior
1121 2174 1307 2213 Herodoti
1329 2184 1455 2214 aucto-

790 2231 888 2267 ritas.

845 2286 1071 2326 καταλείπει
1091 2284 1164 2339 γοῖρ
1184 2302 1220 2325 κ.
1231 2302 1262 2326 τ.
1275 2289 1322 2338 λ.]
1346 2289 1454 2326 Stru-

791 2347 913 2381 cturae
956 2338 1262 2383 ἆνακολουθίαν
1280 2374 1293 2392 ,
1344 2358 1452 2394 quam

790 2412 865 2437 non
887 2400 1110 2451 perspiciens
1130 2402 1273 2450 Steger.
1292 2401 1450 2439 Praefat.

789 2469 876 2507 pag.
898 2457 968 2494 XV
987 2470 1056 2507 pro
1084 2454 1159 2510 γὰρ
1182 2459 1312 2508 reponi
1339 2458 1452 2496 voluit

791 2509 881 2563 ἄρ’,
917 2515 1061 2551 notavit
1082 2514 1216 2552 Matth.
1237 2514 1302 2552 Gr.
1322 2515 1388 2552 Gr.
1410 2528 1448 2564 p.

793 2568 913 2610 1242.
960 2569 1133 2620 Namque
1163 2584 1230 2622 pro
1262 2567 1448 2623 προσχῶν

789 2626 1004 2664 Herodotus
1043 2628 1188 2678 scripsit
1235 2625 1449 2680 προσχόντι

790 2683 838 2720 ad
859 2683 1020 2721 dativum
1039 2682 1082 2722 οἱ
1096 2684 1290 2734 respiciens
1311 2689 1347 2722 et
1368 2689 1448 2721 tan-

788 2752 898 2789 quam
926 2739 1096 2777 absoluta
1132 2744 1228 2778 esset
1267 2741 1448 2778 sententia

788 2795 1139 2846 explicationemque
1168 2796 1327 2846 aliquam
1349 2797 1446 2834 desi-

788 2853 945 2901 deraret,
977 2848 1052 2904 γᾶρ
1071 2853 1213 2890 addidit
1228 2861 1314 2903 post
1331 2868 1447 2892 κατα-

786 2909 924 2948 λείπει.
965 2909 1024 2947 Cf.
1045 2908 1226 3004 lV‚41*49.
