1904 3304
438 227 523 268 350

411 336 524 393 Ξτήν
550 338 655 393 γῆν,
683 334 813 379 οὐδὲν
847 334 1108 391 σιτεόμενος.

438 407 591 463 βόρεοι
648 406 879 462 ἄνθρωποι
899 439 910 458 ,

385 563 553 606 τοῦτον,
594 559 692 608 quod
732 559 849 608 ipsum
892 557 977 594 olim
1017 558 1053 594 in

389 622 550 655 mentem
572 622 723 653 venerat
744 615 887 663 Pawio)
913 626 1054 652 memo-

390 686 491 712 rasse
514 672 682 709 sufficiat.

449 730 506 767 De
525 729 698 766 Abaridz‘s
721 731 844 765 aetate
873 728 932 764 vix
966 726 1054 764 certi

392 786 482 836 quid
526 786 745 822 constituere
785 783 877 821 licet.
936 784 1054 827 Quem

393 842 523 881 Croesi
543 841 731 891 aequalem
751 841 836 877 facit
852 840 1055 883 Pindarus,-

394 899 621 947 Hieronymo
641 903 790 935 auctore
812 897 966 941 (Chron.
980 896 1055 933 Eu-

396 956 475 993 seb.
507 955 567 992 lib.
592 959 688 1005 post.
716 967 750 1003 p.
785 952 906 1002 126),
946 965 1056 1001 quem

396 1013 564 1060 sequitur
599 1010 769 1048 Schultze
809 1011 845 1046 in
876 1013 1056 1059 Apparat.

394 1069 471 1106 crit.
505 1080 592 1118 pag.
613 1069 666 1107 38
699 1065 779 1117 (ubi
798 1066 937 1114 reliqua
954 1071 1057 1102 vete-

393 1137 472 1161 rum
523 1123 726 1161 afferuntur
763 1122 968 1159 testimonia
1011 1122 1058 1159 de

394 1179 579 1227 Abaride)
601 1179 658 1217 ille
679 1193 698 1216 e
719 1178 869 1227 Scythia
888 1178 922 1213 in
940 1178 1057 1215 Grae-

394 1238 486 1274 ciam
499 1240 644 1273 venisse
655 1235 837 1285 putandus
850 1234 1059 1283 estOlymp.

394 1292 508 1344 LIV}-
537 1305 565 1329 ε.
598 1293 679 1333 562
713 1304 735 1327 a
761 1291 846 1328 Chr.
876 1303 910 1326 n.
950 1291 1058 1327 Conf.

394 1349 538 1386 Fabric.
562 1348 655 1385 Bibl.
673 1348 740 1384 Gr.
764 1347 881 1397 lpag.
906 1349 953 1385 11
979 1359 1058 1395 seq.

397 1405 524 1456 Ipsum
537 1405 734 1442 Abaridem
751 1404 966 1453 prophetam
983 1403 1060 1441 sive

395 1466 517 1499 vatem
539 1462 676 1507 dicunt,
705 1460 767 1509 qui
790 1460 913 1496 divino
933 1460 1061 1510 spiritu

399 1523 611 1569 correptus,
659 1518 947 1562 incantationes,
997 1516 1063 1564 hy-

399 1587 505 1612 mnos
536 1574 661 1611 fecerit
688 1574 735 1609 ad
756 1573 857 1610 initia
876 1572 1062 1609 celebran-

401 1631 450 1668 da
484 1630 787 1680 expiationesque
817 1628 1063 1679 peragendas,

400 1688 464 1736 qui
483 1691 645 1737 pestem,
668 1687 799 1722 famem
812 1713 823 1731 ‚
858 1684 946 1722 alias
965 1684 1062 1721 cala-

401 1743 550 1780 mitates
570 1741 750 1792 depulerit
773 1741 980 1778 Graecosve
999 1753 1062 1776 va-

402 1799 674 1836 ticinationibus
699 1797 1064 1846 aliisqueconimodis

404 1856 597 1893 adiuvarit.
628 1855 685 1892 De
698 1867 771 1903 quo
784 1866 880 1903 quae
890 1866 1064 1891 enarran-

404 1917 474 1958 tur,
494 1912 697 1961 disquisivit
716 1911 886 1948 Creuzer.
901 1909 1064 1958 Symbol.

403 1969 437 2005 Il
465 1982 500 2018 p.
534 1969 611 2009 142
645 1988 699 1996 —
733 1967 822 2008 146.
870 1968 1066 2015 Sagittam,

403 2037 499 2074 quae
538 2023 689 2061 Abaridi
729 2024 922 2069 tribuitur,
975 2023 1066 2059 mira

403 2081 563 2130 quadam
587 2081 637 2127 vi,
659 2092 776 2128 eaque
796 2080 936 2129 magica
955 2092 1064 2128 prae-

405 2138 542 2184 ditam,
583 2150 664 2174 cum
691 2137 830 2182 Runis,
869 2148 964 2185 quae
1000 2148 1066 2171 vo-

405 2198 559 2240 cantur,
598 2193 655 2230 ille
684 2193 887 2230 contendit:
929 2192 1066 2242 quippe

405 2251 537 2299 quibus
557 2253 595 2287 et
612 2249 701 2300 ipsis
720 2262 864 2286 omnem
879 2249 1065 2295 medendi,

402 2306 647 2351 vaticinandi,
699 2306 908 2342 incantandi
953 2309 1066 2342 artem

407 2363 582 2399 contineri
609 2361 757 2407 volunt3
797 2366 837 2398 ut
864 2374 974 2408 sane,
1008 2361 1063 2397 his

407 2419 470 2468 qui
512 2419 706 2454 instructus
734 2419 804 2463 sit,
846 2419 875 2454 is
905 2417 1065 2454 omnium

407 2476 484 2512 sere
517 2487 635 2511 rernm
677 2478 713 2511 et
754 2474 999 2523 cognitionem
1029 2477 1066 2510 et

409 2530 618 2568 facultatem
646 2530 779 2567 habere
802 2530 986 2579 putandus
1008 2531 1065 2566 sit.

413 2588 540 2636 Itaque
557 2586 725 2624 Abaridis
746 2587 811 2623 sub
828 2599 985 2637 persona
1007 2599 1069 2622 ex-

413 2643 531 2681 hiberi
550 2644 821 2693 quodammodo
841 2656 983 2679 omnem
1003 2643 1070 2678 do—

414 2701 564 2738 ctrinam
594 2699 903 2750 sapientiamque,
934 2700 989 2738 ad,
1010 2711 1070 2734 sa-

414 2770 475 2795 cra
505 2757 659 2794 maxime
682 2756 944 2806 pertinentem,
978 2767 1072 2803 quae

414 2826 438 2851 a.
484 2813 693 2862 regionibus
730 2810 1071 2862 septentrionalibus

417 2870 492 2908 sive
530 2869 764 2907 orientalibus
802 2869 838 2905 in
878 2868 1069 2905 Graeciam

838 225 1303 266 HERODOTI

1160 336 1216 380 Εἰ
1243 335 1288 378 δέ
1319 335 1399 378 εἰσί
1429 350 1541 386 τινες
1559 332 1707 389 ’Τπερ-

981 407 1063 450 εἰσὶ
1120 406 1194 450 καὶ
1258 403 1511 461 ὑπερνότιοι
1567 404 1705 449 ἄλλοι.

1109 556 1209 593 illata
1246 557 1371 606 ibique
1408 561 1614 607 propagata
1643 555 1767 602 suerit,

1109 614 1160 650 ita
1190 617 1231 649 ut
1259 613 1338 663 ipsa
1373 613 1420 650 de
1452 613 1612 650 Abaride
1645 611 1767 649 sabula

1110 670 1239 707 eodem
1276 674 1441 719 spectare
1471 669 1654 715 videatur,
1693 680 1766 716 quo

1110 726 1231 763 fabula
1254 726 1301 762 de
1313 725 1560 775 Hyperboreis
1574 723 1770 775 Apollinis-

1112 796 1185 832 que
1207 781 1316 827 cultu,
1335 795 1402 831 per
1412 781 1521 818 hosce
1531 781 1565 817 in
1577 781 1769 819 Graeciam

1113 838 1255 885 delam,
1289 839 1364 875 sive
1391 838 1439 874 ad
1469 838 1714 874 introductum
1731 836 1769 873 in

1113 895 1305 932 Graeciam
1314 894 1492 944 Apollinis
1512 893 1647 930 cultum
1667 906 1686 931 e
1705 894 1772 929 bt>-

1114 951 1270 988 realibus
1289 951 1506 999 regionibus,
1539 950 1682 993 Quibus
1704 949 1770 986 Cr.

1114 1008 1205 1045 haec
1214 1008 1425 1057 adscripsit:
1448 1008 1673 1056 „Comparat
1683 1005 1773 1042 haee

1115 1065 1162 1101 de
1176 1063 1336 1101 Aharide
1354 1064 1488 1100 tradita
1507 1076 1586 1100 cum
1599 1062 1772 1099 similibus

1113 1120 1246 1157 fabulis
1297 1121 1554 1157 Britannorum
1609 1124 1772 1156 veterum

1115 1176 1342 1225 aliorumque
1375 1175 1591 1227 populorum
1625 1180 1775 1225 septen-

1115 1232 1324 1269 trionalium
1380 1233 1497 1269 editor
1544 1230 1775 1268 Wartoniani

1115 1290 1234 1338 operis
1254 1289 1335 1325 The
1363 1288 1502 1338 history
1528 1289 1571 1324 of
1591 1287 1653 1324 the
1672 1286 1777 1335 Eng-

1115 1345 1183 1382 lish
1211 1350 1352 1396 poetry.
1392 1343 1654 1385 Lond.1824.
1684 1343 1774 1381 Pre-

1114 1403 1195 1440 sace
1215 1414 1299 1452 pag.
1320 1405 1384 1443 62.
1389 1403 1414 1421 “

1175 1458 1210 1496 εἰ
1235 1459 1276 1496 δέ
1304 1457 1380 1496 εἰσί
1399 1472 1504 1504 τινες
1522 1451 1777 1508 ’Τπεοβὸρεοι

1120 1511 1345 1565 ἅνθρωποι,
1372 1513 1445 1552 εἰσι
1463 1512 1529 1552 καὶ
1550 1508 1777 1563 ὖπεονότιοι

1120 1568 1254 1620 ἄλλοι]
1290 1571 1361 1614 Qui
1393 1571 1461 1607 hoc
1490 1582 1532 1607 ex
1560 1570 1639 1606 loco
1659 1568 1777 1617 colligi

1118 1627 1268 1673 volunt,
1297 1627 1525 1664 Herodotum
1543 1626 1689 1662 omnino
1709 1625 1778 1661 du-

1119 1685 1276 1729 bitasse,
1308 1696 1392 1720 num
1421 1682 1492 1720 ulla
1524 1694 1683 1731 unquam
1713 1693 1777 1718 ex-

1121 1741 1251 1777 stiterit
1292 1740 1613 1789 Hyperboreorum
1664 1737 1777 1785 natio,

1120 1798 1162 1834 iis
1191 1797 1362 1845 equidem
1391 1795 1564 1832 accedere
1593 1807 1667 1830 non
1691 1805 1779 1844 pos-

1122 1866 1199 1890 sum
1240 1850 1351 1903 (conf.
1392 1852 1498 1888 etiam
1528 1851 1696 1888 Perizon.
1732 1849 1779 1886 ad

1123 1908 1262 1946 Aelian.
1290 1909 1331 1945 V.
1355 1908 1404 1945 H.
1430 1908 1483 1952 ll,
1514 1909 1567 1947 26
1597 1912 1634 1945 et
1660 1906 1779 1943 Schu-

1122 1967 1213 2002 bart.
1240 1964 1261 2001 l.
1292 1964 1313 2001 l.
1333 1978 1417 2015 pag.
1439 1966 1533 2011 28),
1563 1977 1641 2001 cum
1662 1963 1782 2000 Hero—

1122 2023 1232 2058 dotus
1273 2021 1364 2058 tales
1401 2021 1510 2057 modo
1551 2025 1662 2069 neget
1701 2030 1782 2056 esse

1122 2078 1398 2129 Hyperboreos,
1420 2077 1545 2126 quales
1564 2081 1697 2126 poetae
1719 2080 1781 2112 aut

1122 2134 1325 2172 tabularum
1370 2138 1602 2172 enarratores
1645 2144 1783 2169 memo-

1123 2204 1223 2228 rasse
1259 2191 1450 2236 videntur,
1500 2189 1592 2226 ultra
1625 2189 1781 2225 Boream

1125 2252 1271 2285 ventum
1304 2247 1376 2284 scil.
1409 2248 1518 2287 sitos;
1561 2246 1598 2282 id
1631 2244 1729 2293 quod
1760 2256 1782 2280 a

1124 2317 1242 2341 rerum
1297 2308 1425 2340 natura
1469 2301 1562 2352 patri
1609 2300 1782 2337 historiae

1124 2373 1243 2410 aeque
1262 2360 1457 2396 abhorrere
1478 2359 1592 2394 visum
1614 2362 1669 2393 est
1689 2368 1732 2393 ac
1752 2356 1782 2392 si

1124 2418 1205 2465 quis
1234 2416 1396 2452 homines
1425 2414 1515 2451 ultra
1536 2418 1685 2450 ventum
1705 2425 1781 2450 me-

1124 2472 1337 2509 ridionalem
1378 2469 1668 2520 (Hypernotios)
1715 2468 1783 2505 fin-

1125 2542 1212 2578 gere
1223 2528 1340 2574 vellet,
1350 2541 1427 2564 cum
1436 2526 1481 2563 H
1475 2526 1656 2576 yperborei
1662 2526 1783 2575 potius

1128 2585 1384 2635 perhibeantur
1436 2585 1586 2619 mai-ime
1634 2581 1785 2619 boreales

1128 2642 1304 2686 homines,
1326 2641 1347 2676 i.
1359 2653 1391 2677 e.
1411 2641 1692 2689 septentrionem
1703 2651 1786 2675 ver*-

1128 2710 1187 2734 sus
1212 2699 1364 2734 maxime
1384 2696 1612 2742 habitantes,
1642 2694 1784 2745 Hyper-

1127 2755 1219 2790 notia·
1255 2758 1374 2790 autem
1415 2753 1462 2798 ii,
1502 2753 1564 2801 qui
1604 2756 1780 2789 extremas

1126 2815 1244 2847 terrae
1263 2809 1506 2846 meridionalis
1523 2821 1605 2846 oras
1618 2806 1781 2845 incolant.

1127 2866 1248 2903 Multa
1281 2866 1374 2904 hanc
1407 2867 1443 2903 in
1481 2878 1557 2903 rem
1592 2865 1782 2915 disputans
