1904 3304
400 222 485 262 382

792 221 1268 261 HERODOTI

396 328 539 386 χώρης
553 326 824 386 Ὀμβρίκων,
856 329 1029 385 Κάρπις
1044 330 1261 388 ποταμός,
1289 330 1363 375 καὶ
1381 329 1669 383 ἄλλος”Αλπις

399 400 623 456 ποταμὸς,
663 400 775 456 πρὸς
811 402 955 458 βορῆν
996 401 1167 456 ῥέοντες
1196 400 1383 458 ἄνεμον,
1429 403 1504 446 καὶ
1545 397 1670 446 οὗτοι

370 471 630 515 5ἐκδιδοῦσι
663 471 706 522 ἐς
748 470 898 515 αὐτόν.
959 471 1047 528 ῥέει
1088 472 1172 528 γὰρ
1213 473 1266 529 δὴ
1306 472 1378 516 διοέ
1417 473 1557 530 πάσης
1593 478 1670 530 τῆς

399 540 620 597 Εὐρώπης
650 542 672 586 ὁ
692 542 885 597 Ἴστρος,
919 541 1161 600 ἀρξάμενος
1188 543 1235 587 ἐκ
1258 547 1454 595 Κελτῶν,
1486 548 1530 588 οἳ
1552 545 1670 600 ἔσχα-

398 629 467 656 τοι
496 612 607 668 πρὸς
635 611 765 670 ἡλίου
797 614 997 670 δυσμέων
1015 615 1119 671 μετὰ
1140 613 1345 671 Κύνητας
1369 615 1561 659 οἰκέουσι
1581 620 1727 660 τῶν3ο

401 685 449 728 ἐν
477 689 529 740 τῇ
561 683 782 742 Εὐρώπῃ·
828 686 943 741 ῥέων
973 687 1019 730 δὲ
1050 686 1121 730 διὰ
1151 686 1291 743 πάσης
1330 691 1405 743 τῆς
1434 685 1669 742 Εὐρώπης,

343 947 411 980 rat.
464 943 549 987 Quo
578 947 702 980 tamen
738 944 815 981 iure
844 943 1004 981 Umbros

342 1000 390 1037 ab
423 1000 618 1036 Herodoto
660 1000 708 1036 ad
736 1001 886 1036 Adriam
918 1000 1005 1050 poni

343 1061 481 1094 asserat
503 1057 669 1093 Bredow.
692 1057 848 1107 Specim.
865 1057 1004 1105 Geogr.

342 1117 381 1151 et
393 1113 593 1162 Uranolog.
609 1113 748 1150 Herod.
768 1126 854 1163 pag.
870 1112 1006 1158 xxiv,

341 1169 513 1218 equidem
533 1183 607 1206 non
627 1169 802 1218 intelligo,
842 1171 1008 1216 Rectius,

342 1227 476 1276 opinor
489 1253 499 1272 ,
521 1225 699 1263 Niebuhr.
713 1227 820 1263 Rom.
835 1226 970 1263 Gesch.
992 1225 1007 1262 I

344 1295 429 1333 pag.
460 1283 514 1322 98
551 1280 665 1332 [pag.
696 1283 773 1323 149
801 1283 859 1319 ed.
889 1282 1007 1332 sec.]‚

344 1351 456 1388 quem
481 1337 549 1376 Cr.
571 1339 714 1385 citavit,
743 1343 894 1386 monet,
916 1339 1009 1376 Um-

344 1395 446 1433 briae
476 1408 611 1433 nomen
642 1395 741 1446 apud
767 1395 930 1433 Graecos
956 1395 1010 1432 la-

345 1451 419 1490 tius
446 1456 573 1502 patere
608 1451 694 1490 inde
728 1464 750 1488 a
783 1453 864 1489 sinu
901 1453 1011 1489 maris

345 1508 550 1546 Hadriatici
577 1509 862 1558 septentrionem
885 1513 922 1545 et
949 1522 1009 1545 oc-

344 1565 527 1602 cidentem
536 1577 661 1602 versus
675 1577 791 1614 usque
803 1566 851 1602 ad
864 1565 1009 1615 Alpium

345 1621 508 1667 radices,
545 1621 678 1658 finibus
710 1622 856 1659 minime
880 1621 1010 1658 defini-

345 1677 414 1723 tis,
462 1677 601 1727 quippe
644 1678 680 1714 in
720 1682 816 1715 terra
852 1678 1007 1715 Graecis

344 1746 492 1785 prorsus
538 1734 744 1783 incognita,
824 1734 1009 1772 Herodoti

345 1796 512 1841 tempora
552 1792 582 1827 si
614 1795 768 1841 spectes.
828 1791 889 1828 Tu
925 1792 1009 1828 vide

345 1847 395 1884 sis
416 1860 565 1897 quoque
582 1847 766 1885 Mannert.
786 1848 924 1897 Geogr.
942 1848 1008 1895 IX,

351 1906 371 1942 1
394 1916 479 1953 pag.
496 1906 578 1945 302
598 1916 676 1954 seq.
697 1903 779 1946 435
799 1917 874 1954 seq.
907 1904 1007 1941 C.O.

349 1959 491 1997 Miiller.
522 1960 685 1998 Etruscc.
709 1960 722 1997 1
744 1974 780 2011 p.
806 1965 886 2003 102
903 1973 1008 2010 seqq.

407 2012 629 2067 ἀρξάμενος
647 2016 689 2056 ἐκ
705 2018 878 2067 Κελτῶν]
900 2018 1010 2055 Cous.

349 2073 395 2121 ΙΙ,
413 2075 467 2114 33
487 2074 609 2123 ibique
631 2078 743 2121 nott„
774 2074 833 2111 ubi
858 2076 905 2112 de
925 2074 1011 2112 Cel-

348 2131 395 2167 tis
427 2143 523 2180 quae
552 2131 651 2168 dicta
680 2136 787 2178 sunt,
833 2132 877 2167 iis
913 2143 1011 2168 nune

347 2187 448 2225 adde
477 2187 526 2224 sis
561 2187 702 2238 Ephori
739 2188 908 2236 fragmm.
951 2189 1009 2225 ed.

349 2243 458 2281 Marx
487 2257 575 2294 pag.
608 2242 686 2285 145
718 2257 820 2293 seq.,
860 2249 1010 2282 notante

350 2299 382 2337 C
389 2313 416 2337 r.
427 2327 439 2346 ‚
468 2300 547 2336 coll.
567 2300 743 2338 Niebuhr.
755 2300 862 2338 Rom.
875 2301 1010 2339 Gesch.

348 2356 382 2393 11
404 2369 490 2406 pag.
511 2357 592 2398 575
625 2357 682 2393 ed.
707 2369 777 2394 sec.
827 2357 868 2393 ln
890 2370 1010 2406 seqq.,

348 2424 445 2462 quae
478 2425 521 2450 ex
540 2413 718 2450 Hecataei
748 2412 880 2450 Milesii
908 2413 1012 2451 Peri-

348 2471 411 2520 plo
426 2469 620 2519 deperdito
635 2470 793 2518 repetita
808 2470 883 2506 vult
893 2470 1010 2507 Klau-

349 2538 424 2563 sen.
445 2526 492 2562 ad
515 2525 825 2574 Hecat.s1·agmm.
849 2539 934 2576 pag.
956 2526 1005 2567 41

349 2595 447 2632 seq.‚
477 2583 587 2619 verba
611 2579 706 2632 μετοὲ
735 2577 922 2633 Κύνητας
946 2596 1010 2621 va-

347 2638 443 2677 lent:
477 2642 621 2688 praeter
644 2638 813 2689 Cynetes,
857 2642 1008 2690 exceptis

349 2695 562 2746 Cynetibtw,
601 2708 693 2745 quos
731 2695 876 2732 ultimos
914 2697 1008 2733 occi-

347 2752 496 2791 dentem
528 2764 650 2790 versus
679 2753 715 2789 in
736 2752 885 2803 Europa
906 2753 1007 2789 habi-

346 2814 429 2848 tare
452 2821 561 2860 supra
583 2809 635 2855 Il,
669 2810 722 2849 33
751 2809 915 2854 dixerat,
948 2810 1007 2846 ubi

349 2867 411 2916 qui
428 2866 462 2903 h.
488 2866 510 2904 Ι.
535 2861 716 2916 Κύνητες
736 2866 794 2913 (et
810 2866 908 2916 apud
922 2866 1007 2903 Ste-

272 754 339 800 50
397 755 440 807 ἐς
479 756 531 799 τὰ
567 756 730 813 πλάγια
767 760 843 813 τῆς
880 759 1080 814 Σκυθίης
1116 757 1326 814 ἐσβάλλει.
1391 756 1576 802 Τούτων
1606 751 1671 801 ὦν

1062 943 1172 994 phau.
1194 943 1283 992 Byz.
1301 955 1330 979 s.
1349 944 1424 989 v.)‚
1475 942 1499 978 ii
1530 948 1615 978 sunt
1645 943 1728 980 Κυ-

1062 995 1210 1050 νήσιοι.
1257 999 1318 1036 Sic
1340 999 1413 1046 lv,
1442 998 1495 1039 53
1528 998 1628 1045 (coll.
1652 995 1728 1047 59)

1064 1053 1159 1107 μετοὶ
1180 1053 1355 1106 Ἴστρον,
1392 1060 1428 1093 et
1458 1068 1554 1104 quae
1576 1055 1647 1092 alia
1669 1055 1727 1091 of-

1064 1115 1136 1150 fert
1154 1113 1315 1149 Fischer.
1341 1112 1389 1149 ad
1411 1111 1560 1149 Weller.
1588 1110 1661 1158 ΙΙΙ,
1691 1110 1727 1147 b.

1064 1182 1151 1220 pag.
1187 1171 1281 1210 200.
1352 1168 1471 1218 lpsum
1509 1179 1646 1205 nomen
1679 1166 1727 1204 ab

1065 1238 1154 1274 agro
1167 1225 1296 1262 Cuneo
1314 1224 1435 1273 (quod
1455 1230 1667 1274 corruptum
1684 1234 1728 1260 ex

1066 1282 1211 1318 Graeco
1233 1282 1382 1318 nomine
1402 1276 1559 1330 Κύνης)
1583 1292 1625 1317 ac
1643 1291 1729 1329 pro-

1066 1338 1248 1375 montorio
1287 1337 1416 1386 (quod
1447 1350 1542 1374 nunc
1570 1336 1731 1373 Sanctae

1067 1395 1210 1432 Mariae
1229 1394 1411 1444 perhiberi
1430 1395 1634 1441 testantur)
1664 1392 1732 1428 du-

1067 1456 1165 1488 ctum
1192 1456 1316 1488 censet
1345 1451 1393 1487 ls.
1421 1450 1527 1487 voss.
1553 1450 1600 1486 ad
1622 1449 1732 1486 Pom-

1066 1521 1152 1559 pon.
1174 1506 1261 1544 Mel.
1284 1506 1346 1553 ΙΙΙ,
1373 1509 1410 1551 1,
1431 1507 1511 1553 56,
1552 1506 1600 1542 ad
1621 1517 1731 1555 quem

1067 1565 1186 1601 locum
1221 1577 1317 1600 nunc
1360 1564 1468 1600 etiam
1515 1563 1641 1599 confer
1680 1561 1729 1597 sis

1066 1620 1284 1658 Tzschucke
1306 1621 1341 1656 in
1362 1625 1455 1656 nott.
1475 1623 1633 1668 exegett.
1647 1617 1728 1654 Vol.

1065 1677 1116 1714 ΙΙΙ
1138 1677 1178 1713 Ρ.
1199 1675 1246 1712 ΙΙΙ
1268 1689 1353 1725 pag.
1380 1678 1429 1716 19
1452 1688 1556 1724 seqq.
1609 1675 1727 1711 Sedes

1066 1734 1186 1783 gentis
1210 1733 1305 1769 intra
1330 1733 1482 1768 Sacrum
1509 1733 1729 1768 Promonto-

1065 1791 1156 1827 rium
1168 1790 1281 1839 (Cap.
1296 1789 1470 1837 Vincent)
1482 1793 1519 1825 et
1530 1789 1647 1824 Anam
1658 1787 1729 1823 ssu-

1065 1848 1161 1884 vium
1181 1846 1411 1892 (Guadiana)
1430 1846 1600 1893 adeoque
1619 1843 1728 1881 etiam

1066 1903 1160 1940 ultra
1190 1902 1285 1939 huuc
1304 1915 1448 1939 amnem
1477 1903 1515 1938 in
1535 1900 1729 1949 Algarbia,

1067 1972 1164 2009 quae
1175 1971 1270 1996 nunc
1280 1964 1442 1996 vocatur.
1457 1958 1538 1995 Vid.
1550 1956 1729 1994 Schlicht-

1066 2017 1181 2054 horst.
1203 2017 1239 2052 in
1263 2016 1361 2053 Diss.
1382 2015 1574 2066 peculiari:
1605 2014 1730 2052 Ueber

1068 2074 1105 2111 d.
1129 2073 1175 2110 W
1179 2073 1323 2110 ohnsitz
1349 2073 1414 2109 der
1432 2071 1610 2121 Cynesier
1639 2070 1730 2107 oder

1067 2131 1241 2179 Cyneter.
1266 2130 1436 2177 Gotting.
1460 2129 1580 2170 1793.
1599 2128 1624 2167 8
1640 2138 1728 2177 pag.

1067 2191 1092 2228 7
1113 2199 1217 2236 seqq.
1247 2185 1328 2223 coll.
1358 2186 1518 2224 Heeren.
1551 2184 1663 2221 ldeen
1681 2181 1729 2229 ΙΙ,

1071 2247 1089 2284 1
1115 2256 1202 2294 pag.
1223 2244 1318 2282 201.
1356 2241 1491 2291 Neque
1509 2241 1621 2290 enim,¹
1638 2238 1728 2276 alios

1067 2305 1108 2337 ut
1134 2305 1296 2344 taceam,
1339 2311 1492 2347 quorum
1526 2300 1729 2334 commenta

1067 2358 1180 2395 refert
1211 2355 1486 2393 Schliehthorst.
1511 2353 1531 2390 Ι.
1553 2353 1598 2399 Ι.,
1635 2351 1727 2390 Nie-

1068 2414 1198 2450 buhrio
1228 2413 1402 2449 accedere
1435 2423 1586 2461 possum
1616 2408 1728 2456 (Ver-

1066 2470 1216 2507 mischte
1226 2469 1373 2505 Schrift.
1393 2467 1405 2504 1
1425 2480 1509 2517 pag.
1525 2465 1598 2506 141
1615 2468 1729 2515 seq.),

1067 2527 1128 2576 qui
1147 2527 1308 2574 Cynetes
1338 2524 1486 2561 minime
1507 2524 1543 2560 in
1566 2528 1727 2561 extremo

1068 2583 1269 2628 occidente,
1302 2581 1367 2618 sed
1385 2581 1506 2630 potius
1527 2580 1565 2616 in
1581 2585 1728 2630 septen-

1067 2640 1186 2677 trione
1223 2638 1464 2676 remotissimo
1499 2636 1727 2686 quaerendos

1066 2708 1148 2734 esse
1169 2695 1305 2732 statuit.
1355 2694 1412 2730 Cf.
1430 2695 1539 2731 etiam
1556 2692 1725 2730 Volcker.

1066 2752 1182 2801 Myth.
1202 2751 1341 2800 Geogr.
1366 2750 1377 2786 Ι
1402 2764 1438 2801 p.
1463 2749 1552 2791 154.

1127 2807 1166 2854 ἔς
1200 2805 1248 2846 τα1
1274 2803 1421 2858 πλάγια
1444 2810 1518 2857 τῆς
1540 2805 1726 2854 Σκυθίης

1065 2861 1258 2916 ἐσβάλλει]
1306 2893 1330 2912 „
1343 2864 1530 2915 Scythiam
1561 2877 1585 2901 a
1617 2864 1727 2900 latere
