1904 3304
410 229 495 269 236

773 227 1275 270 ‘HERODoTl

412 353 524 394 γων,
553 336 700 380 ὕπνου
729 337 772 380 τέ
802 354 879 393 μιν
908 338 1140 394 λαγχάνειν
1169 338 1331 392 ἐποίεε,
1363 340 1436 383 καὶ
1466 339 1512 384 έν
1541 339 1683 400 χρόνῳ

414 408 546 466 ὀλίγῳ
565 406 688 463 ὑγιέα
712 425 788 464 μιν
818 408 945 452 ἐόντα
976 408 1176 465 ἀπέδεξε,
1206 410 1379 466 ου’δαμά
1411 411 1469 455 ἔτι
1496 411 1684 465 ἐλπίζον-

385 486 466 523 5τα
497 477 712 534 ἀρτίπουν
743 479 930 523 ἔσεσθαι.
975 481 1197 537 Δωρέεται
1226 482 1279 538 δή
1307 499 1383 537 μιν
1413 483 1517 538 μετὰ
1547 488 1683 526 ταῦτα

409 549 433 595 ὁ
471 556 659 605 Δαρεῖος
699 551 864 594 πεδέων
900 552 1096 607 χρυσέων
1132 554 1213 597 δύο
1250 554 1426 610 ζεύγεσι.
1475 555 1498 597 ὁ
1530 555 1575 597 δέ
1606 558 1739 609 μιν4ο

407 622 621 676 ἐπείρετο,
668 623 707 664 εἴ
734 624 777 666 οἱ
806 622 1035 680 διπλήσιον
1072 624 1121 667 τό
1160 624 1298 668 κακόν
1332 625 1522 681 ἐπίτηδες
1551 626 1681 681 νέμει,

378 692 479 736 δὸτι
498 709 573 748 μιν
592 691 716 750 ὑγιέα
736 693 919 751 ἐποίησε.
978 694 1130 752 ἡσθεὶς
1152 696 1197 739 δὲ
1225 700 1285 752 τῷ
1307 696 1398 739 ἔπεϊ
1427 696 1450 740 ὁ
1479 701 1679 751 Δαρεῖος,

411 760 652 820 ἀποπέμπει
689 782 765 820 μιν
797 766 917 820 παρὰ
954 766 1031 817 τὰς
1062 765 1229 810 ἑωυτοῦ
1258 772 1481 822 γυναῖκας.
1541 768 1681 823 παρά-

411 851 561 890 γοντες
596 835 641 879 δὲ
671 838 715 880 οἵ
750 836 976 894 εὐνοῦχοι,
1027 839 1174 894 ἔλεγον
1198 837 1309 891 πρὸς
1349 837 1424 889 τάς
1453 844 1679 893 γυναῖκας,

379 913 400 947 7
415 906 474 958 ὡς
492 907 662 963 βασιλέϊ
687 904 816 960 οὗτος
837 911 902 966 εἰἠ
924 909 973 962 ὃς
994 910 1073 968 τήν
1102 909 1246 966 ψυχὴν
1271 907 1477 953 ἀπέδωκε.
1525 909 1736 954 ὑποτύ-45

350 1022 411 1058 ubi
451 1018 577 1071 ἤπια
620 1017 829 1072 ἀκέσματα.
902 1023 1014 1061 Unde

350 1079 538 1128 proprium
559 1080 595 1115 in
610 1080 781 1116 remediis
799 1079 1013 1126 mitioribus,

350 1147 445 1183 quae
473 1148 540 1172 nec
568 1135 655 1183 igne
685 1148 751 1172 nec
781 1137 878 1173 serro
910 1136 1012 1172 fiunt.

349 1191 457 1227 Plura
498 1191 626 1229 Iacobs
657 1190 780 1229 Lectt.
810 1193 940 1228 Stobb.
976 1205 1013 1241 p.

347 1249 425 1292 32,
464 1248 528 1284 ubi
558 1249 667 1285 etiam
688 1248 735 1285 de
760 1247 891 1285 tralata
915 1249 1013 1285 vocis

345 1303 625 1352 significatione.
645 1325 692 1330 ——-
709 1303 762 1341 Ac
784 1304 1012 1342 Democedes

346 1361 398 1397 ita
438 1373 561 1409 regem
607 1373 758 1398 sanasse
806 1362 1010 1398 censendus

346 1421 423 1464 est,
465 1423 505 1453 ut
531 1422 615 1467 post
638 1418 800 1455 remedia
819 1417 1012 1455 violentio-

345 1486 409 1519 ra,
461 1473 507 1510 ab
535 1473 726 1524 Aegyptiis
761 1474 932 1521 medicis,
972 1477 1011 1511 ut

345 1529 510 1576 videtur,
549 1531 735 1577 adhibita,
777 1544 873 1567 nunc
891 1531 1010 1568 Grae-

346 1599 468 1623 corum
510 1587 731 1623 medicorum
761 1600 805 1624 ex
840 1600 942 1624 more
971 1591 1008 1624 et

346 1642 541 1693 disciplina
563 1643 776 1680 admoveret
804 1643 874 1680 alia
890 1656 1008 1681 reme-

348 1700 411 1736 dia
433 1699 612 1748 prioribus
638 1700 832 1749 opposita,
871 1712 918 1737 sc.
940 1701 1008 1736 mi-

344 1756 527 1804 tigantia,
566 1755 748 1793 lenientia.
788 1757 923 1793 Corae-s
951 1757 1006 1804 (in

344 1816 438 1848 nott.
480 1825 538 1862 ap.
576 1812 775 1860 Larcher.)
815 1818 1007 1862 utramque

345 1881 494 1914 vocem,
535 1873 572 1906 et
596 1865 735 1919 ἰσχυροὶ
756 1874 792 1906 et
808 1866 932 1918 ἤπια,
959 1870 1008 1907 ad

342 1938 463 1961 curam
504 1938 526 1962 a
561 1925 773 1963 Democede
808 1926 1007 1963 adhibitam

341 1987 511 2031 spectare
553 1987 706 2028 censet3
758 1986 796 2018 ut
827 1983 889 2030 qui
920 1987 1007 2032 post

341 2039 613 2088 operationem,
643 2051 754 2087 quam
772 2038 807 2074 in
823 2039 935 2076 Dario
951 2040 1006 2076 fa-

341 2107 424 2131 cere
444 2100 590 2131 coactus
610 2100 687 2132 erat
701 2091 816 2145 (μετὰ
829 2092 876 2133 ‘ca‘
899 2095 1005 2146 ἰσχυ-

340 2147 434 2201 ρά),
464 2152 511 2187 ad
533 2152 682 2189 dolores
704 2153 927 2200 mitigandos
948 2166 1005 2191 re-

339 2208 374 2255 gi
395 2208 539 2244 dederit
558 2208 729 2245 narcotici
749 2209 839 2257 quid
859 2205 1002 2258 (ἤπια)

338 2277 370 2300 v.
392 2277 422 2300 c.
445 2264 581 2313 opium,
615 2278 688 2312 quo
708 2267 917 2314 consopiret
939 2278 1003 2303 ae-

337 2324 493 2367 grotum.
524 2321 578 2357 lta
595 2321 689 2357 enim
707 2322 757 2357 ait
776 2322 936 2370 praecipi
954 2323 1000 2359 ab

337 2377 566 2426 Hippocrate
595 2377 653 2413 De
680 2377 852 2414 sterilibb.
877 2376 912 2427 ἓ.
935 2380 999 2424 10,

337 2433 445 2470 Tom.
466 2432 496 2468 11
518 2445 554 2482 p.
576 2434 655 2473 623
669 2461 679 2479 ‚
709 2446 862 2481 eamque
882 2434 999 2483 ipsam

335 2502 417 2527 esse
435 2490 628 2535 rationem,
659 2501 767 2537 quam
787 2489 999 2526 Herodotus

334 2546 474 2583 verbis:
541 2543 805 2594 Ἑλληνικοῖσι
858 2541 998 2596 ἰήμασι

334 2597 558 2653 χρεώμενος
600 2602 759 2648 indicet,
813 2615 998 2651 quamque

332 2658 517 2707 hodieque
542 2658 659 2706 quivis
688 2658 775 2694 boni
801 2658 999 2695 adhibeant

336 2715 477 2752 medici.
509 2714 629 2758 Quam
647 2714 996 2764 interpretationem,

334 2770 429 2808 Italo
446 2771 634 2821 interpreti
655 2771 846 2820 probatam
860 2800 870 2817 ‚
908 2784 996 2808 num

334 2827 518 2865 Herodoti
541 2827 654 2864 verba
671 2827 891 2873 admittant,
917 2828 997 2877 ipsc

333 2884 465 2922 viderit
505 2884 558 2922 vir
589 2884 834 2922 doctissimus.
880 2883 997 2934 Equi-

1071 1023 1154 1060 dem
1176 1022 1379 1060 adscribam
1399 1021 1529 1059 Dionis
1547 1023 1735 1072 Chrysost.

1070 1080 1186 1116 locum
1207 1092 1249 1117 ex
1272 1084 1363 1116 orat.
1392 1078 1565 1116 LXXVI!
1587 1092 1622 1129 p.
1650 1082 1734 1121 653

1070 1136 1113 1173 A.
1149 1136 1228 1172 Vol.
1251 1136 1280 1171 ll
1300 1149 1384 1185 pag.
1405 1135 1487 1175 417
1500 1136 1642 1182 Reisk„
1660 1149 1733 1185 quo

1070 1198 1244 1242 apparet,
1272 1204 1339 1228 nec
1357 1192 1515 1228 Dionem
1537 1192 1610 1229 tale
1631 1194 1734 1241 quid,

1070 1249 1170 1297 quod
1207 1249 1345 1285 Coraes
1379 1248 1476 1294 vult,
1538 1250 1731 1297 cogitasse.

1070 1305 1126 1341 lta
1150 1305 1246 1341 enim
1276 1303 1355 1341 ilie:
1398 1300 1636 1352 Δημόδοκος
1665 1305 1731 1352 (cf.

1069 1374 1181 1411 supra
1210 1361 1281 1406 lli,
1318 1373 1347 1397 c.
1370 1362 1478 1408 129)
1519 1359 1541 1400 ὁ
1573 1364 1734 1412 Κροτω-

1068 1413 1208 1468 νιάτης
1225 1414 1732 1467 (Δαρεῖον)-καταπλάτ-

1067 1489 1145 1512 των
1168 1473 1234 1512 καὶ
1261 1476 1486 1511 καταιονῶν
1512 1475 1562 1521 (i.
1588 1489 1619 1513 e.
1642 1476 1731 1512 ohli-

1065 1530 1175 1567 nendo
1197 1537 1231 1567 et
1248 1529 1518 1580 perfnndoendm
1558 1544 1653 1580 quae
1676 1532 1730 1569 le-

1065 1588 1167 1625 niora
1180 1584 1332 1636 &155ch
1351 1588 1494 1636 opinor,
1517 1593 1600 1624 suut
1611 1601 1728 1627 reme-

1066 1644 1129 1680 dia
1165 1642 1266 1693 [‚‚De
1290 1643 1399 1680 verbo
1429 1646 1666 1692 καταιονᾶν,
1697 1658 1726 1681 s.

1065 1703 1306 1746 καταιονεῖν,
1325 1699 1665 1748 egitWVyttenbach.
1678 1702 1726 1739 ad

1065 1756 1247 1793 Plutarch.
1279 1757 1325 1793 de
1355 1756 1509 1793 discern.
1540 1758 1655 1794 amico
1678 1758 1724 1795 ab

1065 1813 1160 1851 adul.
1190 1826 1227 1863 p.
1247 1813 1350 1859 550,
1399 1813 1461 1849 ubi
1489 1817 1524 1851 et
1553 1814 1726 1851 Herodo-

1064 1875 1161 1907 teum
1191 1874 1226 1907 et
1253 1869 1433 1906 Dioneum
1462 1869 1578 1906 locum
1607 1884 1724 1922 appo-

1064 1928 1178 1964 suit.“
1212 1924 1322 1975 C1·.])
1351 1924 1418 1964 καὶ
1445 1923 1493 1964 τοὶ
1519 1923 1618 1965 ἄλλα
1640 1927 1725 1966 ἑπι-

1064 1980 1253 2033 μεληθεὶς
1292 1977 1349 2021 δι’
1384 1977 1529 2035 ὀλίγων
1560 1981 1724 2035 ’ἡμερῶν

1061 2038 1157 2091 ὑγιῆ
1183 2035 1372 2086 ἀπέδειξε.

1119 2091 1277 2145 ου’δαμοὶ
1305 2095 1359 2134 ἔτι
1391 2094 1622 2142 ἐλπίζοντα]
1662 2096 1723 2135 De

1060 2153 1173 2190 verbo
1196 2151 1365 2199 ἐλπίζειν
1385 2153 1481 2189 conf.
1509 2157 1602 2189 nott.
1625 2153 1671 2189 ad
1694 2153 1721 2199 l,

1060 2212 1125 2249 27.
1173 2209 1212 2245 ln
1235 2210 1397 2258 proxime
1424 2221 1528 2258 seqq.
1559 2222 1640 2245 cum
1663 2222 1721 2246 re-

1059 2270 1170 2303 centt.
1181 2266 1266 2302 edd.
1288 2266 1335 2302 ob
1356 2264 1590 2315 plurimorum
1612 2266 1718 2302 codd.

1058 2334 1276 2359 consensum
1327 2319 1513 2373 δωρέεται
1549 2317 1610 2371 δή
1651 2336 1719 2371 μιν

1057 2391 1124 2429 pro
1154 2377 1205 2417 δέ
1231 2392 1310 2428 μιν.

1113 2431 1188 2485 τήν
1217 2430 1357 2483 ψυχήν
1385 2428 1583 2482 ἀπέδωκε]
1616 2434 1718 2471 Citat

1057 2490 1091 2527 h.
1122 2490 1144 2527 l.
1180 2490 1344 2527 Thomas
1378 2490 1479 2538 Mag.
1510 2503 1596 2540 pag.
1622 2492 1717 2538 928,

1056 2560 1130 2596 quo
1174 2547 1424 2594 demonstrat,
1468 2544 1540 2596 τήν
1577 2543 1717 2597 ψυχήν

1056 2603 1212 2640 subinde
1245 2602 1454 2652 simpliciter
1491 2603 1611 2641 vaicre
1641 2600 1716 2653 τήν

1057 2656 1161 2709 ζωήν
1187 2659 1347 2706 (vitam).
1417 2659 1494 2696 Ubi
1526 2660 1629 2710 plura
1659 2660 1716 2696 in-

1055 2721 1247 2764 terpretes.
1307 2715 1366 2752 Tu
1386 2717 1479 2752 conf.
1511 2729 1622 2766 supra
1649 2716 1713 2764 ΙΙΙ,

1058 2772 1149 2811 119.
1171 2772 1233 2817 111,
1258 2774 1348 2812 108.
1369 2772 1394 2816 l,
1414 2770 1546 2820 2411,
1567 2773 1656 2814 134.

1111 2823 1400 2866 ’ὑποτύπτουσα
1428 2826 1470 2867 δὲ
1499 2825 1649 2867 αὐτέων
1676 2843 1710 2867 κ.

1054 2900 1085 2924 τ.
1104 2883 1152 2935 λ.]
1183 2884 1378 2922 Fluctuant
1398 2886 1435 2922 in
1455 2886 1510 2923 his
1527 2885 1608 2924 libri
1625 2886 1712 2923 scri-
