1904 3304
511 232 1193 272 MELPOMENE.1V.

195 345 342 401 Ξρέων
370 344 657 400 συμμίσγεται
687 347 748 399 τῷ
766 342 933 402 Ἴστρῳ.
992 343 1039 386 ἐκ
1067 342 1114 386 δὲ
1138 341 1380 396 τοιὶΑἴμου
1397 343 1486 383 τῶν
1501 348 1538 380 15

1412 232 1497 272 379

222 414 457 470 κορυφέων
485 420 600 470 τρεῖς
630 414 757 459 ἄλλοι
785 413 989 471 μεγάλοι,
1023 413 1194 469 ῥέοντες
1221 410 1333 465 πρὸς
1356 414 1497 468 βορῆν

222 487 408 542 ἄνεμον,
449 487 709 544 ἐσβάλλουσι
738 486 781 538 ἐς
811 485 967 539 αὐτὸν,

1004 483 1161 535 ’Ἄτλας
1173 518 1183 535 ,
1223 483 1299 526 καὶ
1329 481 1495 536 Αὔρας,

221 558 291 601 καὶ
318 559 501 614 Τίβισις·
549 558 621 602 διὰ
652 559 697 602 δὲ
721 560 912 615 Θρηΐκης
943 557 1017 601 καὶ
1040 558 1243 613 Θρηΐκων
1273 557 1362 598 τῶν
1382 557 1495 609 Κρο-

222 731 264 772 ἐκ
293 730 334 771 δὲ
355 736 426 772 τοῦ
446 732 582 783 Αἴμου
612 735 692 772 ταῖν
713 747 829 783 κορυ-

165 788 291 840 φέων]
314 789 472 827 Haemus
488 803 592 827 mons
613 790 711 840 apud
721 788 828 826 Thu-

164 847 332 895 cydidem
355 852 660 884 commemoratur
681 846 728 892 ll,
758 847 825 886 96.

164 904 237 948 Qui
268 917 289 941 e
315 908 478 941 veterum
509 903 713 948 sententia,
753 914 828 951 qua

165 960 324 998 Thracia
345 961 393 997 ad
412 960 586 997 Isthmum
606 972 722 1008 usque
735 960 829 1008 Scy·

165 1017 235 1053 this
282 1019 456 1065 contigua
491 1016 699 1054 extenditur
745 1015 828 1063 (lv,

165 1074 261 1121 99),
299 1074 459 1110 mediam
502 1077 668 1123 permeat
705 1071 827 1109 Thra-

164 1131 279 1177 ciam,
316 1130 353 1166 in
394 1130 550 1166 Pontum
586 1140 828 1179 procurrens3

165 1199 187 1224 e
224 1191 373 1237 postera
409 1186 534 1223 harum
561 1191 738 1222 terrarum
765 1186 831 1222 de-

165 1243 384 1294 scriptione,
414 1242 610 1280 Thraciam
643 1245 831 1292 separata

166 1298 310 1336 Moesia
346 1299 530 1348 inferiori,
580 1300 656 1336 sive
695 1303 831 1336 terram

167 1355 316 1402 Rumili,
347 1360 385 1392 ut
404 1369 500 1393 nunc
517 1359 671 1403 vocant,
701 1367 722 1392 a
741 1354 831 1391 Bul-

167 1412 281 1461 garia.
351 1411 461 1450 Nunc
522 1413 638 1449 monti
696 1424 831 1449 nomen

167 1467 328 1506 Balkan.
358 1490 415 1495 —
454 1468 564 1505 Plura
591 1473 753 1506 veterum
784 1468 832 1505 de

166 1525 236 1562 hoc
281 1529 408 1562 monte
455 1526 664 1562 testimonia
709 1523 832 1561 attulit

166 1581 383 1620 Tzschucke
404 1581 452 1619 ad
476 1580 560 1618 Mel.
583 1581 638 1629 11,
668 1583 694 1621 2
717 1594 753 1631 p.
777 1583 828 1620 71

165 1642 256 1674 nott.
279 1642 437 1686 exegett.
456 1637 536 1675 Vol.
557 1637 607 1674 ΙΙΙ
628 1637 671 1675 P.
690 1637 736 1674 ΙΙ.

221 1697 325 1744 τρεῖς
350 1692 462 1733 ἄλλοι
482 1690 647 1746 μεγάλοι
666 1709 700 1732 κ.
718 1709 748 1732 τ.
769 1691 829 1743 λ.]

166 1750 263 1788 Tres
291 1751 403 1789 hosce
427 1752 558 1788 fluvios
577 1751 772 1788 etiamnum
794 1750 831 1787 in

167 1807 332 1845 orientali
354 1808 434 1845 Istri
455 1813 562 1858 parte
582 1809 734 1845 inveniri
754 1820 833 1844 mo-

167 1869 230 1901 net
255 1863 441 1902 Mannert.
460 1865 525 1901 Vll
549 1878 636 1915 pag.
657 1868 704 1910 83
734 1876 831 1901 nunc

168 1922 290 1957 vocari
300 1920 461 1968 Dnitra,
478 1921 660 1958 Turtukaz'
677 1927 713 1959 et
724 1920 832 1958 Kara

169 1975 282 2020 L0w3
331 1978 393 2026 qui
425 1982 548 2015 tamen
575 1992 654 2015 cum
685 1979 832 2015 minime

167 2033 301 2070 suerint
331 2036 458 2083 magni
483 2035 604 2082 fluvii,
650 2039 737 2072 ante
767 2048 833 2084 με-

169 2084 283 2141 γάλοι
322 2090 431 2128 inseri
460 2092 536 2127 vult
565 2091 728 2128 voculam
759 2085 831 2140 οὕς

168 2159 278 2196 quam
310 2148 433 2197 scripti
463 2147 544 2184 libri
573 2160 698 2184 omnes
726 2147 832 2197 igno-

167 2208 264 2241 rant.
310 2204 492 2242 Borheck.
524 2204 636 2241 verba
673 2202 714 2242 ἐκ
753 2205 834 2242 τῶν

167 2259 302 2309 Αἴμου
325 2282 381 2288 —-
419 2260 486 2299 καὶ
513 2261 666 2311 Τίβισις
687 2273 835 2310 prorsus

168 2317 291 2353 deleta
318 2317 395 2353 vult
424 2323 625 2367 praeeunte
644 2318 832 2354 Gatterer.

168 2374 454 2420 (Commentatt.
481 2374 605 2413 societ.
639 2387 713 2423 reg.
741 2374 835 2410 Got-

169 2429 259 2479 ting.
282 2432 388 2471 1781
413 2443 498 2481 pag.
526 2431 605 2471 104
627 2436 683 2468 et:
711 2430 834 2467 Thra-

170 2486 248 2523 cien
278 2487 370 2523 nach
399 2487 583 2525 Herodot.
613 2501 648 2524 ιι.
681 2487 832 2536 Thucy-

171 2541 248 2578 did.
288 2555 320 2580 ν.
352 2543 629 2581 Schlichthorst.
661 2544 832 2592 Gistting.

118 2636 120 2639 ,
176 2600 282 2639 1800
319 2612 404 2648 pag.
447 2602 543 2648 31),
583 2601 644 2650 qui
684 2600 775 2638 haec
812 2613 834 2637 a

172 2653 281 2691 sciolo
303 2656 461 2703 quodam
482 2658 576 2695 male
594 2659 732 2694 intrusa
753 2670 833 2694 esse

172 2711 378 2748 arbitratur.
416 2713 485 2750 Cui
516 2715 594 2751 iure
623 2714 833 2764 obloquitur

171 2766 341 2805 Larcher.
373 2768 488 2815 (Tab.
513 2770 653 2820 Geogr.
681 2785 718 2822 p.
750 2771 830 2811 573

173 2820 291 2873 seq),
332 2825 394 2873 qui
435 2825 574 2863 Tibi-rin
612 2841 679 2877 pro
719 2827 831 2864 fluvio

175 2879 335 2917 Caralom
367 2880 500 2928 habet3
538 2882 694 2934 reliquos
724 2885 831 2931 duos,

885 731 1008 769 Atlam
1039 734 1078 768 et
1105 730 1262 777 Auram,
1300 742 1341 768 se
1375 729 1548 778 ignorare

885 788 1090 839 profitetur.
1129 787 1338 823 Reichardo
1369 786 1489 823 iudice
1512 798 1550 836 p.

885 845 942 887 42
977 857 1054 894 seq.
1084 843 1332 892 intelliguntur
1353 847 1428 880 tres
1449 841 1549 879 fluvii

885 900 1047 948 Are'klar,
1071 899 1283 937 Tabandere
1297 903 1332 936 et
1342 898 1454 943 L0m‚·
1485 912 1550 937 ne-

884 971 958 1008 que
978 971 1064 995 vero
1091 957 1137 994 ab
1157 957 1289 994 erroris
1310 957 1459 993 crimine
1481 955 1548 993 ab·

885 1014 1082 1052 solvendus
1103 1019 1160 1051 est
1179 1013 1406 1051 Herodotus.

944 1123 1010 1166 διᾶ
1031 1123 1073 1165 δὲ
1088 1126 1266 1176 Θρηΐκης
1284 1123 1351 1164 καὶ
1365 1124 1552 1176 Θρηΐκων

886 1186 966 1224 τῶν
999 1180 1246 1234 Κροβύζων]
1287 1182 1443 1219 Thraces
1471 1182 1554 1218 Cro-

888 1242 972 1291 byzi
999 1241 1066 1289 (de
1096 1241 1228 1289 quibus
1256 1240 1352 1276 conf.
1372 1239 1555 1277 Mannert.

888 1299 940 1335 lv
967 1311 1003 1348 p.
1034 1299 1129 1338 223.
1158 1297 1247 1343 vll,
1275 1309 1313 1347 p.
1345 1297 1420 1344 29)
1450 1295 1555 1332 habi-

888 1359 987 1392 tasse
1020 1354 1192 1390 videntur
1217 1353 1266 1390 ad
1297 1351 1554 1390 meridionales

888 1411 971 1448 Istri
981 1411 1079 1461 ripas
1092 1410 1138 1447 ab
1150 1408 1555 1456 orienteTriballorum‚

889 1479 1043 1517 quorum
1071 1467 1180 1504 sedes
1211 1466 1248 1502 in
1269 1465 1446 1503 hodierna
1465 1466 1553 1502 Ser-

887 1524 969 1570 via,
999 1528 1038 1560 et
1068 1524 1113 1559 ab
1143 1523 1333 1559 occidente
1360 1522 1553 1568 Getarum,

890 1581 953 1629 qui
977 1580 1025 1616 ad
1056 1580 1264 1617 inferiorem
1287 1578 1420 1616 Istrum
1449 1578 1554 1615 habi-

889 1637 1043 1682 tabant3
1073 1636 1110 1672 in
1137 1648 1292 1685 quorum
1318 1634 1398 1672 loca
1422 1638 1554 1685 postea

890 1693 1109 1731 successisse
1132 1693 1320 1739 videntur,
1352 1692 1382 1728 si
1402 1691 1553 1741 quidem

889 1750 1026 1787 Strabo
1061 1749 1125 1787 Vll
1148 1762 1183 1799 p.
1201 1750 1284 1790 318
1324 1762 1359 1799 p.
1397 1746 1480 1788 490
1505 1748 1552 1784 B.

893 1806 1066 1857 Crobyzos
1087 1819 1204 1857 prope
1223 1804 1386 1852 Colatin,
1415 1805 1553 1841 Tomos

887 1864 1095 1913 Istrumque
1123 1862 1295 1909 collocat3
1334 1874 1426 1911 quas
1454 1862 1554 1912 ipsas

888 1921 1059 1969 regiones
1071 1919 1174 1957 Darii
1194 1924 1361 1970 tempore
1376 1918 1555 1957 tenebant

890 1978 1033 2023 Getae3
1063 1981 1103 2013 ut
1123 1989 1213 2013 sane
1225 1976 1476 2024 Crobyzorum
1486 1986 1554 2012 na-

889 2034 942 2071 tio
958 2039 1162 2084 temporum
1175 2034 1329 2069 decursu
1348 2032 1465 2080 magis
1476 2043 1554 2068 ma-

890 2091 1021 2139 gisque
1047 2090 1223 2127 orientem
1243 2101 1368 2126 versus
1386 2089 1434 2124 ad
1452 2088 1555 2125 Pon-

892 2153 968 2183 tum
984 2159 1101 2195 usque
1114 2146 1221 2183 sedes
1233 2158 1317 2183 suas
1330 2145 1557 2195 promovisse

893 2203 1139 2253 perhibeatur.
1199 2203 1240 2238 In
1272 2201 1422 2250 Scythia
1466 2214 1558 2250 gen-

891 2264 966 2297 tem
1010 2262 1269 2297 commemorat
1309 2257 1447 2294 Plinius
1491 2258 1557 2304 IV,

893 2314 985 2368 (12)
1017 2318 1092 2362 263
1135 2328 1242 2364 quam
1273 2314 1418 2364 Scythis
1445 2314 1557 2351 finiti-

891 2386 988 2410 mam
1032 2373 1202 2423 perhibet
1233 2372 1413 2420 Scymnus
1441 2371 1557 2408 Chius

891 2430 928 2466 in
947 2431 1113 2479 sragmm.
1139 2431 1240 2468 vs.3.
1267 2431 1330 2470 10.
1361 2427 1559 2465 Ameridie

893 2486 974 2523 lstri
990 2487 1180 2535 Crobyzos
1196 2484 1351 2523 collocat
1376 2485 1556 2534 Stephan.

889 2543 981 2592 ByZ.
997 2543 1220 2580 Hecataeum
1240 2542 1371 2589 citans,
1392 2542 1491 2578 cuius
1509 2541 1554 2578 cf.

890 2600 1060 2648 fragmm.
1090 2612 1175 2650 pag.
1207 2599 1261 2639 85
1291 2598 1348 2636 ed.
1378 2598 1554 2635 Klausen.

892 2654 1002 2707 Apud
1024 2656 1281 2706 Thucydidem
1308 2655 1407 2692 nulla
1435 2654 1554 2703 gentis

890 2715 1049 2760 mentio,
1080 2725 1174 2762 quae
1202 2725 1294 2762 quas
1320 2712 1427 2750 sedes
1448 2724 1555 2748 occu-

889 2783 1000 2821 passe
1029 2770 1192 2816 videtur,
1231 2769 1267 2805 in
1298 2768 1341 2805 iis
1377 2769 1464 2818 ipsis
1492 2770 1555 2804 aut

891 2832 989 2865 certe
1015 2827 1180 2877 proxime
1209 2825 1363 2862 collocat
1382 2824 1442 2862 ille
1460 2824 1554 2861 Tre-

890 2897 948 2922 res
970 2888 1008 2921 et
1030 2883 1235 2931 Tilataeos,
1262 2881 1457 2919 Herodoto
1480 2891 1553 2917 non

1551 340 1582 365 et
1600 337 1635 364 ad
1659 338 1830 378 aquilonem

1550 380 1602 398 exe
1607 380 1645 398 an
1629 374 1676 398 n:t
1712 373 1777 399 eius
1795 380 1831 399 ex

1556 405 1650 432 Celtis
1637 406 1773 440 serigo,
1801 410 1832 433 et

1554 427 1831 474 cui-ssro'aupettm

1552 472 1713 508 Europam.
1724 473 1766 508 [2‚
1774 473 1829 508 33]
