1904 3304
442 255 1002 298 MELPOMENE.
1063 255 1124 295 IV.

1338 257 1422 296 323

160 369 393 417 σακκέουσι
423 369 650 424 ἱματίοισι·
704 364 912 420 ἄποῤῥέει
944 363 989 408 δ’
1025 362 1105 407 ἀπ’
1136 361 1277 408 αὐτοῦ
1304 363 1420 420 παχύ

159 442 230 487 καὶ
270 440 427 497 μέλαν·
480 438 652 494 οὕνομα
692 437 739 480 δὲ
780 439 842 491 τῷ
872 433 1140 490 ἄποῤῥέοντί
1173 434 1262 479 ἐστι
1292 433 1417 491 ἄσχυ.

132 515 291 556 5τοῦτο
321 510 391 554 καὶ
424 510 636 565 λείχουσι,
675 508 749 552 καὶ
783 506 968 564 γάλακτι
1008 507 1322 562 συμμίσγοντες
1349 507 1478 550 πί-55

156 593 308 626 νουσι·
357 581 432 624 καὶ
463 579 547 625 ἀπὸ
586 583 662 637 τῆς
702 578 948 634 παχύτητος
988 577 1126 621 αὐτοῦ
1162 581 1238 634 τῆς
1266 576 1425 633 τρυγὸς

157 651 360 703 παλάθας
398 651 675 701 συντιθέασι,
721 650 795 693 καὶ
832 647 994 701 ταύτας
1035 650 1263 693 σιτέονται.
1321 648 1425 703 πρό·

156 725 267 780 βατα
297 721 381 779 γάρ
413 735 493 778 σφι
523 721 576 766 οὐ
605 721 745 766 πολλά
775 721 890 765 ἐστι·
931 718 986 764 οὐ
1017 720 1099 775 γάρ
1125 734 1166 763 τι
1187 721 1424 764 σπουδαῖαι

131 794 294 850 6νομαὶ
329 791 489 837 αὐτόθι
515 794 609 836 εἰσί.
665 791 771 837 Ὑπὸ
803 792 989 850 δενδρέῳ
1011 791 1057 834 δὲ
1083 791 1263 842 ἕκαστος
1287 793 1426 835 κατοί-

157 879 305 923 κηται·
347 864 427 908 τόν
455 864 534 919 μὲν
562 869 776 920 χειμῶνα,

160 935 334 993 καλύψῃ
374 937 484 995 πίλῳ
524 940 688 993 στεγνῷ
726 938 886 994 λευκῷ·

103 1101 205 1138 iubet
224 1098 378 1137 Salmas.
407 1098 455 1135 ad
477 1096 590 1134 Solin.
620 1111 656 1148 p.
682 1099 762 1139 148

103 1157 146 1195 A.
174 1161 212 1195 et
239 1155 450 1193 Casaubon.
479 1154 526 1191 ad
549 1153 685 1192 Athen.
717 1155 764 1200 ΙΙ,

107 1216 170 1256 16.
195 1212 263 1261 [49
283 1211 329 1249 Τ.
351 1212 363 1249 Ι
387 1225 422 1261 p.
441 1211 522 1251 386
543 1209 763 1260 Schweigh]

105 1270 321 1306 Schaeserus
366 1268 402 1303 in
443 1267 624 1304 Herodoti
663 1272 764 1304 textu

107 1324 266 1364 exhibuit
291 1321 486 1363 σακέουσι.
545 1323 625 1360 Nos
655 1323 765 1360 libro-

106 1395 184 1419 rum
205 1382 418 1431 scriptorum
440 1381 687 1417 auctoritatem
709 1393 766 1418 se-

107 1439 179 1474 cuti
201 1438 413 1475 retinuimus
432 1435 666 1484 σακκέονσι,·
703 1450 766 1473 cu-

106 1495 160 1531 ius
182 1494 283 1531 verbi
305 1505 450 1530 sensum
470 1492 527 1528 vix
550 1498 646 1529 recte
668 1504 767 1530 asse-

106 1555 227 1587 cutum
261 1562 341 1586 esse
371 1553 496 1598 putem
517 1549 677 1585 Heeren.
695 1549 716 1585 l.
744 1548 766 1585 l.

106 1607 158 1643 sic
184 1606 507 1655 interpretantem:
547 1608 626 1651 „sie
647 1606 767 1641 schist-

107 1665 166 1699 ten
183 1664 232 1699 sie
248 1663 287 1698 in
308 1660 466 1698 Sc'icke.“
497 1660 627 1710 Lange
644 1662 767 1699 reddi-

108 1719 182 1756 dit:
227 1720 309 1764 „sie
327 1731 467 1767 pres-sen
490 1720 538 1754 sie
561 1732 628 1754 aus
651 1720 690 1755 in
718 1720 767 1755 θί-

107 1787 184 1812 uem
208 1774 304 1811 Saclc
325 1787 389 1811 υοη
409 1775 563 1823 Zeug.“

166 1828 279 1882 ἅσχυ]
302 1832 438 1868 Vocem
461 1831 541 1867 ask-i
560 1832 658 1881 apud
672 1831 768 1869 Tar-

109 1892 210 1925 taros
231 1900 272 1924 ac
283 1887 478 1936 Mongolos
491 1889 659 1925 acerbum
679 1888 766 1937 quid

111 1944 259 1992 (nigre)
298 1944 502 1992 significare
547 1949 673 1981 auctor
714 1949 769 1981 est

111 1999 332 2037 Maltebrun.
374 1999 516 2036 Annall.
557 2001 592 2036 d.
624 2001 767 2049 Voyag.

112 2056 144 2092 ll
167 2069 202 2105 p.
223 2057 327 2101 373;
361 2057 461 2105 quod
482 2057 600 2106 ipsum
631 2070 716 2100 eos,
747 2070 768 2093 a

112 2112 244 2162 quibus
268 2112 356 2149 haec
375 2112 536 2150 Aristeas
559 2118 670 2162 atque
691 2114 770 2150 He-

111 2168 263 2206 rodotus
285 2169 515 2218 acceperint,
546 2183 612 2219 pro
634 2171 769 2206 fructus

111 2225 298 2262 cuiusdam
319 2224 460 2274 liquore
481 2226 621 2275 cepisse
637 2225 721 2262 vult.

169 2276 359 2327 παλάθας
379 2281 624 2332 συντιθέασι]
636 2282 770 2319 Glossa

112 2337 346 2375 Herodotea:
376 2334 583 2385 παλάθας·
620 2337 770 2390 λέγεται

113 2392 181 2432 καὶ
206 2393 248 2433 ἐκ
271 2391 407 2447 τρυγὸς
427 2391 656 2445 πλάσματα·
699 2411 772 2433 κυ-

115 2450 209 2500 ρίως
235 2447 276 2489 δὲ
295 2448 323 2501 ἦ
343 2453 420 2490 τῶν
446 2447 579 2490 σύκων
605 2449 773 2502 ἐπάλλη-

115 2508 182 2552 λος
203 2505 334 2553 θέσις,
371 2509 434 2545 ubi
457 2509 528 2545 vid.
551 2509 769 2558 wesseling.

118 2561 299 2600 Intellexit
317 2563 465 2612 Noster,
496 2567 525 2602 si
545 2567 632 2615 quid
651 2567 772 2612 video,

119 2630 269 2655 massam
291 2620 449 2657 solidam.
487 2621 671 2671 Namque,
694 2636 773 2659 mo-

120 2679 231 2712 nente
268 2675 485 2727 Wesseling.
531 2680 576 2715 ad
612 2679 769 2716 Diodor.

120 2730 236 2776 XVII,
259 2734 325 2777 67,
353 2738 491 2772 veteres
513 2735 612 2782 ficos,
642 2749 772 2786 pruna,

121 2786 192 2823 alia
208 2787 247 2823 id
265 2800 391 2836 genus,
422 2803 514 2838 quae
535 2792 770 2838 siccaverant,

121 2842 157 2879 in
186 2856 341 2881 massam
361 2845 510 2883 solidam
531 2849 685 2886 densare
705 2862 771 2885 va-

121 2899 264 2949 riasque
302 2900 386 2938 hinc
428 2903 561 2940 formas
597 2905 772 2954 effingere

822 863 954 907 ἐπεάν
992 862 1041 904 τὸ
1072 862 1278 916 δένδρεον
1306 878 1424 918 περι-

947 932 996 976 'cd
1036 933 1082 977 δὲ
1120 932 1278 988 θέρος,
1319 932 1482 978 ἄνευσο

821 1096 1013 1142 solebant,
1053 1108 1144 1145 quas
1166 1090 1354 1142 παλάθας
1374 1108 1483 1134 voca-

820 1154 920 1191 bant.
945 1174 999 1181 —
1028 1152 1087 1190 De
1114 1154 1231 1190 forma
1251 1151 1484 1192 συντιθέασι

822 1209 1060 1247 conf.Matth.
1084 1207 1119 1259 ᾗ.
1142 1211 1237 1256 210,
1265 1213 1301 1251 2.
1333 1205 1483 1261 πρόβα-

821 1282 868 1304 τα
887 1278 981 1315 quae
1001 1266 1188 1312 dicantur,
1227 1267 1483 1303 annotavimus

822 1324 869 1360 ad
911 1322 947 1369 1,
994 1323 1084 1362 133.
1156 1322 1215 1358 Ad
1261 1322 1483 1360 locutionem

825 1378 1040 1419 σπουδαῖαι
1061 1376 1181 1428 νομαὶ
1202 1379 1483 1426 confilV,198.

879 1435 981 1487 πίλῳ
1004 1437 1151 1488 στεγνῷ
1176 1435 1325 1487 λευκῷ]
1377 1435 1485 1479 Quae

824 1492 933 1542 vulgo
958 1495 1125 1528 vertunt:
1165 1493 1229 1528 mit
1250 1492 1359 1528 einem
1383 1491 1484 1529 dich-

824 1552 882 1585 t‘en
910 1549 1053 1584 ‘weissen
1084 1545 1179 1584 Fz'lz.
1238 1548 1336 1585 Nam
1368 1551 1485 1595 πῖλος

824 1606 895 1642 hoc
923 1604 1003 1641 loco
1035 1616 1109 1640 non
1133 1604 1268 1653 pileum
1299 1604 1483 1653 designat,

824 1663 890 1699 sed
922 1664 1056 1709 tegmen
1080 1661 1225 1698 coactae
1255 1676 1271 1697 e
1304 1660 1413 1707 lana,
1446 1665 1486 1698 ut

824 1722 928 1755 notat
960 1716 1178 1766 iVesseling.
1219 1717 1484 1768 Hippocratem

825 1776 938 1811 citans
961 1774 1021 1812 De
1052 1786 1126 1812 aer.
1155 1779 1193 1811 et
1222 1786 1281 1823 aq.
1309 1772 1344 1825 ἓ.
1371 1776 1422 1815 93
1446 1788 1484 1825 p.

826 1834 906 1873 291
929 1831 1008 1879 (ubi
1034 1843 1132 1867 nunc
1152 1831 1224 1869 vid.
1246 1831 1405 1878 Coraes,
1437 1832 1486 1868 de

825 1888 904 1937 ipsa
931 1900 970 1924 re
999 1887 1160 1937 pluribus
1183 1887 1376 1937 disputans
1397 1900 1485 1937 pag.

824 1945 907 1984 273
929 1945 1066 1992 seqq).
1096 1943 1144 1980 Et
1165 1945 1258 1981 conf.
1278 1945 1394 1995 ipsum
1408 1944 1486 1982 He-

824 2000 994 2037 rodotum
1023 1999 1094 2046 lV,
1115 2002 1179 2040 73.
1212 2000 1279 2040 75.
1313 1997 1485 2050 στεγνὸς,

825 2057 926 2106 quod
955 2057 1074 2106 ipsum
1101 2056 1137 2092 in
1156 2056 1395 2106 Hippocratis
1415 2056 1438 2094 l.
1462 2057 1484 2093 Ι.

826 2126 869 2150 ex
890 2112 1040 2161 egregia
1063 2112 1332 2149 Hemsterhusii
1360 2125 1485 2150 emen-

826 2170 975 2205 datione
992 2181 1088 2205 nunc
1103 2167 1252 2217 legitur,
1279 2170 1486 2219 estfirmus,

828 2226 974 2271 densus,
994 2225 1138 2261 solidus.
1181 2225 1364 2262 Invenitur
1387 2227 1486 2275 apud

826 2282 978 2320 Diodor.
997 2282 1129 2327 XVIII,
1147 2281 1223 2327 25,
1253 2282 1314 2318 ubi
1336 2281 1487 2319 Wesse-

826 2338 914 2387 ling.
941 2337 1069 2375 laudat
1088 2338 1241 2375 Diodor.
1269 2337 1340 2374 XX
1363 2338 1424 2375 fin.
1448 2342 1488 2375 et

829 2395 997 2445 Euripid.
1022 2394 1172 2444 Cyclop.
1205 2395 1301 2435 323.
1329 2416 1382 2421 ——
1428 2393 1488 2431 Ad

830 2452 897 2489 loci
918 2456 1170 2501 argumentum
1192 2451 1360 2488 observat
1384 2451 1488 2488 Hee-

829 2522 904 2546 ren.
926 2508 1038 2546 Ideen
1058 2508 1086 2555 l,
1109 2512 1136 2550 2
1159 2520 1245 2557 pag.
1267 2508 1350 2548 283
1373 2507 1488 2545 videri

829 2565 1060 2603 Herodotum
1090 2563 1216 2614 palos,
1259 2576 1370 2613 super
1393 2576 1488 2612 quos

830 2626 1040 2659 sternuntur
1068 2621 1251 2667 tentoria,
1290 2633 1357 2668 pro
1381 2621 1488 2657 arbo-

828 2679 947 2723 ribus,
989 2677 1119 2726 quibus
1152 2690 1242 2714 sane
1274 2676 1322 2712 illi
1352 2676 1487 2714 similes

829 2739 933 2781 sunt,
965 2733 1154 2781 habuisse,
1194 2746 1274 2770 cum
1296 2734 1398 2781 regio
1419 2733 1489 2770 ista

829 2791 1019 2828 arboribus
1038 2803 1163 2828 revera
1185 2801 1334 2840 prorsus
1355 2794 1487 2826 careat.

828 2848 962 2897 Neque
984 2847 1131 2883 omnino
1155 2859 1235 2883 eam
1258 2846 1375 2894 gentis
1403 2858 1488 2895 par-

829 2910 922 2950 tem,
971 2916 1079 2953 quam
1119 2903 1333 2940 Herodotus
1379 2902 1488 2947 norit,

1181 2954 1268 2999 21*
