1904 3304
644 242 993 282 THALIA.

217 362 325 407 3νης
353 352 471 408 νηόν.
525 353 631 412 ἕκτῳ
664 352 709 396 δὲ
741 353 823 396 ἔτεϊ
840 354 1067 408 Αἰγινῆται
1097 351 1259 402 αὐτοὺς
1287 352 1505 408 ναυμαχίῃ
1520 358 1562 390 80

245 423 498 478 νικήσαντες
527 422 905 480 ἠνδραποδίσαντο
936 423 1040 479 μετὰ
1070 426 1278 479 Κρητῶν·
1327 422 1401 465 καὶ
1430 426 1518 465 τῶν

1054 243 1114 280 111.
1434 244 1517 283 1⁰5

245 500 365 550 νηῶν
385 497 601 558 καπρίους
620 496 833 551 ἐχουσέων
862 495 937 546 τὰς
964 493 1141 550 πρώρας
1171 493 1517 550 ἠκρωτηρίασαν,

246 568 316 610 καὶ
348 565 564 610 ἀνέθεσαν
594 567 636 618 ἐς
666 568 715 610 τὸ
747 567 846 623 ἵρόν
874 572 949 624 τῆς
988 566 1222 622 Ἀθηναίης
1265 565 1311 608 ἐν
1347 567 1518 622 Αἰγίνῃ.

189 750 273 775 men
298 737 389 774 deae
422 737 578 774 inditum
609 751 631 775 a
647 742 770 775 monte
791 751 850 774 ur-

190 794 311 842 beque
339 796 568 841 cognomine.
620 794 715 831 Nam
739 795 774 830 in
794 794 848 830 his

190 850 326 887 Cretae
361 850 499 887 insulae
533 852 742 898 regionibus
780 852 850 887 dea

188 907 354 943 venatrix
389 908 602 944 commorari
640 908 848 956 putabatur.

189 962 248 1000 De
272 976 343 1011 qua
365 969 448 1013 post
469 964 669 1013 Spauhem.
696 964 742 999 ad
763 963 847 999 Cal-

189 1019 329 1055 limach.
344 1021 379 1055 in
392 1020 498 1057 Dian.
514 1021 594 1059 :205
617 1020 850 1068 disputarunt

191 1075 365 1112 Creuzer.
397 1077 433 1112 in
454 1076 615 1123 symbol.
638 1077 685 1111 iv
713 1090 748 1126 p.
772 1078 850 1116 150

190 1145 292 1180 seqq.
318 1132 360 1168 C.
385 1133 430 1169 Ο.
451 1132 592 1169 Miiiler.
615 1133 796 1181 Aeginett.
815 1146 850 1182 p.

194 1190 284 1228 165.
312 1189 452 1225 Hoeck.
476 1190 586 1226 Creta
609 1189 618 1224 l
640 1203 674 1239 p.
698 1189 751 1230 24
773 1202 850 1237 seq.

190 1245 309 1281 Huius
339 1250 458 1281 autem
492 1246 583 1282 deae
605 1259 709 1282 sacra
732 1259 811 1281 eum
831 1258 851 1281 a

191 1301 321 1337 Samiis
335 1301 471 1338 Noster
490 1308 630 1351 repetat
649 1301 767 1351 (cuius
784 1303 852 1337 hac

191 1358 227 1393 in
256 1370 295 1394 re
327 1358 573 1394 testimonium
592 1380 647 1385 .-
670 1372 752 1395 nam
784 1359 853 1393 Sa-

191 1415 343 1450 miorum
382 1427 438 1451 res
476 1419 643 1451 accurate
684 1420 852 1459 noverat,

190 1472 285 1508 conf,
314 1475 408 1506 nott.
437 1472 484 1507 ad
515 1471 576 1516 lll,
605 1473 657 1511 60
680 1492 733 1498 --
756 1472 853 1507 omni

190 1526 264 1563 fide
291 1527 481 1574 dignum),
522 1528 611 1563 haec
637 1534 691 1564 est
713 1527 853 1564 Miilleri

189 1582 212 1619 l.
234 1582 255 1618 l.
281 1584 474 1628 sententia,
494 1584 739 1630 Britomartis,
760 1597 853 1632 quae

190 1639 336 1689 proprie
366 1652 407 1676 ac
435 1640 599 1689 primitus
622 1642 851 1678 Cretensium

190 1697 300 1732 suerit
324 1696 415 1741 dea,
448 1702 482 1733 et
500 1696 725 1746 Dictynnae,
758 1710 854 1746 quae

191 1752 316 1788 Samia
343 1753 412 1789 dea
448 1753 577 1799 fuerit,
620 1767 722 1790 sacra
750 1758 852 1803 post-

191 1810 301 1845 modo
319 1810 418 1857 apud
437 1810 663 1857 Cydoniatas
685 1812 719 1846 in
743 1823 852 1846 unum

191 1865 389 1910 coaluisse,
427 1866 477 1901 ita
508 1872 547 1902 ut
580 1869 736 1915 posteris
761 1872 854 1903 tem-

191 1922 340 1970 poribus
373 1922 605 1958 Britomartis
641 1925 751 1960 etiam
786 1922 853 1960 Di-

192 1981 349 2024 ctynnae
377 1979 522 2015 nomine
552 1992 617 2027 per
638 1980 771 2016 Cretae
795 1992 854 2015 ur-

192 2033 258 2070 bes
284 2033 460 2070 coleretur
489 2035 657 2083 adeoque
688 2049 754 2084 pro
781 2048 853 2072 nno

193 2090 398 2138 eodemque
427 2092 574 2128 numine
604 2097 755 2140 utraque
785 2092 853 2129 dea

192 2146 396 2183 haberetur.

253 2201 347 2255 ἕκτῳ
363 2200 403 2240 (δὲ
419 2201 729 2253 ἔτεϊΑἰγινῆται]
746 2204 853 2241 Cous.

192 2259 326 2295 Strabo
354 2259 432 2296 Vll!
464 2274 498 2310 p.
524 2262 606 2300 376
639 2273 675 2308 p.
706 2262 786 2300 577
809 2260 852 2296 A.

192 2316 296 2358 Quae
326 2317 360 2352 in
391 2315 537 2366 Olymp.
568 2316 683 2362 LXV,
715 2320 739 2355 2
767 2317 854 2353 inci-

192 2372 280 2408 dere
305 2373 433 2408 statuit
457 2374 500 2409 C.
525 2373 571 2409 O.
593 2372 723 2409 Miiller
745 2373 854 2421 Aegi-

191 2433 281 2464 nett.
303 2442 337 2478 p.
364 2432 452 2468 113.
498 2430 601 2466 Haec
622 2430 716 2466 enim
738 2430 853 2478 prima

193 2483 453 2533 Aeginetarum
480 2486 546 2521 fuit
568 2486 764 2535 expeditio,
790 2499 852 2522 cu-

193 2541 246 2575 ius
292 2542 339 2577 ad
393 2555 459 2578 nos
505 2544 671 2591 pervenit
712 2543 852 2588 notitia,

193 2600 387 2645 postquam
417 2598 465 2634 illi
495 2600 674 2634 civitatem
703 2599 747 2634 ab
766 2598 853 2648 Epi-

195 2652 400 2689 dauriornm
455 2660 641 2704 potestate
700 2654 853 2691 solutam

196 2709 471 2746 constituerant.
518 2711 570 2747 Ac
591 2724 698 2748 nemo
726 2713 853 2757 nescit,

196 2770 331 2811 quanta
347 2766 566 2803 incrementa
583 2768 775 2817 postmodo
795 2781 852 2804 ce-

194 2820 289 2869 perit
302 2821 557 2869 Aeginetarum
576 2836 633 2860 res
656 2823 791 2860 navalis
810 2837 853 2861 ae

194 2881 415 2925 mercatura,
453 2882 493 2914 ut
520 2892 603 2916 mox
625 2881 717 2917 inter
737 2881 852 2917 Grae-

907 737 982 774 ciae
1011 738 1167 787 populos
1194 734 1576 784 θαλασσοκρατοῦν-

906 809 976 839 τας
1001 795 1216 830 reserantur.
1258 793 1365 829 Conf.
1394 791 1487 827 infra
1510 790 1572 836 111,

909 852 1001 891 139.
1034 871 1089 876 —
1128 850 1240 892 Quod
1276 849 1323 884 ad
1355 849 1467 884 verba
1502 862 1570 884 κα-

905 907 1047 957 πρίους
1067 904 1260 955 ἐχουσέων
1279 905 1432 949 attinet,
1462 903 1571 951 vulgo

906 963 963 999 hie
991 962 1193 1011 intelligunt
1221 975 1347 1011 apros,
1381 972 1572 1009 prumrum

907 1021 1090 1068 insignia,
1131 1019 1284 1067 quibus,
1332 1018 1571 1066 quemadmo-

908 1078 992 1113 dum
1014 1076 1105 1112 aliae
1123 1080 1252 1124 gentes
1273 1075 1464 1120 arietibus,
1496 1073 1572 1110 leo-

908 1134 1026 1178 nibus,
1050 1132 1124 1168 aliis
1143 1132 1348 1167 istiusmodi
1367 1131 1493 1179 signis,
1521 1130 1571 1166 ita

908 1190 1021 1226 Samii
1042 1202 1152 1225 naves
1176 1201 1258 1224 suas
1280 1200 1456 1224 exornare
1476 1186 1573 1222 soliti

908 1247 1054 1283 suerint.
1095 1245 1176 1281 vid.
1198 1245 1394 1281 Ruhnken.
1420 1244 1454 1279 in
1476 1244 1572 1280 Diss.

910 1303 956 1339 de
982 1315 1085 1338 navv.
1113 1313 1328 1351 parasemm.
1358 1301 1394 1336 in
1416 1301 1572 1349 Opusec.

909 1358 1038 1395 Aeadd
1080 1371 1164 1407 parv.
1191 1360 1272 1397 279
1305 1356 1366 1406 (1).
1389 1359 1470 1396 418
1494 1356 1536 1392 T.
1557 1356 1571 1391 l

911 1416 968 1452 ed.
990 1413 1242 1463 Bergmann.)
1307 1413 1388 1450 Nec
1412 1413 1517 1449 aliter
1536 1412 1573 1448 in

908 1472 1020 1519 Lycia
1054 1471 1153 1520 apud
1187 1469 1391 1507 Phaselitas
1429 1470 1573 1505 navium

909 1541 1036 1577 proras
1055 1528 1152 1575 apris
1170 1528 1280 1563 fuisse
1301 1527 1490 1574 insignitas
1504 1539 1573 1562 nu-

911 1584 958 1621 mi
980 1589 1207 1629 monstrant,
1246 1585 1402 1619 docente
1423 1581 1573 1618 Eckhel.

909 1641 955 1678 1).
977 1640 1022 1677 N.
1047 1640 1058 1675 1
1084 1640 1163 1676 Vol.
1191 1640 1238 1675 111
1259 1653 1294 1689 p.
1314 1641 1360 1684 6,
1391 1651 1498 1687 quem
1520 1638 1574 1674 1ο-

909 1711 987 1733 cum
1031 1697 1275 1746 adscripserat
1311 1695 1376 1732 Cr.
1440 1696 1491 1732 At
1525 1696 1573 1732 de

910 1754 1113 1790 istiusmodi
1125 1753 1346 1789 ornamentis
1359 1753 1501 1788 navium
1515 1752 1573 1787 hic

910 1811 1063 1858 eogitari
1095 1823 1203 1859 posse
1228 1815 1342 1857 negat
1369 1809 1501 1846 Naeke
1524 1808 1572 1844 ad

910 1866 1070 1903 Choerili
1102 1868 1267 1915 tragmm.
1300 1879 1335 1915 p.
1360 1867 1460 1912 157,
1502 1870 1576 1901 tam

912 1923 957 1959 ob
982 1923 1142 1959 Choerili
1173 1936 1314 1959 versum
1341 1922 1470 1972 (apud
1499 1921 1576 1958 He—

912 1979 1008 2027 sych.
1043 1992 1070 2015 s.
1095 1993 1127 2015 v.
1161 1976 1362 2029 Σαμιακὸς
1400 1973 1575 2027 τρόπος)

911 2036 1106 2084 ipsumque
1126 2036 1376 2080 Herodotum,
1409 2035 1470 2083 qui
1489 2048 1575 2085 pro-

911 2104 969 2128 ras
1003 2092 1147 2128 navium
1186 2105 1274 2141 apro
1307 2097 1484 2139 tanquam
1520 2091 1574 2127 in-

912 2148 1007 2195 signi
1038 2153 1184 2184 ornatas
1218 2151 1404 2196 nunqnam
1436 2147 1573 2197 καπρί-

914 2219 982 2249 ους
1022 2204 1182 2240 dicturus
1218 2206 1368 2250 suisset,
1418 2209 1492 2240 tum
1525 2205 1571 2241 ob

911 2261 991 2310 ipsa
1014 2260 1187 2310 Hesychii
1211 2262 1346 2307 verba,
1377 2273 1419 2297 ex
1442 2261 1572 2309 quibus

910 2318 1031 2367 potius
1061 2330 1172 2353 naves
1202 2318 1273 2353 sint
1298 2316 1572 2365 intelligendae,

911 2386 1006 2422 quae
1027 2386 1099 2409 non
1127 2375 1206 2424 apri
1229 2374 1370 2422 insigne
1391 2374 1428 2409 in
1450 2386 1572 2423 prora,

911 2430 978 2466 sed
1005 2429 1117 2479 ipsius
1150 2443 1280 2479 prorae
1308 2431 1573 2467 extremitatem

910 2487 1076 2522 obtusam
1105 2487 1298 2523 habuerint
1328 2492 1363 2524 et
1390 2488 1573 2532 reflexam,

910 2548 947 2578 ut
964 2542 1008 2578 sit
1020 2546 1093 2579 suis
1106 2549 1284 2588 ros-trum,
1315 2544 1412 2579 unde
1429 2545 1573 2590 sactum,

911 2605 950 2634 ut
972 2600 1050 2648 ipsa
1079 2600 1180 2635 naxis
1213 2600 1283 2635 suis
1312 2600 1495 2648 quandam
1524 2600 1574 2636 si-

909 2655 1149 2692 militudinem
1178 2669 1266 2706 prae
1290 2669 1329 2692 se
1358 2658 1451 2693 serre
1472 2657 1574 2692 vide-

909 2716 1020 2748 retur.

967 2766 1005 2813 ἐς
1023 2764 1066 2804 τό
1093 2763 1181 2815 ἷρὸν
1202 2770 1274 2817 τῆς
1291 2763 1507 2817 Ἀθηναίης
1528 2765 1570 2804 ἕν

909 2822 1073 2878 Αἰγίνῃ]
1113 2824 1216 2861 Haec
1238 2825 1399 2873 intelligo
1421 2825 1468 2861 de
1487 2822 1568 2859 Mi-

909 2893 1020 2917 nerva
1052 2879 1225 2926 Pallade,
1282 2885 1321 2918 ut
1365 2880 1444 2918 aliis
1484 2879 1570 2916 locis

1574 349 1685 384 nquius
1717 358 1734 376 a
1767 350 1851 377 Sami

1576 392 1647 417 rege
1661 383 1851 419 Amphicrate

1574 417 1691 445 illatum
1720 418 1849 452 Aegine-

1576 452 1623 478 tia.
