1904 3304
686 231 1034 271 THALIA.
1094 231 1155 269 111.

288 344 375 387 ἐστὶ
416 342 593 400 μέγιστα
624 342 829 386 ἁπάντων
863 340 1079 397 Ἑλλήνων
1114 338 1415 394 ἐξεργασμένα.

287 415 386 470 ρεός
415 432 458 459 τε
488 402 662 472 ὑψηλοῦ
691 413 734 466 ἐς
761 413 1030 469 πεντήκοντα

228 563 253 602 9
275 560 310 612 §.
330 562 376 608 4)
411 562 507 600 inter
536 573 647 611 opera
671 573 693 596 a
712 560 891 609 tyrannis,

228 631 301 667 quo
322 618 466 668 plebem
487 617 626 656 alerent
648 618 796 666 eiusque
811 616 891 653 ani-

228 687 306 711 mos
330 687 352 711 a
372 675 480 711 rebus
508 673 661 725 publicis
684 677 891 719 avocarent,

226 732 414 777 confecta,
454 732 553 767 Sami
585 742 731 779 quoqne
754 742 892 766 memo-

227 792 284 824 rat
318 785 408 838 ἔργα
451 784 746 837 Πολυκράτεια,
797 797 892 834 quae

227 844 275 880 ad
297 846 365 880 tria
387 846 457 881 ista
478 856 589 895 opera
609 843 642 879 h.
669 842 690 879 Ι.
712 843 757 879 ab
769 842 891 879 Hero-

227 901 315 937 doto
334 901 494 937 indicata
510 900 619 948 vulgo
642 900 814 936 referunt.
837 897 890 934 Ac

228 957 315 993 satis
346 957 494 1005 quidem
528 961 673 1002 notum,
712 961 889 1004 tyrannos

226 1014 279 1049 ita
307 1013 522 1063 plerumque
551 1012 692 1061 egisse,
739 1016 779 1048 ut
812 1010 891 1061 ple-

226 1070 307 1106 bem
349 1070 503 1106 otiosam
541 1070 712 1119 operibus
746 1068 888 1116 magnis

226 1125 455 1174 molibusque
484 1125 714 1162 exstruendis
747 1125 888 1161 detine-

225 1186 309 1219 rent
339 1195 457 1231 eoque
482 1183 563 1232 ipso
596 1194 618 1218 a
650 1182 887 1218 seditionibus

225 1239 461 1287 motibusque
478 1243 664 1274 avocatam
684 1238 805 1286 iugum
824 1238 890 1272 im-

224 1295 383 1345 positum
419 1296 600 1344 patienter
640 1295 734 1330 serre
780 1294 890 1330 doce-

226 1355 317 1388 rent.
361 1350 470 1387 Conf.
495 1363 588 1399 quae
609 1351 743 1387 excitat
764 1350 806 1386 C.
827 1349 888 1386 Fr.

224 1406 426 1444 Hermann.
461 1406 595 1444 Lehrb.
635 1407 700 1443 der
741 1406 886 1444 Griech.

225 1462 495 1499 Staatsalterth.
513 1461 550 1512 ᾗ.
571 1461 623 1502 64
647 1466 723 1499 not.
744 1464 780 1501 3.
829 1461 888 1498 Ad

223 1519 428 1567 Polycratis
447 1519 506 1555 illa
523 1520 624 1568 quod
643 1520 776 1555 attinet
797 1532 888 1568 ope-

222 1587 263 1612 ra
283 1576 373 1621 tria,
415 1575 599 1613 Heraeum
623 1575 709 1612 inde
731 1576 886 1612 eximere

223 1631 357 1677 licebit,
388 1632 526 1682 quippe
545 1632 646 1681 quod
663 1631 772 1680 longe
787 1631 886 1682 prius

223 1689 357 1725 exstrui
370 1694 537 1737 coeptum
551 1693 608 1725 est
620 1693 657 1725 et
668 1689 884 1725 consectum.

222 1744 305 1781 vid.
336 1744 371 1781 T
374 1745 526 1783 hiersch.
557 1744 733 1794 Epochen
759 1749 825 1781 etc.
848 1758 885 1794 p.

225 1799 319 1841 184.
345 1801 435 1841 185.
457 1823 513 1827 —
534 1802 576 1838 In
595 1802 799 1837 universum
819 1813 884 1837 au-

223 1862 295 1894 tem
316 1857 350 1893 h.
368 1857 390 1893 l.
412 1858 529 1894 teneri
549 1857 672 1904 velim,
710 1858 883 1894 Herodo-

223 1919 298 1949 tum
320 1914 465 1963 saepius
485 1914 558 1950 suis
571 1915 607 1950 in
625 1913 723 1950 libris
733 1914 883 1950 Samum

224 1970 403 2019 respicere
422 1972 571 2018 eiusque
590 1983 649 2007 res
666 1971 883 2006 memorabi-

223 2025 276 2062 les
299 2026 433 2063 referre
453 2026 624 2075 singulari
645 2027 803 2075 quadam
824 2027 881 2062 in-

224 2082 382 2127 dustria,
441 2083 539 2119 unde
588 2082 778 2120 verisimile
827 2083 881 2128 fit,

223 2138 325 2187 quod
346 2139 479 2176 Suidas
498 2152 525 2177 S.
550 2151 583 2176 v.
604 2137 734 2189 Ἡροδ.
760 2139 883 2185 tradit,

221 2194 452 2232 Herodotum
487 2195 555 2232 hac
592 2195 627 2231 in
668 2194 783 2231 insula
819 2195 883 2231 ali-

221 2252 395 2299 quamdiu
432 2257 694 2288 commoratum
725 2252 883 2288 lonicam

223 2307 394 2345 didicisse
423 2308 615 2345 dialectum
655 2308 884 2346 historianive

221 2365 480 2414 conscripsisse
498 2364 553 2401 vel
575 2365 674 2413 quod
698 2364 886 2412 malumus,

224 2421 439 2458 scribendae
464 2421 637 2458 historiae
665 2422 806 2457 initium
830 2421 885 2457 fe·-

221 2476 326 2514 cisse.
382 2477 489 2513 Conf.
520 2478 663 2515 Herod.
691 2477 762 2523 ΙΙΙ,
806 2478 883 2518 139

223 2532 302 2569 init.
327 2537 362 2570 et
388 2533 513 2582 Heyse
535 2534 685 2577 Quaest.
705 2534 844 2570 Herod.
870 2533 882 2569 1

223 2599 260 2636 p.
282 2590 347 2627 88.
379 2589 478 2632 Quin
500 2590 578 2640 ipsa
597 2590 739 2639 longior
758 2603 882 2626 narra-

226 2643 275 2678 tio
297 2644 344 2681 de
362 2644 555 2694 Polycrate
573 2647 778 2695 Samiisque
801 2646 835 2683 h.
859 2645 881 2682 l.

225 2699 380 2747 inserta,
452 2704 691 2752 comprobare
740 2704 884 2739 videtur

225 2756 410 2805 scriptoris
430 2759 587 2796 animum
613 2760 660 2796 ad
679 2760 883 2796 Samiorum

225 2822 281 2847 res
301 2812 404 2849 valde
421 2813 611 2860 intentum,
631 2816 729 2852 haud
745 2817 818 2853 scio
837 2829 883 2852 an

226 2879 305 2904 eam
337 2868 453 2918 ipsam
493 2871 539 2906 ob
579 2884 720 2908 causam
734 2901 744 2919 ‚
785 2873 884 2922 quod

1471 233 1553 272 107

1058 428 1130 456 και
1167 410 1323 454 ἑκατὸν
1359 409 1555 466 ὀργυιάς,
1613 450 1628 468 r

1631 450 1723 473 elisis,

1612 483 1664 501 cus

1476 339 1549 383 ov'-
1557 347 1601 380 90
1581 338 1885 435 Οξὲἓῗθξῖἒῖἑῖἷῗὸῗῑ

1642 395 1888 448 upalinuauega-

1741 447 1771 468 et
1789 442 1887 469 Rhoe-

1694 475 1813 503 Samius
1840 484 1887 503 ar-

1615 508 1745 536 chitecti.

948 560 1085 597 diutius
1107 558 1173 595 hac
1190 559 1226 595 in
1246 557 1360 594 insula
1378 558 1498 594 fuerat
1515 569 1615 594 com-

949 620 1125 653 moratus.
1167 614 1227 652 De
1247 614 1451 651 istiusmodi
1470 614 1611 662 digres-

949 672 1110 709 sionibus
1133 672 1170 708 in
1190 683 1302 721 opere
1321 671 1536 708 Herodoteo
1558 670 1614 706 di-

948 730 1063 765 ximus
1092 727 1189 775 adl,
1211 729 1287 773 233
1328 740 1418 776 quas
1448 727 1484 763 in
1514 726 1612 763 nullo

947 785 1017 822 alio
1037 785 1268 821 historiarum
1288 785 1465 834 scriptore
1484 783 1611 820 obvias

948 843 996 878 ad
1013 841 1173 878 indolem
1185 840 1420 878 Herodoteae
1438 841 1612 877 historiae

946 898 1149 948 pertinere,
1196 899 1412 946 praesertim
1447 897 1482 933 in
1525 897 1610 933 satis

947 960 1186 1003 tyrannorum
1222 953 1400 990 Graeciae
1438 965 1611 990 enarran-

948 1012 1003 1048 dis
1027 1010 1270 1060 conspicuam,
1304 1014 1427 1047 monet
1451 1010 1610 1046 Creuze-

947 1081 1008 1104 rus
1026 1068 1125 1103 Hist.
1143 1066 1266 1102 Kunst
1293 1067 1329 1103 d.
1353 1066 1498 1103 Griech.
1521 1078 1609 1116 pag.

946 1126 1048 1171 273,
1095 1135 1173 1160 cum
1200 1122 1290 1159 haec
1320 1135 1443 1160 earum
1471 1123 1519 1158 sit
1545 1123 1611 1168 vis,

947 1186 985 1217 ut
1010 1181 1133 1217 hostes
1151 1179 1317 1216 Graecae
1346 1179 1522 1216 libertatis
1542 1192 1610 1229 pu-

946 1237 1013 1273 niri
1036 1249 1103 1274 nec
1123 1235 1232 1272 ullum
1255 1235 1371 1272 scelus
1398 1248 1420 1272 a
1448 1236 1609 1272 xiiidicta

946 1294 1097 1330 divina
1090 1305 1237 1342 impune
1257 1292 1342 1329 ferri
1365 1296 1557 1342 appareat.

1004 1344 1146 1400 ουόεός
1174 1362 1213 1386 τε
1238 1346 1404 1397 υψηλοῦ
1433 1363 1467 1385 κ
1499 1363 1530 1385 τ.
1555 1347 1606 1397 λ]

946 1407 967 1442 i.
987 1419 1018 1443 e.
1041 1405 1228 1453 „Pramum
1248 1418 1331 1455 opus
1352 1408 1401 1440 est
1414 1407 1540 1441 montes
1558 1406 1609 1451 (s

946 1463 982 1498 in
1002 1464 1168 1510 monte),
1202 1463 1263 1509 qui
1284 1461 1332 1498 ad
1351 1465 1484 1497 centum
1506 1463 1610 1510 quin-

946 1521 1124 1567 quaginta
1152 1519 1297 1567 orgyias
1334 1518 1432 1553 altus
1458 1522 1530 1561 est;
1571 1519 1610 1554 in

944 1576 1006 1611 hoc
1029 1577 1144 1623 igitur
1163 1578 1275 1610 moute
1299 1574 1402 1623 fossa
1427 1578 1476 1610 est
1499 1574 1610 1610 declu-

945 1636 1003 1668 cta
1025 1633 1068 1667 ab
1088 1633 1276 1667 intentante
1298 1633 1470 1680 incipiens
1490 1635 1522 1667 et
1543 1631 1609 1667 (lu-

940 1689 1033 1738 pll'ci
1048 1690 1216 1737 utrinque
1231 1700 1286 1723 ore
1307 1690 1503 1731 instructa3
1527 1687 1609 1737 sos-

944 1759 1002 1781 sae
1033 1744 1217 1792 longitudo
1243 1747 1292 1780 est
1321 1747 1447 1793 septem
1474 1745 1609 1781 stadio-

942 1815 1034 1847 rum,
1056 1801 1212 1837 altitudo
1233 1805 1265 1837 et
1288 1801 1442 1837 latitudo
1455 1805 1528 1837 octo
1544 1815 1608 1850 pe-

943 1859 1025 1895 dum
1050 1858 1244 1907 utrttqioef‘
1277 1858 1348 1894 Ubi
1372 1871 1442 1894 vox
1461 1853 1606 1896 τούτου

940 1917 1097 1952 refertur
1117 1915 1166 1951 ad
1186 1911 1325 1964 οὔρεος
1346 1927 1418 1950 non
1437 1914 1507 1951 alia
1528 1915 1606 1951 sere

939 1972 1078 2008 ratione
1094 1976 1204 2019 atque
1223 1971 1287 2018 lll,
1302 1970 1352 2010 14
1369 1971 1448 2007 init.
1464 1970 1609 2007 Articu-

939 2029 1012 2064 lum
1036 2024 1078 2065 τὸ
1102 2032 1187 2064 ante
1208 2024 1362 2078 ὄρυγμα
1379 2027 1489 2075 vulgo
1508 2027 1607 2077 posi-

938 2090 1014 2120 tum
1028 2096 1107 2120 cum
1119 2083 1287 2132 Schwgh.
1301 2088 1336 2120 et
1349 2083 1465 2119 Gaisf.
1477 2083 1606 2120 delevi.

940 2135 1167 2189 α’ρξάμενον
1198 2152 1273 2175 non
1305 2139 1411 2176 aliter
1444 2139 1605 2188 positum

944 2202 1058 2245 atque
1098 2195 1155 2242 ll,
1199 2198 1262 2236 17.
1301 2197 1366 2234 33.
1420 2195 1491 2242 Ill,
1540 2198 1606 2235 91.

940 2253 998 2289 Ad
1028 2248 1071 2290 τό
1101 2254 1253 2302 μῆκος,
1293 2248 1334 2289 τὸ
1363 2247 1474 2300 ὕψος
1508 2252 1604 2288 conf.

942 2308 1075 2345 Matth.
1099 2308 1166 2346 Gr.
1191 2308 1256 2345 Gr.
1281 2306 1319 2358 ἓ.
1339 2307 1443 2355 428,
1471 2307 1495 2348 5
1518 2321 1604 2358 pag.

942 2366 1037 2406 794.
1050 2387 1106 2392 --
1125 2364 1263 2413 Tangit
1283 2365 1469 2402 Herodoti
1489 2364 1606 2401 locum

940 2421 1156 2458 Eustathius
1197 2422 1247 2458 ad
1277 2421 1430 2469 Dionys.
1460 2421 1605 2469 Perieg.

941 2480 1035 2518 533.
1058 2497 1111 2505 ——
1145 2477 1202 2515 De
1224 2478 1312 2528 ipsis
1335 2478 1512 2514 mensuris
1532 2478 1605 2514 vid.

940 2540 1032 2571 nott.
1062 2535 1110 2570 ad
1132 2534 1178 2580 11,
1214 2535 1307 2574 149.
1354 2533 1466 2571 Unde
1490 2538 1606 2584 patet,

939 2596 1083 2628 centum
1138 2590 1408 2639 quinquaginta
1455 2591 1602 2639 orgyias

939 2659 1098 2696 aequare
1119 2652 1326 2695 nongentos
1346 2647 1461 2696 pedes
1483 2647 1603 2683 Grae-

941 2717 1024 2749 cos,
1073 2703 1148 2740 sive
1180 2716 1290 2739 unum
1322 2703 1479 2740 stadium
1512 2702 1603 2738 alte-

941 2761 1089 2808 riusque
1110 2760 1319 2804 dimidium3
1359 2772 1445 2796 nam
1473 2758 1602 2807 orgyia

942 2829 1005 2852 sex
1032 2820 1177 2853 constat
1205 2816 1360 2866 pedibus
1400 2815 1475 2851 sive
1508 2825 1599 2862 qua-

943 2880 1024 2909 tuor
1043 2873 1180 2909 cubitis.
1230 2872 1333 2909 Haec
1357 2871 1386 2907 si
1410 2871 1457 2908 ad
1476 2881 1600 2908 recen-
