1904 3304
597 225 946 266 THALIA.
1004 225 1069 264 111.
1391 225 1476 265 185

201 349 343 395 ρουσι,
363 337 462 382 οὔτε
483 338 623 388 οἰκίας
641 339 872 394 νομίζουσι
889 336 1108 393 ἐκτῆσθαι·
1140 333 1464 390 ποιηφαγέουσι
1475 342 1518 376 60
1531 333 1633 360 ¹”0‘b0
1647 332 1750 360 “ffeffi
1763 341 1810 360 ⁵⁸·

201 413 269 465 δὲ,
307 411 380 455 καὶ
401 409 572 453 αὐτοῖσί
599 411 686 453 ἐστι
708 410 817 453 ὅσον
847 410 1024 464 κέγχρος
1052 407 1101 450 τὸ
1121 407 1314 463 μέγαθος
1336 404 1384 448 ἐν
1401 404 1475 447 κά-

1533 367 1643 394 cedunt
1663 367 1694 394 in
1713 367 1811 395 locum

1533 402 1638 429 solutu.

199 488 319 534 λυκι,
354 480 603 538 αὐτόματον
621 481 666 524 ἐκ
688 485 762 537 τῆς
787 485 866 537 γῆς
886 478 1138 536 γινόμενον·
1176 477 1225 520 τό
1248 477 1476 532 συλλέγον-

173 561 292 606 Ξτες,
325 552 436 609 αὐτῇ
457 553 614 596 κάλυκι
633 552 790 604 ἕψουσί
809 568 853 595 τε
874 552 947 595 καὶ
967 549 1194 594 σιτέονται.
1227 546 1274 600 ὃς
1297 547 1337 592 δ’
1361 547 1415 591 ἂν
1437 547 1479 599 ἐς

199 630 365 670 νοῦσον
403 621 551 667 αὐτῶν
587 623 719 680 πέσῃ,
760 623 905 667 ἐλθών
934 623 977 673 ἐς
1006 622 1084 678 τὴν
1116 622 1277 677 ἔρημον
1315 618 1478 663 κέεται·

203 698 422 752 φροντίζει
460 695 506 738 δὲ
548 693 694 746 οὐδεὶς
738 693 834 738 οὔτ’

57 764 154 812 101
200 784 401 824 μνοντος.
461 768 590 818 Μίξις
620 766 665 809 δὲ
695 765 864 810 τούτων
886 769 974 808 τῶν
1000 764 1150 808 Ἰνδῶν
1167 767 1256 807 τῶν
1273 763 1475 814 κατέλεξα
1534 763 1645 789 ⁰¹¹¹¹¹⁸³
1663 760 1718 788 ¹¹³⁸
1736 769 1810 796 {3⁸¹¹-

201 839 378 884 πάντων
407 836 605 894 ἐμφανής
630 837 739 888 ἐστι,
771 836 964 890 κατάπερ
995 841 1083 879 τῶν
1112 834 1371 890 προβάτων·
1402 834 1476 877 καὶ

874 693 1179 744 ἀποθανόντος
1190 726 1199 740 ,
1260 690 1359 735 οὔτε
1400 689 1476 734 κά·
1486 694 1531 730 65

1533 800 1578 823 tes
1597 796 1627 822 in
1651 796 1810 830 propatulo

1534 830 1633 856 coire:
1653 834 1752 856 atrum
1774 829 1811 856 iis

1535 864 1684 895 colorem,
1714 867 1811 890 atram

1534 898 1704 931 genituram
1722 905 1788 923 esse
1802 905 1811 923 ι

202 911 251 954 τό
280 913 431 966 χρῶμα
463 909 676 966 φορέουσι
707 908 860 953 ὁκοῖον
888 907 1045 958 πάντες
1074 907 1146 951 καὶ
1171 905 1478 963 παραπλήσιον
1534 932 1654 966 longius
1675 930 1813 958 arenis

146 1073 204 1105 tus
226 1067 385 1104 tenuisse
403 1068 541 1112 monet,
560 1078 696 1114 eosque
713 1065 811 1115 ipsos

148 1137 222 1161 non
246 1123 349 1160 aliter
367 1127 478 1172 atque
498 1122 607 1158 Indos
622 1135 651 1159 5.
666 1122 811 1158 Hindus

149 1193 294 1218 carnem
310 1179 522 1230 plerumque
537 1180 711 1225 aversari,
730 1177 810 1215 bel-

149 1238 279 1274 licosos
298 1236 508 1284 caeteroqui
527 1240 563 1272 et
575 1235 683 1272 valde
702 1235 811 1271 rudes

149 1293 207 1330 vel
237 1297 363 1328 nostra
396 1297 527 1328 aetate.
594 1292 700 1334 Quae
731 1304 811 1327 cum

150 1349 331 1387 Herodoti
350 1349 469 1385 verbis
489 1349 728 1393 conveniunt3
749 1360 817 1384 nec

151 1407 396 1453 refragantur,
420 1418 514 1454 quae
531 1405 577 1442 de
599 1405 704 1453 nigro
727 1405 817 1440 isto-

152 1475 230 1498 rum
260 1461 429 1498 Indorum
459 1461 578 1498 colore
602 1461 703 1497 Idem
733 1473 817 1510 per-

153 1518 319 1568 scripsit,
350 1530 428 1554 cum
458 1517 494 1553 in
520 1517 814 1555 meridionalibus

150 1573 278 1611 Indiae
310 1574 482 1610 tractibus
512 1574 677 1610 homines
708 1586 815 1623 repe-

150 1631 289 1667 riantur
329 1629 386 1667 vel
425 1643 574 1680 prorsus
617 1631 712 1679 nigri
757 1629 815 1666 vel

151 1699 304 1736 quorum
328 1686 426 1723 color
447 1687 496 1724 ad
518 1688 701 1736 nigritiam
728 1698 816 1738 pro-

151 1744 244 1780 xime
267 1744 428 1780 accedat.

212 1798 280 1838 καὶ
313 1795 469 1838 αὐτοῖσί
496 1798 574 1838 ἔστι
601 1795 698 1839 ὅσον
729 1796 815 1850 κέγ-

152 1871 245 1907 χρος
285 1852 328 1895 τὸ
359 1854 534 1907 μέγαθος
575 1855 616 1895 ἐν
656 1852 811 1905 κάλυκι]

153 1913 273 1960 Vulgo
293 1912 385 1949 haec
404 1913 450 1949 de
470 1926 578 1962 oryza
596 1913 813 1961 intelligunt,

154 1980 227 2017 qua
255 1968 381 2005 Indiae
407 1974 535 2017 gentes
559 1971 654 2006 vesei
684 1971 814 2005 vitam-

155 2037 227 2073 que
261 2025 485 2074 potissimum
516 2030 719 2062 sustentare
759 2026 815 2062 di-

155 2086 293 2117 cuntur.
332 2082 439 2117 Conf.
467 2082 627 2118 Heeren.
652 2083 763 2118 Ideen
786 2082 814 2128 l,

159 2140 178 2176 1
201 2150 286 2186 pag·
308 2138 388 2177 366
423 2138 519 2184 (coll.
547 2143 637 2174 nott.
668 2138 716 2174 ad
736 2138 816 2175 He-

153 2194 231 2230 rod.
256 2193 320 2239 111,
343 2195 416 2241 97)
445 2200 480 2231 et
499 2195 630 2243 Heyne
658 2195 813 2244 Opuscc.

152 2249 296 2286 Acadd.
322 2250 368 2286 T.
395 2251 409 2286 l
440 2264 525 2300 pag.
553 2251 633 2291 345
658 2251 694 2286 in
722 2256 814 2287 nott.

155 2307 250 2343 Cum
270 2319 355 2343 vero
381 2306 416 2343 h.
443 2307 464 2343 1.
485 2320 609 2344 semen
629 2320 818 2357 compare-

152 2366 211 2399 tur
232 2375 313 2399 cum
335 2363 431 2400 milio
457 2376 582 2413 parvo,
613 2364 710 2401 unde
734 2377 819 2413 ory-

154 2432 220 2456 zae
253 2420 388 2457 semine
419 2421 536 2457 minus
563 2421 672 2458 fnisse
700 2420 819 2469 colligi

153 2480 296 2524 potest,
326 2489 478 2526 cumque
499 2490 623 2514 semen
645 2490 716 2513 una
737 2490 818 2513 cnm

155 2530 264 2568 calice
284 2532 391 2569 fuerit
416 2538 569 2580 coctum,
599 2534 636 2569 id
657 2534 759 2582 quod
782 2534 819 2569 in

157 2599 302 2635 oryzam
337 2590 481 2627 minime
514 2591 647 2627 cadere
679 2594 815 2639 potest,

156 2641 263 2678 Link.
285 2643 374 2689 (Die
395 2645 536 2683 Urwelt
559 2660 595 2696 p.
613 2648 714 2693 218)
739 2647 818 2683 He-

157 2699 325 2735 rodotum
348 2700 402 2736 hic
422 2701 519 2750 loqui
542 2704 669 2739 statuit
688 2704 733 2739 de
746 2702 817 2738 He·-

160 2755 250 2790 hisco
271 2757 442 2803 quodam,
471 2759 569 2794 cuins
588 2759 708 2808 plures
734 2772 818 2809 spe-

159 2811 229 2847 cies
249 2824 315 2860 per
342 2812 480 2849 Indiam
501 2816 559 2850 edi
582 2815 736 2862 soleant,
768 2816 818 2851 ita

159 2871 200 2903 ut
233 2867 368 2904 fructus
395 2881 469 2906 non
499 2871 651 2921 maturi,
681 2884 817 2919 semen,

868 1075 955 1101 arca
980 1066 1018 1100 et
1044 1062 1132 1099 calix
1152 1061 1257 1098 simul
1277 1074 1349 1099 una
1371 1072 1534 1110 coquan-

869 1126 939 1157 tur.
1000 1119 1133 1156 Semen
1164 1123 1342 1156 maturum
1375 1130 1535 1167 aequare

869 1189 1043 1225 magnum
1082 1175 1217 1212 milium
1265 1175 1534 1224 magnitudine,

870 1235 1097 1270 immaturum
1128 1245 1252 1270 semen
1289 1245 1369 1270 esse
1406 1232 1534 1268 minus.

872 1290 931 1327 De
968 1303 1077 1339 oryza
1109 1290 1340 1326 dubitaverat
1387 1300 1536 1337 quoque

873 1347 983 1392 Miot,
1014 1336 1075 1395 qui
1099 1346 1251 1382 indicari
1276 1345 1412 1381 iudicat
1436 1344 1536 1381 Dou-

874 1403 941 1439 rah
972 1416 999 1439 s.
1038 1402 1173 1439 holcum
1211 1402 1377 1450 sorglmm
1412 1400 1536 1446 Linn.,

875 1473 954 1496 cum
977 1460 1012 1495 in
1034 1459 1136 1496 India
1152 1472 1269 1508 aeque
1288 1463 1400 1507 atque
1413 1458 1449 1494 in
1465 1458 1537 1494 Ae-

875 1520 992 1566 gypto
1013 1516 1200 1562 (cfi11,36
1220 1516 1308 1563 ibiq.
1326 1513 1441 1564 nott.)
1457 1513 1539 1550 hol-

872 1585 933 1609 cus
962 1572 1188 1617 inveniatur,
1210 1572 1393 1620 sigillatim
1414 1571 1448 1607 in
1479 1583 1537 1608 re-

872 1630 1044 1678 gionibus
1082 1630 1371 1678 septentrionem
1411 1640 1536 1664 versus

871 1698 894 1723 a
922 1690 1018 1723 terra
1043 1686 1183 1722 Paniab
1217 1686 1315 1731 sitis,
1345 1688 1383 1721 ut
1415 1687 1541 1721 monet

872 1742 1093 1780 Maltebrun.
1114 1741 1136 1778 l.
1156 1742 1177 1779 l.
1202 1755 1287 1792 pag.
1309 1742 1404 1782 323.
1426 1763 1480 1768 —
1498 1740 1541 1777 In

872 1812 977 1848 seqq.
1009 1799 1135 1848 scripsi
1161 1812 1240 1836 cum
1271 1802 1421 1836 recentt.
1453 1797 1538 1835 edd.

873 1851 976 1910 αὐτῇ
1018 1851 1160 1894 κάλυκι
1211 1868 1279 1907 pro
1336 1849 1441 1909 αὐτῇ
1486 1854 1539 1908 τῇ

871 1908 1025 1951 κάλυκα

1105 1991 1216 2041 Cap.
1245 1990 1307 2027 CI.

928 2079 996 2119 καὶ
1023 2077 1067 2119 τό
1095 2083 1233 2131 χρῶμα
1261 2078 1454 2131 φορέουσι
1482 2101 1538 2107 —

873 2135 1080 2186 Αἰθίοψι]
1120 2137 1223 2173 Haec
1252 2137 1437 2174 verissime
1466 2136 1538 2172 dici

875 2207 917 2231 ex
930 2194 1115 2231 Heerenio
1137 2194 1246 2229 modo
1268 2194 1404 2232 notavi.
1444 2193 1538 2229 Cum

874 2251 1069 2287 Herodoto
1116 2250 1349 2286 consentiunt
1396 2249 1539 2286 Arrian.

874 2307 969 2357 Exp.
996 2307 1096 2343 Alex.
1126 2306 1171 2353 V,
1193 2305 1232 2353 4,
1258 2310 1295 2348 8.
1336 2307 1434 2344 Ctes.
1458 2306 1538 2343 Ind.

875 2362 913 2414 ἓ.
938 2367 963 2405 9
987 2363 1066 2400 coll.
1090 2365 1155 2402 20.
1177 2363 1242 2403 24.
1303 2364 1425 2407 Quam
1453 2375 1540 2400 vero

876 2421 1093 2457 sententiam
1125 2420 1171 2457 de
1203 2420 1280 2457 sole
1308 2421 1447 2457 Indiam
1479 2432 1540 2456 re-

876 2477 1080 2525 gionesque
1137 2477 1315 2513 australes
1383 2476 1540 2513 maxime

876 2538 1004 2571 urente
1025 2533 1156 2569 Graeci
1177 2534 1351 2570 tenebant
1375 2531 1466 2583 (vid.
1486 2532 1539 2567 in-

873 2589 930 2626 fra
952 2590 1014 2636 III,
1037 2591 1149 2637 104),
1179 2602 1221 2626 ex
1243 2603 1287 2626 ea
1307 2601 1538 2637 consequens

875 2650 976 2692 erat,
1014 2647 1147 2691 Indos,
1179 2646 1241 2694 qui
1269 2646 1422 2696 proximi
1451 2644 1536 2681 solis

874 2703 984 2739 radiis
1006 2702 1163 2752 expositi
1184 2707 1320 2748 essent,
1341 2702 1456 2750 magis
1482 2701 1538 2736 in-

876 2760 923 2796 de
944 2759 1047 2795 aduri
1066 2764 1103 2796 et
1125 2760 1268 2806 nigrum
1287 2759 1379 2795 cutis
1397 2757 1537 2806 recipe-

876 2829 914 2852 re
930 2815 1097 2851 colorem.
1133 2816 1242 2852 Conf.
1262 2813 1535 2853 Bredow.Ura-

876 2871 1000 2921 nolog.
1023 2885 1062 2922 p.
1081 2870 1180 2909 VIII.
