1904 3304
441 232 525 272 432
827 234 1300 277 HERODOTI

109 335 166 363 do:
191 340 292 365 cratcr
309 337 386 366 Pau-

107 371 211 398 saniae
225 371 260 398 ad
271 381 302 398 os
313 373 387 399 l’ou-

108 403 148 438 ti,
189 408 218 431 et
251 407 385 440 sextuplo

107 437 203 464 maior
227 438 384 473 Scythicus

107 470 137 497 iu
155 471 322 506 Exampaeo
339 474 381 500 lo-

107 511 162 535 co,
197 506 227 538 [c
259 507 317 540 52]
347 508 384 534 ab

107 539 234 566 Arianta
251 547 324 574 rege
339 540 384 568 sa-

106 574 183 599 ctus.

442 339 653 394 ἀτρεκέως
689 342 930 395 πυθέσθαι,
976 343 1086 387 ἀλλὰ
1121 346 1361 402 διαφόρους
1397 348 1556 405 λόγους
1599 351 1699 406 περὶ

441 415 522 454 τοῦ
543 409 737 467 ἀριθμοῦ
758 413 949 468 ἤκουον·
989 416 1063 458 καὶ
1091 415 1173 471 γὰρ
1202 417 1340 472 κάρτα
1367 419 1557 472 πολλοῦς
1585 420 1727 465 εἷναί5

441 493 601 538 σφεας,
630 482 703 526 καὶ
733 482 932 539 ὀλίγους,
962 484 1021 536 ὥς
1037 487 1221 539 Σκύθας
1240 487 1363 532 εἶναι.
1402 490 1582 534 τοσόνδε
1601 491 1698 547 μέν-

412 559 514 595 Ξτοι
543 551 789 608 ἀπέφαινόν
814 572 889 611 μοι
919 556 961 607 ἐς
991 556 1107 608 ὄψιν.
1154 557 1273 601 ’Ἐστι
1301 561 1458 613 μεταξύ
1480 561 1699 615 Βορυσθέ-

438 622 537 674 νεός
577 640 621 666 τε
657 631 859 681 ποταμοῦ
898 627 973 670 καὶ
998 626 1201 680 Ὑπάνιος
1230 633 1393 684 χῶρος,
1444 629 1611 687 οὕνομα
1650 632 1698 676 δέ

441 695 488 737 οἴ
521 694 610 737 ἐστι
645 693 928 751 Ἐξαμπαῖος·
977 703 1060 742 τοῦ
1098 701 1172 743 καὶ
1211 699 1361 756 ὀλίγον
1399 718 1440 744 τι
1485 703 1699 758 πρότερον

441 765 610 809 τούτων
648 767 819 824 μνήμην
859 767 1000 824 εἶχον,
1049 771 1243 827 φάμενος
1283 773 1329 815 ἐν
1369 772 1487 829 αὐτῷ
1530 773 1698 830 κρήνην

440 835 602 888 ὕδατος
643 843 807 893 πικροῦ
847 837 981 893 εἶναι,
1023 841 1099 885 ἀπ’
1135 839 1187 899 ἧς
1229 841 1278 886 τὸ
1320 842 1441 898 ὕδωρ
1480 841 1698 899 άποῤῥέον
1714 852 1755 885 10

413 907 524 951 3τὸν
550 908 740 952 ’Ύπανιν
779 909 946 955 ἄποτον
983 912 1157 957 ποιέειν.
1216 914 1263 957 ἐν
1297 914 1437 970 τούτῳ
1475 917 1536 969 τῷ
1571 912 1698 972 χώρῳ

438 978 578 1022 κέεται
630 981 869 1038 χαλκήϊον,
931 983 1114 1039 μεγάθεϊ
1174 985 1248 1028 καὶ
1303 984 1562 1043 ἑξαπλήσιον
1616 989 1698 1029 τοῦ

553 1122 585 1159 c
596 1134 617 1158 a
630 1135 666 1172 p.
703 1120 874 1158 LXXXI.

445 1197 500 1246 ὥς
523 1195 688 1246 Σκύθας
713 1195 828 1249 εἶναι]
871 1199 959 1238 Non
978 1200 1044 1238 ali-

386 1259 442 1293 ter
478 1256 567 1294 haec
599 1261 691 1306 puto
721 1269 803 1293 esse
833 1257 1044 1306 accipienda

386 1324 428 1349 ac
449 1325 558 1362 supra
575 1312 621 1360 ΙΙ,
645 1312 743 1352 135:
786 1310 838 1358 ὥς
863 1307 914 1350 ἂν
942 1309 1044 1352 εἶναι

383 1366 577 1407 Ῥοδῶπιν
598 1397 609 1416 ,
664 1369 726 1405 ubi
757 1369 828 1405 vid.
863 1373 958 1405 nott.
987 1391 1044 1396 —

384 1424 525 1473 „Tota
544 1430 665 1463 autem
685 1424 776 1462 haec
803 1424 1042 1462 multitudinis

386 1481 580 1531 Scythicae
644 1481 816 1518 indicatio
884 1482 1043 1532 speciem

386 1538 548 1589 praefert
586 1538 771 1587 scriptoris
808 1539 1043 1575 coniectantis

388 1607 431 1631 ac
452 1593 540 1630 nihil
559 1594 813 1631 definientis.“
873 1593 1043 1631 l‘Vesse-

387 1650 501 1698 ling.
539 1671 597 1676 —
652 1649 693 1686 ln
736 1649 899 1699 proxime
940 1663 1043 1700 seqq.

388 1701 615 1755 οἷπέφαινον
641 1704 680 1752 ἐς
698 1702 797 1754 ὄψιν
816 1706 934 1744 valet:
982 1707 1044 1743 ‹le-

388 1766 627 1799 monstrarnnt
650 1762 738 1799 milti
750 1765 789 1799 in
809 1763 944 1809 oculos,
974 1763 997 1799 i.
1012 1776 1045 1800 e.

390 1820 499 1856 oculis
523 1821 606 1855 meis
638 1831 705 1855 rem
727 1820 836 1868 ipsam
859 1821 1046 1857 subiicien-

390 1879 451 1913 tes.
481 1876 540 1913 Cf.
558 1875 587 1922 1,
612 1878 703 1917 129.
736 1876 782 1922 V,
799 1875 864 1915 84.

449 1950 581 2006 ὀλίγον
611 1969 648 1992 τι
679 1949 889 2005 πρότερον]
939 1955 1047 1992 Conf.

387 2011 460 2058 IV,
491 2012 557 2051 52,
607 2009 760 2059 Aliquot
790 2012 895 2048 codd.
925 2006 1045 2064 ὀλίγῳ

387 2082 425 2106 τι
439 2095 450 2115 ,
480 2069 527 2106 de
548 2081 620 2117 quo
640 2068 734 2104 conf.
755 2067 818 2114 lv,
840 2069 906 2108 79.
927 2090 977 2095 —-
1004 2068 1046 2104 ln

388 2136 493 2173 seqq.
522 2137 590 2174 pro
619 2122 744 2162 ποιέει
780 2137 862 2161 cum
892 2129 1044 2162 recentt.

388 2181 473 2220 edd.
494 2181 639 2231 reposui
659 2178 817 2219 ποιέειν.

443 2244 659 2298 χαλκήϊον]
710 2247 795 2285 Non
835 2247 1046 2297 intelligitur

386 2304 480 2341 fabri
500 2305 626 2341 aerarii
648 2303 812 2353 ‘’sfi‘ll'staa
852 2308 891 2341 ut
911 2304 944 2352 Ι,
977 2307 1043 2351 68,

388 2360 452 2396 scd
477 2372 539 2395 vas
563 2360 747 2405 aheneum,
788 2361 955 2407 ahenum,
982 2361 1043 2397 ubi

386 2415 495 2464 vulgo
517 2416 688 2466 supplent
704 2411 884 2467 α’γγεῖονς
905 2418 952 2454 de
969 2430 1043 2465 qua

387 2472 503 2522 ellipsi
533 2473 606 2508 vid.
629 2472 828 2510 Scliwebcl.
856 2474 904 2510 ad
931 2472 1042 2509 Lam-

387 2528 477 2565 bert.
502 2528 590 2564 Bos.
617 2540 701 2578 pag.
735 2532 796 2569 13.
866 2530 915 2566 Et
947 2530 1041 2566 cons.

387 2584 507 2634 ipsum
537 2584 713 2621 Herodot.
747 2584 816 2628 IV,
843 2587 931 2626 152.
981 2583 1042 2622 Ad

389 2636 626 2691 ἑξαπλήσιον
649 2642 743 2677 conf.
774 2641 845 2687 lll,
875 2641 965 2682 135.
987 2663 1042 2669 ——

387 2696 447 2733 Ad
464 2701 717 2746 argumentum
737 2696 803 2734 loci
815 2698 898 2734 facit
910 2697 1043 2736 Athen.

392 2752 474 2799 ΧΠ,
497 2755 520 2792 9
542 2767 578 2803 p.
598 2754 679 2794 536
700 2753 742 2790 A.
756 2753 822 2800 B.‚
852 2754 910 2790 ubi
927 2754 1045 2803 Nym-

393 2808 472 2858 phis
492 2815 658 2855 enarrat,
702 2809 796 2846 hunc
825 2814 998 2847 craterem
1022 2823 1045 2847 a

394 2864 593 2913 Pausania,
641 2867 704 2918 qui
731 2866 962 2904 Mardonium
996 2867 1044 2904 ad

1099 1122 1267 1161 Plataeas
1296 1124 1402 1171 vicit,
1444 1125 1529 1162 dum
1561 1124 1655 1161 circa
1679 1124 1756 1175 By-

1099 1180 1213 1216 zantii
1250 1180 1420 1228 regiones
1459 1186 1755 1228 commoraretur,

1100 1240 1349 1272 consecratum
1370 1236 1479 1273 fuisse
1501 1237 1581 1283 diis,
1601 1249 1756 1285 quorum

1101 1295 1247 1329 statuae
1273 1292 1392 1329 adhuc
1420 1293 1468 1329 ad
1490 1293 1599 1330 Ponti
1624 1294 1756 1330 ostium

1101 1348 1418 1397 conspicerentur,
1468 1349 1757 1399 inscriptionem-

1099 1417 1172 1453 que
1191 1405 1308 1453 addit,
1340 1417 1383 1442 ex
1403 1405 1475 1454 qua
1491 1405 1668 1455 Neptuno
1686 1405 1756 1443 hoc

1100 1461 1256 1498 ahenum
1276 1461 1480 1498 dedicatum
1510 1463 1621 1499 fuisse
1639 1474 1757 1513 appa-

1098 1521 1167 1554 ret.
1225 1515 1275 1553 At
1302 1517 1449 1554 Rittero
1474 1523 1619 1555 auctore
1643 1519 1757 1567 (Vor-

1099 1572 1193 1610 halle
1213 1585 1298 1621 pag.
1317 1574 1418 1621 345)
1443 1574 1511 1610 hoc
1536 1574 1642 1611 aheni
1662 1587 1754 1625 opus

1101 1641 1182 1665 cum
1202 1629 1352 1666 Graecis
1367 1629 1503 1666 colonis
1521 1630 1676 1667 adscribi
1691 1643 1755 1668 ne·-

1102 1689 1234 1734 queat,
1273 1697 1346 1721 non
1382 1685 1451 1722 nisi
1479 1686 1757 1725 Cimmeriorum

1102 1742 1352 1790 antiquorum,
1392 1742 1454 1790 qui
1470 1742 1664 1779 Buddham
1693 1756 1757 1781 co-

1102 1797 1217 1835 lentes
1237 1811 1280 1834 ex
1297 1797 1400 1834 India
1431 1799 1652 1836 occidentem
1675 1812 1757 1837 ver-

1104 1866 1166 1891 sus
1195 1855 1407 1902 migrarint,
1450 1854 1563 1892 fuisse
1589 1860 1756 1893 statuen-

1104 1911 1202 1947 dum.
1232 1911 1354 1960 Atque
1371 1911 1489 1960 ipsum
1506 1911 1678 1948 Ariantae
1693 1924 1755 1949 re-

1103 1968 1159 2015 gis
1182 1979 1314 2004 nomen
1335 1967 1382 2003 ad
1410 1967 1553 2015 Ariam,
1588 1968 1756 2005 Buddhi-

1102 2029 1238 2060 starum
1257 2024 1411 2072 patriam
1430 2024 1465 2060 in
1479 2023 1756 2072 Aria—Bactria,

1100 2079 1251 2116 relatum
1281 2079 1355 2116 vult
1389 2085 1620 2129 crateresque
1653 2081 1754 2118 istius

1100 2136 1200 2173 modi
1216 2136 1465 2185 praegrandes
1480 2138 1526 2173 ad
1545 2137 1756 2186 antiquissi-

1102 2204 1162 2229 ma
1180 2193 1332 2229 donaria
1349 2192 1445 2228 Solis
1465 2205 1493 2229 s.
1516 2193 1695 2230 Buddhae
1716 2193 1754 2230 in

1100 2248 1285 2285 honorem.
1352 2248 1424 2292 Qui
1468 2249 1567 2285 illum
1602 2261 1752 2296 morem,

1100 2317 1172 2353 quo
1204 2304 1360 2352 Scythae
1398 2317 1513 2353 aeque
1551 2318 1592 2342 ac
1620 2305 1753 2342 Graeci

1099 2361 1135 2398 in
1154 2362 1320 2398 omnibus
1339 2360 1557 2398 solemnibus
1581 2373 1622 2397 ae
1641 2362 1751 2398 sacris

1098 2417 1254 2454 lebetum
1273 2417 1461 2454 maximam
1480 2416 1670 2453 habuerint
1693 2430 1753 2455 ra·-

1099 2475 1257 2519 tionem,
1287 2486 1329 2510 ex
1347 2473 1448 2509 lndia
1466 2474 1512 2509 ad
1533 2473 1639 2511 hasce
1661 2486 1753 2522 gen-

1099 2535 1156 2566 tes
1190 2529 1352 2566 boreales
1389 2530 1637 2566 transmissum
1670 2542 1752 2567 esse

1099 2587 1219 2634 ibique
1247 2586 1293 2621 ad
1320 2597 1394 2621 rein
1423 2585 1581 2622 divinam
1612 2586 1752 2623 faciun-

1100 2643 1184 2679 dam
1208 2641 1361 2678 maxime
1387 2641 1542 2679 valuisse
1566 2643 1749 2692 opinatur.

1101 2698 1160 2734 Cf.
1191 2710 1227 2747 p.
1256 2697 1336 2737 346
1362 2709 1437 2746 seq.
1464 2718 1519 2724 —
1559 2698 1671 2741 Quod
1701 2699 1750 2736 ad

1100 2754 1246 2791 crateris
1283 2754 1567 2802 magnitudinem
1607 2755 1752 2802 attinet,

1101 2810 1253 2847 conferri
1273 2809 1435 2846 volumus
1459 2811 1486 2857 l,
1508 2813 1573 2857 51,
1594 2811 1654 2847 ubi
1671 2823 1749 2848 cra-

1101 2871 1155 2904 ter
1174 2871 1368 2915 argenteus
1386 2878 1408 2904 a
1425 2866 1565 2905 Croeso
1584 2866 1747 2918 Delphos
