1904 3304
518 247 1082 287 MELPOMENE.
1140 247 1204 286 IV.
1414 247 1499 288 897

1553 359 1656 394 tidem,
1675 368 1755 395 quae
1773 359 1833 387 dis-

1554 395 1696 421 terminat
1722 394 1832 421 Basili-

1555 427 1608 454 das
1627 432 1657 454 et
1672 428 1833 454 Sauroma-

1554 465 1619 488 tas:
1639 461 1738 488 influit
1754 461 1833 494 Hyr-

1553 494 1600 529 gis
1610 495 1717 522 fluvius
1728 494 1759 522 in
1770 495 1833 522 'ra-

1554 529 1639 555 nain.

229 359 393 405 ἐκδιδοῖ
421 358 467 404 δὲ
497 357 539 409 ἐς
567 357 678 414 μέζω
714 358 774 402 ἔτι
805 359 965 414 λίμνην
993 355 1261 413 καλεομένην
1287 359 1497 412 Μαιῆτιν,

228 428 256 485 ἢ
285 425 448 483 οὐρίζει
478 428 663 482 Σκύθας
702 446 746 473 τε
786 428 891 481 τούς
924 430 1178 486 βασιληΐους
1207 427 1280 471 καὶ
1310 431 1497 481 Σαυρο-

199 498 379 555 Ξμάτας.
437 501 479 552 ἐς
509 501 554 545 δὲ
572 503 746 545 Τάναϊν
775 505 936 544 τοῦτον
966 499 1095 551 ἄλλος
1123 498 1318 554 ποταμός
1347 498 1496 555 ἐσβάλ-

4 604 7 637 3
103 580 170 625 58
225 576 310 624 λει,
341 576 401 630 τῷ
433 571 604 629 οὔνομά
633 574 721 617 ἐστι
737 572 900 628 ”Υργις.
964 575 1089 614 Τοῖσι
1117 571 1196 626 μὲν
1225 570 1278 627 δὴ
1309 567 1832 638 οὕνομα-Ξῦίὲῖῧὲιεηοξξῇξὲιιί-

227 647 365 686 στοῖσι
383 650 614 702 ποταμοῖσι
635 644 749 689 οὕτω
773 642 825 698 δή
849 660 889 685 τι
920 643 962 685 οἱ
988 640 1169 685 Σκύθαι
1200 639 1494 685 ἐσκευάδαται.
1569 632 1798 673 amarissimum.

199 718 359 758 ΞΤοῖσι
399 715 446 759 δὲ
484 716 657 773 κτήνεσι
694 716 721 773 ἡ
758 717 861 771 ποίη
901 712 1188 769 ἀναφυομένη
1219 713 1265 756 ἐν
1293 715 1346 768 τῇ
1376 715 1495 755 Σκυ·

227 791 358 844 θικῇ,
409 787 497 831 ἔστι
530 784 822 844 ἐπιχολωτάτη
852 785 1027 829 πασέων
1065 783 1228 828 ποιέων
1256 787 1345 827 τῶν
1374 781 1496 840 ἡμεῖς

215 966 382 1023 ‘'Yoytg]
413 971 556 1020 Reliqui
583 969 675 1016 hoc,
705 979 832 1017 quam-

172 1040 280 1077 quam
322 1033 469 1064 notatur
508 1040 582 1064 var.
629 1025 708 1065 lect.
735 1020 832 1074 ’Ὑρ-

171 1098 243 1136 γης
284 1089 321 1121 et
355 1097 510 1134 pronum
555 1087 633 1120 erat
673 1082 832 1119 scribere

173 1135 321 1192 Σύργις
342 1169 353 1187 ,
426 1146 467 1178 ut
537 1140 629 1176 infra
701 1138 833 1187 legitur

171 1196 244 1244 IV,
276 1200 378 1246 123,
407 1198 506 1234 haud
537 1209 619 1233 rara
646 1195 831 1233 literarum

172 1255 404 1301 confusione,
449 1255 495 1291 de
538 1253 609 1302 qua
652 1253 744 1290 conf.
784 1252 832 1289 ad

174 1310 320 1347 Ctesiae
338 1312 505 1359 fragmm.
525 1322 609 1360 pag.
631 1311 696 1348 90.
725 1309 833 1358 Kap-

173 1379 257 1417 pen.
278 1366 481 1416 Nordgest.
516 1367 551 1402 d.
585 1366 692 1402 Pont.
720 1379 755 1415 p.
778 1368 831 1406 62

173 1427 211 1460 et
243 1423 327 1460 olim
357 1424 540 1460 Gatterer.
569 1423 605 1459 in
626 1424 830 1459 Comment.

173 1480 293 1517 societ.
335 1480 506 1529 Gottiug.
557 1478 643 1515 XIV
690 1492 725 1527 p.
761 1480 829 1518 36.

171 1535 245 1579 Qui
276 1536 373 1573 idem
403 1537 585 1573 Gatterer.
625 1533 831 1585 (Thracien

170 1591 260 1628 nach
280 1592 418 1629 Herod.
439 1606 471 1628 u.
495 1591 664 1639 Thucyd.
696 1604 732 1641 p.
759 1592 829 1639 19)

170 1647 227 1685 hic
265 1648 312 1686 de
355 1649 466 1685 fluvio
504 1647 640 1684 Donetz
678 1648 829 1695 cogitat,

167 1704 346 1754 probante
368 1705 551 1742 Mannert.
578 1704 629 1740 lV
653 1718 692 1754 p.
716 1707 770 1745 79
793 1708 831 1741 et

168 1760 334 1798 Vtilcker.
359 1762 476 1811 Myth.
498 1762 636 1810 Geogr.
657 1760 671 1797 I
692 1774 726 1810 p.
750 1762 828 1801 178

169 1830 246 1866 seq.
260 1848 270 1866 ‚
293 1818 354 1867 qui
372 1823 493 1856 tamen
514 1820 658 1854 fluvium
678 1817 830 1867 Syrge'n‚

170 1874 218 1911 de
245 1887 318 1922 quo
342 1875 412 1921 IV,
448 1876 548 1923 123,
578 1876 672 1913 bene
702 1875 830 1911 ‹listin-

172 1930 233 1978 gui
252 1930 340 1967 vult.
371 1931 567 1968 Reichard.
585 1944 671 1982 pag.
693 1932 747 1972 52
764 1931 831 1967 ad-

170 1991 296 2024 monet
322 1988 420 2023 fluvii
449 1986 575 2035 Irgz‘z,
606 1988 668 2036 qui
690 1987 831 2036 Volgae

171 2042 364 2080 misceatur
387 2056 494 2094 supra
509 2045 673 2081 Saratow
690 2043 735 2079 ab
760 2044 831 2079 ori-

171 2104 276 2145 ente3
307 2105 347 2136 ut
364 2100 574 2137 Herodotus
594 2113 682 2137 sane
702 2099 830 2136 mirum

171 2168 329 2193 errorem
343 2157 565 2193 commisisse
577 2156 761 2206 putandus
775 2157 830 2192 sit.

169 2210 228 2249 De
246 2224 318 2262 quo
338 2214 416 2263 ipse
436 2213 566 2250 viderit
584 2213 636 2249 vir
659 2213 800 2250 doctus.

359 2269 469 2319 Cap.
500 2268 631 2306 LVIII.

226 2328 329 2364 τοῖσι
360 2322 432 2375 μὲν
464 2322 515 2376 δή
549 2321 830 2375 ου’νομαστοῖσι

169 2401 226 2408 -·
256 2376 538 2431 ἐσκευάδαται]
572 2383 594 2420 i.
615 2395 645 2419 e.
677 2381 733 2419 his
758 2384 830 2430 igi-

172 2441 231 2474 tur
263 2440 394 2489 fluviis
422 2440 574 2475 maxime
598 2439 830 2476 memorabili-

173 2494 235 2530 bus
254 2494 406 2545 Scythia
425 2499 476 2532 est
497 2497 683 2533 instructa.
714 2495 831 2533 Simili

172 2550 288 2587 forma
308 2563 350 2589 ae
369 2557 554 2602 potestate
569 2548 830 2592 ἐσκευάδαται

172 2604 230 2651 ll,
265 2608 356 2647 138.
385 2605 622 2649 ἐσκευάδατο
640 2609 731 2656 Vll,
762 2612 828 2650 62.

174 2663 239 2703 66.
266 2663 318 2704 86
341 2664 416 2701 coll.
446 2665 485 2712 I,
519 2668 611 2707 188.
642 2666 732 2714 Vll,
763 2668 830 2708 61.

230 2716 516 2771 ἐπιχολωτάτη]
567 2723 623 2760 lta
667 2727 766 2760 recte
809 2736 830 2760 e

172 2773 333 2823 pluribus
361 2775 458 2813 libris
487 2779 588 2816 dedit
607 2779 828 2827 lVesseling.

174 2843 254 2867 cum
274 2831 385 2869 herba
405 2833 623 2883 intelligatur
650 2836 730 2873 bilis
751 2836 829 2886 ple-

174 2889 319 2924 nissima
347 2893 383 2926 et
416 2889 465 2926 ad
488 2903 563 2927 eam
585 2893 828 2941 generandam

891 968 1076 1015 aptissima
1088 981 1101 1012 ;
1152 967 1215 1016 qui
1254 967 1351 1004 idem
1389 966 1435 1003 de
1464 979 1552 1003 voce

890 1022 1072 1073 ἐπίχολος
1093 1024 1182 1060 citat
1204 1023 1386 1061 Plutarch.
1413 1024 1444 1060 11
1466 1036 1552 1073 pag.

894 1083 984 1121 129.
1017 1079 1184 1117 Philostr.
1204 1080 1248 1117 V.
1279 1081 1440 1130 Sophist.
1456 1080 1503 1127 II,
1527 1081 1552 1119 8

889 1150 925 1186 p.
947 1136 1040 1177 578.
1064 1136 1161 1174 Icon.
1179 1137 1211 1173 II
1235 1150 1269 1188 p.
1291 1138 1372 1178 828
1391 1138 1553 1186 itemque

891 1193 1089 1239 Ovidium,
1140 1194 1202 1242 qui
1250 1195 1377 1232 miram
1422 1194 1551 1231 herba-

889 1262 967 1285 rum
1002 1249 1178 1287 Ponticae
1210 1263 1298 1288 orae
1337 1250 1552 1287 amaritudi-

890 1319 973 1342 nem
996 1305 1186 1354 aliquoties
1197 1313 1459 1344 commemorat
1482 1306 1552 1355 [Ex

889 1363 998 1399 Pont.
1033 1363 1105 1408 III,
1141 1366 1186 1410 1,
1219 1365 1283 1405 24.
1328 1366 1373 1410 8,
1414 1366 1475 1404 16.
1512 1364 1552 1409 9,

888 1420 955 1459 37.
987 1419 1058 1465 lv,
1095 1421 1166 1465 10,
1201 1419 1281 1470 18],
1315 1418 1438 1470 Atque
1461 1419 1552 1456 haec

888 1476 1070 1512 sententia
1128 1476 1246 1513 verbis
1313 1476 1550 1526 sequentibus

888 1544 1034 1580 quoque
1061 1537 1316 1570 consentanea.
1359 1534 1485 1577 Quare
1513 1533 1551 1569 in

888 1600 931 1624 ea
963 1589 1143 1636 acquievit
1176 1589 1406 1639 Schweigh.‚
1440 1601 1551 1638 quem

887 1648 1031 1680 secutus
1073 1649 1130 1681 est
1161 1644 1259 1682 Miot
1288 1647 1338 1683 sic
1369 1647 1547 1696 interpre-

886 1706 987 1737 tans:
1019 1714 1114 1748 „une
1133 1701 1254 1749 herbe,
1286 1705 1348 1753 qai
1370 1716 1392 1740 a
1411 1702 1449 1739 la
1465 1715 1550 1753 pro-

883 1759 1002 1807 priete'
1016 1757 1057 1794 de
1069 1759 1236 1808 proclaire
1255 1773 1323 1796 une
1343 1761 1413 1797 tres
1433 1772 1548 1808 gran-

888 1814 931 1850 de
983 1814 1120 1864 qualite
1171 1816 1213 1852 ele
1260 1817 1326 1854 bile
1371 1817 1451 1853 chez
1500 1816 1549 1852 les

888 1872 1088 1909 bestiaux‘<
1119 1872 1280 1922 itemque
1302 1873 1413 1911 ltalus
1434 1874 1547 1910 inter-

887 1942 992 1979 pres:
1037 1929 1179 1976 „l'erba
1204 1932 1425 1978 germinante
1452 1929 1546 1966 nella

890 1984 1038 2032 Scz'zia,
1070 1986 1118 2022 Ιιιὶ
1139 1985 1207 2036 ssa
1235 1990 1324 2023 tutte
1347 1987 1458 2023 l'crbe
1483 1998 1548 2036 per

887 2044 948 2078 ποί
975 2045 1165 2079 ςοηοεεὶηῖε
1195 2042 1232 2079 la
1250 2044 1343 2079 vista
1367 2043 1547 2080 ‹l’aumen—

890 2101 966 2134 tare
993 2098 1030 2135 la
1061 2100 1165 2136 haef<
1207 2099 1279 2143 Qui
1299 2100 1395 2137 idem
1415 2099 1547 2136 herbas

887 2154 926 2190 in
954 2155 1165 2203 regionibus
1187 2156 1370 2204 stagnosis
1390 2155 1550 2192 incultis-

888 2223 956 2257 ve,
989 2211 1115 2260 quales
1143 2212 1312 2250 habuisse
1330 2213 1442 2250 fertur
1459 2213 1550 2261 Scy-

887 2267 984 2313 thia,
1015 2273 1218 2306 crescentes
1255 2269 1302 2306 ad
1332 2269 1440 2306 bilem
1473 2268 1550 2304 ani-

887 2324 1048 2372 malium,
1075 2337 1169 2374 quae
1186 2325 1264 2362 istis
1285 2325 1442 2371 alantur,
1473 2337 1551 2361 ma-

887 2381 983 2418 xime
1016 2382 1225 2430 augendam
1254 2381 1374 2419 valere
1393 2382 1547 2418 subiicit.

889 2437 996 2481 Quae
1019 2451 1099 2476 cum
1122 2438 1172 2474 ita
1189 2439 1282 2486 sint,
1319 2439 1408 2475 satis
1432 2441 1548 2488 patet,

887 2506 1009 2543 neque
1036 2495 1267 2532 scribendum
1288 2508 1369 2533 esse
1388 2490 1546 2545 εὕχιλω-

886 2546 997 2601 τάτη,
1025 2556 1064 2589 ut
1084 2551 1167 2588 olim
1186 2552 1268 2600 quis
1287 2552 1454 2598 coniecit,
1483 2563 1548 2588 ne-

888 2621 960 2657 que
984 2603 1257 2658 ἐπιχιλωτάτη,
1281 2621 1402 2658 neque
1416 2606 1549 2657 ἐπιχυ-

887 2661 1039 2716 λωτάτη
1078 2664 1145 2712 (ob
1187 2660 1314 2714 νομάς
1354 2659 1546 2714 εὖχύλους

887 2721 909 2758 i.
951 2735 982 2759 e.
1028 2735 1167 2772 pascua
1211 2723 1309 2758 succe·
1339 2721 1547 2772 plenissima

886 2779 986 2829 apud
1015 2778 1197 2816 Clement.
1241 2777 1417 2815 Alexand.
1453 2777 1546 2813 Pae-

885 2836 969 2884 dag.
990 2835 1005 2872 I
1027 2849 1062 2886 p.
1082 2837 1174 2881 127,
1198 2834 1417 2872 observante
1432 2832 1542 2869 W'es-

884 2892 1059 2942 selingio)
1077 2892 1152 2929 sive
1166 2885 1413 2941 εὖχυλωτάτη
1437 2887 1542 2939 (quae
