1904 3304
406 239 461 278 24

801 237 1270 276 HERODOTI

407 345 452 389 δὲ
470 345 631 402 ποινήν
653 347 844 398 τίσοντες
862 348 1176 404 Μυτιληναίων
1191 353 1303 392 τοῖσι
1323 348 1369 391 ἐν
1382 347 1541 404 Μέμφι
1565 347 1668 392 ἄπο-

404 415 627 472 λομένοισι
658 416 739 460 σὺν
768 421 821 474 τῇ
849 421 943 473 νηΐ·

1002 423 1139 462 ταῦτα
1169 418 1252 475 γὰρ
1284 419 1490 463 ἐδίκασαν
1520 421 1564 462 οἱ
1593 423 1669 476 βα-

407 487 565 543 σιλήϊοι
596 489 814 541 δικασταὶ,
852 487 960 543 ὑπὲρ
992 488 1156 543 α’νδρὸς
1187 489 1372 534 ἑκάστου
1404 490 1506 534 δέκα
1537 493 1670 546 Αἰγυ-

377 560 547 601 6πτίων
571 562 659 601 τῶν
687 559 870 613 πρώτων
894 559 1264 604 ἀνταπόλλυσθαι.
1309 559 1332 605 ὁ
1364 562 1432 612 δὲ,
1463 560 1571 604 ἰδών
1589 577 1668 604 πα-

407 627 647 682 ρεξιόντας,
699 631 772 674 καὶ
819 631 978 686 μαθων
1019 630 1096 675 τὸν
1140 635 1275 676 παῖδα
1316 630 1555 689 οἶγεόμενον
1598 632 1667 676 ἐπὶ

403 699 623 752 θάνατον,
663 705 751 745 τῶν
792 701 937 746 ἄλλων
968 704 1220 758 Αἰγυπτίων
1255 707 1344 746 τῶν
1381 703 1666 760 περικατημέ-
1680 706 1726 743 40

403 787 496 814 νων
526 770 659 815 αὐτόν
688 772 931 818 κλαιόντων
959 774 1031 819 καὶ
1062 775 1182 818 δεινὰ
1212 773 1480 826 ποιεύντων,
1525 773 1667 820 τωύτὸ

404 942 471 983 καὶ
485 941 634 995 μαθών
649 941 719 983 τόν
731 945 855 984 παῖδα
875 940 930 995 οἷγ
943 940 1008 984 εό-

350 1016 376 1051 μ
391 1015 438 1039 εν
453 1016 472 1039 ο
487 1016 508 1039 ν
537 1000 598 1040 ἐπὶ
627 996 832 1051 θάνατον]
862 1001 1007 1038 Plurimi

349 1057 429 1094 libri
456 1056 510 1107 (in
538 1059 668 1107 quibus
689 1057 891 1104 Mediceus,
922 1058 1008 1094 Flo-

349 1115 534 1160 reatinus,
571 1115 752 1151 Sancrosti
784 1114 898 1161 liber,
927 1113 1006 1164 alii)

350 1183 430 1207 cum
466 1170 681 1220 wesseling.
715 1171 876 1209 editione
908 1171 1008 1208 exhi-

348 1227 439 1263 bent
457 1223 686 1278 ἡγεόμενον,
707 1227 806 1276 quod
829 1227 1008 1266 Matthiae

348 1287 486 1329 tuetur,
500 1287 574 1320 tum
596 1285 632 1320 in
653 1287 741 1321 nota
761 1284 808 1319 ad
826 1285 860 1320 h.
881 1284 918 1330 l.,
945 1284 1007 1320 ubi

349 1340 628 1390 interpretatur:
658 1341 750 1389 „qui
760 1343 887 1376 ceteros
900 1352 1006 1389 prae-

347 1396 520 1444 grediens,
550 1400 630 1433 ante
651 1401 776 1433 ceteros
797 1396 846 1434 ad
867 1399 1006 1433 mortem

348 1452 587 1500 ducebatur“‚
618 1466 696 1489 cum
719 1450 908 1506 ἡγεῖσθαί
929 1467 1008 1491 τινι

347 1509 600 1560 pervulgatum
629 1509 687 1556 sit,
717 1522 751 1546 v.
779 1523 807 1547 c.
828 1510 910 1556 Vll,
931 1512 1007 1555 403

347 1570 425 1602 tum
451 1566 486 1602 in
513 1567 579 1604 Gr.
604 1566 669 1602 Gr.
700 1579 786 1616 pag.
808 1565 912 1614 430,
943 1566 1007 1603 ubi

349 1622 522 1672 exponit:
560 1622 618 1658 der
651 1624 886 1671 vorangieng,
916 1622 1007 1660 alte-

348 1690 425 1714 ram
446 1677 636 1715 lectionem
668 1673 784 1730 οἷγεό
798 1695 822 1729 μ
839 1693 887 1717 εν
901 1694 921 1718 ο
936 1694 959 1717 ν
985 1693 1005 1717 e

349 1734 530 1771 scribendi
563 1748 685 1772 errore
718 1736 865 1773 ssuxisse
896 1740 1005 1773 ratus.

347 1789 399 1827 Et
423 1791 510 1828 facit
543 1791 612 1828 huc
641 1792 911 1840 quodammodo
941 1792 1005 1839 ΙΙΙ,

352 1846 402 1887 15
416 1847 507 1894 init,
518 1847 576 1884 ubi
595 1847 767 1896 legimus:
790 1844 887 1886 ἄλλα
902 1851 1007 1898 πρῶ-

347 1917 417 1941 τον
446 1903 728 1942 κατακοπέντα.
789 1904 836 1941 At
866 1918 932 1941 nos
964 1918 1007 1942 ex

347 1958 494 2006 Aldina,
524 1960 616 1996 binis
637 1960 733 1997 libris
755 1961 1007 1998 addicentibus

348 2028 428 2052 cum
462 2016 668 2065 Schweigh.
706 2021 741 2053 et
779 2018 894 2057 Gaisf.
942 2018 1008 2055 hoc

347 2071 465 2122 ipsum
487 2073 653 2110 dedimus
672 2068 899 2124 οἷγεόμενον,
912 2087 1008 2123 quae

348 2129 466 2166 ionica
487 2134 543 2167 est
572 2130 688 2166 forma
711 2143 777 2179 pro
800 2125 1007 2180 αἶγόμενον.

348 2184 458 2222 conf.
482 2185 669 2225 Sehaeser.
689 2187 735 2222 ad
752 2187 908 2234 Gregor.
932 2189 1006 2224 Co-

346 2240 454 2279 rinth.
487 2255 523 2292 p.
550 2243 646 2288 233,
677 2242 861 2281 Aristotel.
880 2242 1006 2281 Rhett.

348 2297 405 2344 11,
434 2298 470 2337 8.
530 2297 630 2334 Idem
668 2298 745 2335 sine
777 2300 1008 2337 cunctatione

347 2353 458 2402 recipi
481 2352 557 2389 vult
580 2353 792 2390 Buttmann.
822 2356 908 2403 (Gr.
939 2356 1004 2394 Gr.

347 2408 428 2445 mai
454 2408 486 2444 11
520 2422 605 2458 pag.
639 2412 688 2449 31
714 2415 789 2446 not.
809 2408 845 2427 **
850 2409 908 2474 *).'
939 2412 1006 2448 nisi

346 2463 463 2502 multo
496 2465 742 2512 verisimilius,
782 2466 850 2503 hoc
887 2467 1005 2517 ipsum

348 2516 559 2571 α’γεὸμενον
594 2527 802 2572 corruptum
844 2536 923 2561 esse
963 2536 1006 2560 ex

348 2572 695 2628 ἄγινεόμενοι.
728 2578 1006 2628 Probavitquo-

347 2646 419 2682 que
434 2633 482 2670 lv
485 2635 649 2670 erserus
644 2648 677 2670 in
698 2635 792 2673 Actt.
811 2635 910 2684 phill.
924 2635 1006 2672 Μο-

347 2701 445 2726 nace.
475 2691 488 2725 1
516 2703 551 2740 p.
574 2692 653 2731 269
677 2703 755 2739 seq.
778 2690 858 2728 coll.
880 2691 893 2727 l
921 2705 1005 2742 pag.

347 2748 400 2786 76
414 2773 426 2792 ,
455 2746 550 2783 idem
571 2759 654 2783 mox
674 2747 779 2782 scribi
795 2747 922 2784 iubens
942 2747 1006 2787 ἐπὶ

346 2797 514 2854 θανάτῳ
536 2800 618 2853 (pro
637 2801 701 2840 ἐπὶ
725 2799 936 2854 θάνατον),
969 2809 1006 2842 et

345 2858 454 2909 paulo
474 2859 584 2895 infra:
616 2856 679 2897 ἐπὶ
700 2854 904 2912 θανάτῳ
925 2860 1006 2912 (pro

1064 942 1129 984 ἐπὶ
1155 939 1355 996 θάνατον)
1390 944 1611 995 στείχοντα,
1643 958 1725 983 cum

1063 1001 1232 1038 solemnis
1258 1002 1334 1038 fere
1362 1001 1452 1039 haec
1480 1002 1528 1039 sit
1557 1001 1724 1040 formula.

1064 1058 1174 1095 Conf.
1195 1058 1337 1107 Spohn.
1359 1057 1407 1095 ad
1432 1059 1581 1096 [socrat.
1604 1058 1726 1096 Pane-

1064 1115 1179 1164 gyric.
1204 1113 1343 1165 §.154
1369 1115 1466 1165 (cap.
1489 1116 1572 1163 41).
1616 1115 1727 1153 Wes-

1063 1171 1236 1219 selingius
1275 1171 1498 1208 coniecerat:
1547 1167 1620 1223 τήν
1660 1169 1726 1210 ἐπὶ

1064 1224 1229 1280 θανάτῳ
1253 1227 1361 1276 plane
1387 1233 1426 1265 ut
1444 1229 1600 1265 Pausan.
1622 1229 1652 1274 Ι,
1670 1231 1724 1268 20

1065 1282 1102 1334 ς.
1122 1286 1148 1324 4
1182 1284 1293 1329 dixit3
1322 1284 1369 1321 ad
1388 1297 1495 1333 quem
1517 1285 1635 1322 locum
1647 1285 1726 1322 He-

1062 1340 1207 1376 rodotei
1236 1339 1304 1376 loci
1336 1353 1410 1376 non
1437 1342 1627 1379 immemor
1659 1341 1727 1378 suit

1064 1396 1296 1433 doctissimus
1319 1396 1509 1447 interpreS.
1548 1397 1608 1434 Tu
1629 1398 1724 1435 conf.

1064 1465 1175 1502 supra
1204 1452 1229 1498 l,
1255 1453 1333 1493 109
1355 1453 1441 1502 ibiq.
1463 1457 1556 1493 nott.
1610 1454 1727 1503 Equi-

1063 1510 1145 1546 dem
1168 1508 1263 1546 libris
1277 1509 1397 1546 invitis
1415 1509 1465 1546 nil
1484 1514 1626 1548 mutare
1644 1523 1726 1548 sum

1062 1578 1195 1613 3υ5υ5,
1225 1580 1305 1603 cum
1334 1568 1560 1604 accusativus
1590 1567 1658 1605 hac
1687 1568 1724 1604 in

1061 1622 1214 1659 formula
1245 1635 1464 1672 quamquam
1507 1623 1624 1661 minus
1653 1624 1726 1661 sre-

1062 1692 1201 1727 quens‚
1252 1680 1397 1718 minime
1453 1680 1530 1717 tolli
1579 1680 1723 1719 debeat.

1062 1734 1209 1772 Monuit
1220 1736 1409 1774 Sintenis'
1401 1750 1436 1773 m
1452 1736 1725 1786 Schulzeitung.

1068 1792 1239 1838 1831,11
1260 1805 1344 1843 pag.
1368 1794 1464 1840 587,
1483 1793 1543 1830 ubi
1565 1794 1638 1830 vid.

1120 1843 1245 1887 τώυτὸ
1268 1850 1429 1899 ἐποίησε
1449 1865 1490 1889 το
1511 1865 1576 1888 και
1597 1848 1662 1889 ἐπὶ
1676 1851 1724 1904 τῇ

1063 1906 1273 1956 θυγατρί]
1266 1921 1286 1943 ι.
1300 1921 1331 1945 e.
1352 1906 1558 1957 ulemfeczt,
1578 1906 1669 1957 quod
1688 1909 1727 1943 in

1054 1961 1153 2011 filia.
1183 1961 1250 2000 καὶ
1270 1963 1392 2013 plures
1412 1964 1520 2001 codd.
1541 1964 1726 2001 omittunt.

1065 2017 1198 2068 Neque
1228 2024 1350 2057 tamen
1379 2020 1470 2057 eieci
1499 2019 1727 2070 particulam,

1065 2088 1175 2123 quam
1199 2075 1235 2111 in
1259 2075 1463 2114 huiusmodi
1484 2076 1725 2114 locutionibus

1064 2131 1204 2169 Noster
1221 2132 1371 2169 relativo
1389 2134 1593 2183 pronomini
1610 2133 1726 2170 adde-

1064 2201 1102 2225 re
1126 2188 1228 2225 solet.
1258 2189 1368 2226 Plura
1391 2190 1525 2227 Struve
1543 2189 1565 2225 l.
1584 2188 1606 2227 l.
1636 2201 1724 2239 pag.

1064 2244 1131 2285 24.
1163 2244 1222 2281 Ad
1243 2246 1353 2282 verba
1378 2243 1459 2284 ἐπὶ
1480 2247 1530 2297 τῇ
1554 2244 1726 2296 θυγατρί

1064 2301 1161 2337 conf.
1188 2301 1312 2348 Yiger.
1333 2314 1421 2351 pag.
1448 2300 1541 2341 624.
1574 2301 1614 2338 ln
1637 2314 1726 2351 pro-

1063 2357 1157 2393 xime
1195 2357 1390 2395 antecedd.
1435 2354 1580 2395 δεινοέ
1619 2372 1725 2396 ποι-

1065 2408 1177 2450 εύντ
1192 2427 1256 2451 ων
1286 2414 1436 2451 adverte
1455 2414 1602 2451 verbum
1632 2414 1724 2451 acti-

1063 2481 1169 2515 vum,
1206 2469 1306 2505 cuius
1338 2469 1417 2506 loco
1449 2470 1607 2507 crebrius
1635 2483 1725 2508 sane

1063 2525 1248 2561 invenitur
1279 2526 1438 2563 medium
1469 2527 1618 2564 verbum
1658 2527 1726 2564 hac

1064 2581 1099 2617 in
1120 2581 1271 2618 formula
1285 2611 1295 2628 ,
1324 2596 1419 2631 quae
1441 2583 1549 2619 miros
1572 2584 1619 2620 ad
1643 2596 1723 2620 mo-

1063 2641 1120 2674 tus
1145 2637 1392 2687 affectusque,
1424 2652 1516 2688 quos
1548 2640 1628 2688 quis
1658 2639 1724 2677 ali-

1064 2706 1173 2742 quam
1207 2707 1282 2731 rem
1324 2708 1435 2743 aegre
1472 2696 1592 2733 ferens
1633 2696 1723 2743 edit,

1064 2750 1323 2798 significandos
1351 2752 1555 2789 adhibetur.
1615 2753 1722 2790 Conf.

1063 2805 1128 2853 Ill,
1153 2807 1243 2846 155-
1266 2806 1325 2853 lV,
1346 2810 1409 2847 33.
1434 2808 1545 2856 V11,1
1568 2813 1606 2846 et
1627 2821 1724 2859 quae

1064 2861 1133 2900 alia
1170 2862 1289 2899 attulit
1327 2863 1444 2901 lacob.
1485 2865 1532 2902 ad
1571 2864 1721 2903 Lucian.
