1904 3304
488 239 1168 281 MELPOMENE.IV.
1375 241 1460 283 415

201 354 274 398 καὶ
303 350 475 394 σελίνου
496 350 740 405 σπέρματος
761 350 833 392 καὶ
857 349 1073 405 α’ννήσου,
1106 348 1469 406 συνεῤῥαμμένην

173 423 362 471 Βόπίσω,
393 421 466 464 καὶ
486 423 710 476 κομίζουσι
731 421 777 463 ἐν
799 421 938 477 ἁμάξῃ
959 421 1001 472 ἐς
1022 420 1124 463 ἄλλο
1147 420 1289 471 ἔθνος.
1350 423 1393 463 οἳ
1414 419 1455 464 δ’
1470 426 1488 460 1

197 493 252 536 ἂν
269 489 888 547 παραδέξωνταακομισθέντα
907 490 985 536 τὸν
1001 490 1158 546 νεκρὸν
1172 524 1183 543 ,
1213 494 1388 534 ποιεῦσι
1409 507 1464 534 τα

196 580 276 617 περ
311 565 354 607 οἱ
382 561 601 619 βασιλήϊοι
621 564 819 607 Σκύθαι·

195 633 342 686 τρίχας
362 635 697 686 περικείρονται,
711 636 944 690 βραχίονας
963 632 1314 688 περιτάμνονται,
1330 632 1465 688 μέτω-

193 718 279 745 πον
300 703 372 745 καὶ
394 703 493 757 ῥῖνα
513 703 873 758 καταμύσσονται,
907 704 978 747 διά
1000 707 1074 758 τῆς
1092 720 1133 746 τε
1158 702 1386 759 ἀριστερῆς
1400 719 1462 759 χε-

125 771 132 774 ⁴
167 772 274 827 4ρός
295 772 470 823 ὀϊστούς
497 773 814 828 διαβυνέονται.

879 566 959 606 τοῦ
991 561 1074 606 ὠτό
1080 580 1100 613 ς
1130 560 1465 617 ἀποτάμνονται,

873 774 1077 818 ἐνθεῦτεν
1099 776 1144 818 δὲ
1163 777 1390 830 κομίζουσι
1412 775 1489 818 ἐνό

196 843 334 900 ἁμάξῃ
360 843 437 886 τὸν
457 844 588 886 νέκυν
607 848 686 886 τοῦ
707 845 907 898 βασιλέος
929 845 972 896 ἐς
994 845 1098 888 ἄλλο
1124 846 1256 896 ἔθνος
1278 849 1366 888 τῶν
1387 844 1461 899 ἅρ-

195 926 340 970 χουσι·
375 916 417 956 οῖ
443 914 488 957 δέ
522 926 601 969 σφι
631 914 830 966 ἕπονται,
860 917 901 966 ἐς
930 916 1036 966 τούς
1065 916 1280 970 πρότερον
1309 911 1461 970 ἦλθον.

167 986 330 1028 ῦέπετέν
349 985 394 1027 δὲ
413 984 578 1035 πάντας
597 987 853 1038 περιέλθωσι
872 987 947 1030 τόν
967 987 1099 1030 νέκυν
1119 989 1389 1041 κομίζοντες,
1414 986 1461 1029 ἐν

197 1057 401 1112 Γέρῥοισι
425 1056 581 1111 ἔσχατα
603 1058 956 1113 κατοικημέιόισί
977 1059 1056 1100 εἰσι
1078 1061 1167 1099 τῶν
1186 1057 1353 1099 ἐθνέων
1371 1060 1461 1100 τῶν

165 1129 396 1183 δᾶρχουσι,
420 1128 491 1170 καὶ
512 1127 558 1170 ἐν
579 1131 677 1183 τῇσι
697 1133 871 1183 ταφῇσι.
902 1130 973 1172 καὶ
996 1129 1154 1180 ἔπειτα,
1181 1127 1312 1171 ἐπεάν
1327 1127 1463 1171 θέωσι
1476 1135 1518 1168 10

193 1199 271 1242 τόν
284 1199 415 1242 νέκυν
437 1199 483 1241 ἐν
504 1202 601 1254 τῇσι
620 1198 782 1254 θήκῃσι
802 1199 871 1241 ἐπὶ
892 1200 1109 1255 στιβάδος,
1133 1198 1462 1255 παραπήξαντες

196 1269 349 1325 αἰχμὰς
386 1270 515 1312 ἔνθεν
543 1269 616 1312 καὶ
657 1270 786 1312 ἔνθεν
824 1275 905 1314 τοῦ
945 1275 1131 1326 νεκροῦ,
1192 1270 1298 1324 ξύλα
1334 1269 1463 1325 ὑπερ-

142 1414 180 1449 et
199 1410 233 1446 in
256 1409 345 1447 Lex.
370 1410 435 1446 Gr.
456 1423 484 1446 s.
506 1421 539 1446 v.
588 1407 698 1460 Apud
720 1409 800 1446 Ho-

139 1480 277 1504 merum
297 1467 370 1504 Od.
395 1466 466 1513 lV,
499 1467 579 1506 603
608 1462 800 1516 κύπειρον

140 1536 315 1572 equorum
344 1527 399 1560 est
430 1523 625 1572 pabulu1n3
675 1524 735 1559 ubi
771 1522 798 1559 Ι.

138 1580 189 1617 Η.
216 1579 320 1615 Voss.
359 1579 469 1615 vertit
503 1579 681 1626 Galgant.
739 1578 799 1615 De

139 1635 347 1672 suffimento
365 1635 410 1671 ab
435 1634 626 1685 Aegyptiis
652 1647 800 1684 quoque

138 1693 176 1729 in
197 1692 409 1728 condiendis
431 1692 668 1729 cadaveribus
692 1691 799 1728 adhi-

138 1749 215 1786 bito
237 1749 330 1785 conf.
350 1748 394 1792 ΙΙ,
417 1749 468 1787 86
490 1749 611 1797 ibique
632 1752 725 1784 nott.
743 1768 800 1775 —

138 1804 229 1842 Mox
249 1804 375 1854 scripsi
398 1799 579 1855 α’ννήσου
602 1819 622 1843 e
641 1805 797 1842 Floren-

140 1862 216 1899 tino
263 1861 435 1909 aliisque,
486 1862 615 1910 quibus
660 1861 800 1898 accedit

140 1916 321 1954 Athenaei
352 1918 546 1954 auctoritas
570 1918 623 1953 lx
651 1931 688 1967 p.
718 1919 796 1956 371

140 1973 189 2011 D.
228 1973 347 2020 Vulgo
378 1968 546 2023 α’νήσου.
587 1973 799 2010 Communis

140 2029 259 2066 forma
293 2026 449 2078 ἅνηθος
480 2030 515 2066 h.
536 2030 558 2066 l.
592 2029 689 2066 nullo
709 2030 800 2066 libro

143 2086 278 2135 scripto
311 2085 431 2122 allata.
489 2085 709 2134 Intelligitur
736 2098 801 2122 au-

142 2146 216 2178 tem
244 2142 419 2178 Ancillam
442 2142 649 2190 grat-colens
676 2141 800 2188 Linn.‚

143 2197 246 2241 D1·ll;
288 2198 334 2235 de
363 2210 436 2246 quo
464 2199 535 2235 vid.
571 2198 597 2234 Ι.
621 2198 672 2234 H.
694 2197 801 2234 Voss.

141 2254 191 2291 ad
209 2254 336 2303 virgil.
356 2254 482 2304 Eelog.
506 2255 552 2299 11,
576 2253 628 2294 48
653 2268 688 2303 p.
708 2256 773 2295 61.

200 2309 269 2349 καὶ
298 2311 501 2360 κομίζουσι
530 2310 572 2350 ἐν
606 2306 738 2364 ἁμάξῃ
764 2325 800 2349 κ.

142 2381 175 2406 τ.
201 2366 260 2418 L]
319 2368 423 2404 Haec
454 2381 533 2405 cum
563 2380 664 2404 more
694 2380 800 2415 reges

142 2430 308 2461 mortuos
330 2423 555 2474 sepeliendi,
586 2425 647 2473 qui
667 2424 702 2459 in
723 2424 800 2461 Ta-

143 2480 326 2530 probanes
353 2480 470 2517 insula
490 2482 687 2517 etiamnum
707 2481 802 2517 obti-

144 2542 243 2581 neat,
273 2538 466 2574 convenire
485 2537 655 2574 observat
670 2537 800 2574 Ritter.

144 2592 316 2629 Vorhalle
336 2606 420 2642 pag.
441 2593 535 2635 247.
558 2613 613 2621 —
637 2593 678 2629 In
697 2606 799 2642 seqq.

144 2649 256 2685 verba
285 2651 357 2686 τοῦ
379 2645 479 2695 ω’τός
504 2645 800 2700 α’γτοτάμνονται

146 2704 300 2754 (partem
338 2707 437 2742 auris
466 2707 534 2743 sibi
571 2706 798 2756 abscindunt)

146 2761 326 2810 neglexit,
357 2763 457 2810 quod
474 2763 601 2810 miror,
629 2763 770 2812 Lange.

204 2818 417 2868 βραχίονας
468 2814 797 2870 περιτάμνονται]

146 2873 224 2921 „In
244 2874 417 2925 Scythico
445 2874 544 2914 luctu
573 2877 800 2915 convulnera-

857 1414 941 1447 runt
976 1414 1015 1449 et
1052 1411 1252 1448 inviderunt
1286 1409 1430 1447 brachia
1471 1411 1520 1447 ad

857 1468 1069 1516 sanguinem
1089 1468 1314 1505 eliciendum.
1345 1468 1439 1504 Vide
1455 1467 1519 1515 Vi,

857 1524 949 1564 59.“
977 1523 1193 1560 Wessele‘n
1205 1537 1243 1572 g.
1268 1523 1365 1560 Add.
1384 1522 1519 1560 Athen.

856 1579 923 1615 XII
954 1593 991 1630 p.
1017 1579 1098 1619 524
1117 1581 1182 1625 R,
1224 1592 1319 1629 quae
1347 1580 1519 1616 tractavit

855 1635 1023 1686 Lennep.
1051 1637 1098 1673 ad
1116 1636 1298 1673 Phalarid.
1317 1635 1413 1686 Epp.
1431 1648 1519 1685 pag.

855 1692 923 1733 74.
953 1714 1006 1720 -
1047 1692 1159 1736 Quod
1195 1693 1361 1742 sequitur
1397 1706 1516 1729 κατα-

857 1744 1075 1800 μύσσονται
1116 1748 1235 1787 valet:
1286 1749 1356 1785 siba·
1385 1748 1518 1785 dilace—

856 1809 967 1852 rant,
991 1805 1169 1855 judicant.
1209 1805 1371 1856 Simplex
1392 1800 1518 1856 oc’pmiG-

857 1873 941 1901 σειν
959 1862 1031 1909 lll,
1056 1864 1122 1902 76.
1147 1864 1240 1903 108.
1289 1862 1349 1898 Ad
1377 1862 1517 1912 διαβυ-

857 1917 1017 1958 νέονται
1045 1920 1133 1967 (sibi
1154 1917 1396 1970 transfigunt)
1421 1918 1518 1957 conf.

855 1975 910 2022 11,
943 1977 1009 2017 96.

916 2085 958 2126 οἵ
976 2083 1018 2124 δέ
1038 2097 1108 2135 σφι
1130 2084 1308 2136 ἕπονται]
1330 2086 1517 2135 „Scythae

860 2140 901 2181 οἵ
940 2140 1139 2193 βασιλήιοι
1153 2171 1163 2189 ,
1221 2156 1349 2192 regum
1389 2145 1519 2180 funera

859 2205 1049 2247 curantes,
1087 2201 1155 2236 rite
1182 2200 1420 2249 compositum
1460 2211 1519 2236 ca-

861 2255 973 2292 daver
991 2269 1096 2292 curru
1117 2256 1347 2293 devehebant
1369 2254 1407 2301 ἐς
1425 2251 1519 2294 ἄλλο

861 2310 993 2358 ἔθνος.
1041 2312 1098 2349 Ad
1126 2325 1208 2360 quos
1230 2314 1382 2361 primum
1405 2314 1520 2348 venis-

858 2372 958 2415 sent,
998 2369 1039 2405 lez·
1066 2368 1133 2404 soli
1162 2365 1257 2415 τούς
1286 2369 1518 2419 βασιληίους

858 2426 978 2470 secuti,
1010 2425 1159 2462 cadaver
1172 2438 1235 2474 per
1252 2425 1416 2473 singulas
1429 2438 1518 2473 gen-

858 2485 909 2518 tes
931 2482 1205 2518 circumductum
1218 2511 1229 2529 ‚
1259 2495 1335 2518 cum
1355 2482 1429 2518 illis
1446 2482 1514 2518 ‹ul-

858 2551 960 2588 eoque
1003 2539 1156 2576 Gerrhos
1187 2551 1296 2588 usque
1329 2550 1515 2588 proseque-

858 2596 1008 2632 bantur.-
1047 2593 1172 2645 ταφαὶ
1200 2598 1279 2633 τῶν
1309 2591 1515 2645 βασιλήων

857 2650 899 2691 ἐν
920 2650 1104 2703 Γὲῤῥοισί
1126 2653 1222 2690 elcut
1252 2651 1422 2699 leguntur
1444 2652 1513 2687 ista

856 2708 966 2759 paulo
1007 2710 1221 2759 superius.“
1293 2706 1512 2744 Valcken.

857 2765 898 2802 In
917 2778 1020 2815 seqq.
1038 2766 1084 2802 ad
1102 2779 1226 2802 vocem
1246 2759 1398 2818 θήκῃσι
1417 2763 1512 2800 conf.

856 2821 903 2867 ΙΙ,
925 2824 1002 2868 67,
1040 2826 1078 2860 et
1099 2823 1146 2859 ad
1166 2821 1285 2860 ἔνθεν
1300 2820 1368 2858 καὶ
1392 2818 1512 2858 ἔνθεν

856 2876 956 2929 (ltine
976 2879 1099 2926 illinc,
1127 2878 1310 2929 utrinque)
1334 2876 1399 2925 IV,
1421 2874 1513 2916 175-
