1904 3304
425 269 481 308 40
827 264 1295 303 HERODOTI

426 374 624 418 πάντων·
675 373 849 430 νόμοισι
887 373 933 417 δὲ
971 373 1045 417 καὶ
1092 374 1263 418 ἄλλοισι
1300 378 1490 431 χρᾶσθαι
1533 374 1696 428 αὐτούς

429 456 538 501 φασι
567 445 919 501 κεχωρισμένοισι
948 448 1037 488 τῶν
1067 443 1210 488 ἄλλων
1239 443 1511 500 ἀνθρώπων,
1542 448 1615 490 καὶ
1646 447 1751 504 ὂὴ65

426 517 499 559 καὶ
526 516 634 559 κατὰ
664 517 741 573 τήν
770 518 998 572 βασιληίην
1027 517 1202 570 τοιῷδε·
1241 516 1319 559 τὸν
1349 515 1403 559 ἂν
1433 522 1521 560 τῶν
1550 517 1696 562 ἀστῶν

426 589 609 642 κρίνωσι
650 585 852 644 μέγιστόν
894 603 938 629 τε
983 583 1118 635 εἶναι,
1169 586 1241 629 καὶ
1275 586 1385 630 κατὰ
1424 587 1473 632 τὸ
1503 589 1695 646 μέγαθος

427 658 537 714 ἔχειν
566 658 646 715 τὴν
678 658 824 714 ἰσχύν,
854 661 1015 701 τοῦτον
1044 656 1215 709 ἀξιοῦσι
1245 658 1504 713 βασιλεύειν.

299 721 363 766 21
532 728 601 779 Ἐς
625 729 810 780 τούτους
840 728 892 785 δὴ
919 723 981 771 ὧν
1010 727 1115 780 τούς
1145 726 1310 782 ἄνδρας
1330 728 1387 780 ὠς
1416 729 1626 776 ἀπίκοντο
1653 734 1696 776 οἱ

95 783 369 852 iiiiiihffsslii'iafifuod
423 796 726 855 Ἰχθυοφάγοι,
772 799 967 851 διδόντες
1004 800 1057 843 τὰ
1096 802 1216 853 δῶρα
1252 804 1312 856 τῷ
1343 802 1510 856 βασιλέϊ
1539 802 1754 857 αὐτῶν,70

93 859 370 919 §Zilissfflilfl'e‘li‘fissi
397 871 580 926 Ξὲλεγον
627 870 753 915 τάδε·
812 906 840 924 „
855 871 1065 923 Βασιλεύς
1112 870 1135 915 ὁ
1186 872 1392 926 Περσέων
1441 875 1695 930 Καμβύσης,

94 926 163 953 pum
185 926 267 953 ‘ege'
424 940 694 998 βουλόμενος
723 944 853 999 φίλος
885 961 953 987 τοι
983 944 1055 986 καὶ
1077 945 1213 994 ξεῖνος
1241 943 1468 999 γενέσθαι,
1500 944 1633 1001 ἡμέας
1654 963 1698 990 τε

428 1011 668 1070 ἀπέπεμψε,
699 1014 742 1066 ἐς
771 1014 931 1070 λόγους
960 1031 1028 1057 τοι
1057 1015 1200 1058 ἐλθεῖν
1228 1015 1440 1068 κελεύων,
1473 1016 1547 1059 καὶ
1577 1019 1698 1072 δῶρα

426 1085 566 1128 ταῦτα’
605 1103 673 1129 τοι
711 1089 847 1140 διδοῖ,
895 1090 1010 1130 τοῖσι
1053 1086 1126 1129 καὶ
1163 1084 1293 1138 αὐτὸς
1322 1087 1506 1142 μάλιστα
1549 1087 1697 1144 ἥδεται

399 1155 721 1213 3χρειόμενος.“
777 1156 826 1201 Ὁ
865 1158 910 1202 δὲ
947 1158 1137 1209 Αἰθίοψ,
1185 1156 1343 1213 μαθών
1381 1159 1448 1201 ὅτι
1485 1159 1754 1204 κατόπται75

424 1228 596 1283 ἥκοιεν,
639 1228 749 1285 λέγει
778 1230 887 1283 πρὸς
919 1229 1081 1280 αὐτοὺς
1110 1230 1277 1273 τοιάδε·
1339 1229 1483 1282 ,,Οὕτε
1514 1229 1537 1274 ὁ
1572 1235 1695 1288 Περ-

425 1300 536 1343 σέων
564 1300 766 1356 βασιλεύς
797 1303 918 1356 δῶρα
947 1299 1083 1356 ὑμέας
1112 1299 1273 1355 ἔπεμψε
1303 1299 1538 1355 φέροντας,
1580 1319 1696 1356 προ-

423 1376 561 1427 τιμῶν
590 1376 756 1416 πολλοῦ
786 1372 884 1428 ἐμοὶ
914 1374 1051 1425 ξεῖνος
1080 1371 1302 1428 γενέσθαι·
1346 1371 1448 1415 οὔτε
1477 1370 1599 1428 ὑμεῖς
1629 1372 1696 1417 λέ·-

425 1458 518 1498 γετε
557 1441 743 1501 ἀληθέα,
788 1442 910 1501 ἥκετε
942 1445 1026 1502 γὰρ
1065 1444 1272 1490 κατόπται
1312 1447 1388 1500 τῆς
1419 1443 1523 1501 ἐμῆς
1552 1443 1696 1502 ἀρχῆς.

370 1604 586 1649 οὐλότατον
606 1610 780 1662 τρίχωμα
794 1609 1033 1662 ἔχουσιπάν-

369 1680 448 1704 των
475 1661 719 1717 ἀνθρώπων.
778 1668 899 1718 Atque
922 1671 1033 1707 etiam

369 1721 505 1759 Iesaias
544 1723 679 1760 incolas
720 1726 883 1773 regionis
913 1727 1035 1763 Sabae

373 1779 534 1828 corporis
555 1780 775 1829 proceritate
800 1782 960 1831 insignes
985 1784 1036 1819 ait

373 1834 497 1881 XLV,
526 1834 587 1882 14,
615 1837 673 1873 ubi
700 1842 846 1887 praeter
869 1839 1034 1876 Solinum

372 1903 452 1940 cap.
480 1893 558 1938 30,
604 1893 795 1931 duodecim
821 1896 937 1944 pedes
963 1896 1034 1932 Ae-

369 1947 515 1997 thiopes
549 1947 679 1998 longos
705 1962 786 1987 esse
810 1957 1034 1999 narrantem,

368 2003 458 2040 alios
487 2005 686 2055 scripturae
704 2019 832 2044 sacrae
856 2007 955 2045 locos
986 2009 1033 2046 ‹le

368 2072 502 2109 magna
521 2059 740 2112 Aethiopum
765 2067 904 2100 statura
923 2064 1031 2102 affert

372 2116 508 2153 Gesen.
529 2131 563 2168 p.
584 2118 648 2158 95.
682 2118 762 2156 Nec
781 2119 928 2157 multum
944 2122 1032 2158 istos

370 2173 518 2210 differre
566 2188 588 2211 a
625 2174 822 2212 Macrobiis
859 2178 1035 2225 probabi-

369 2228 450 2265 liter
469 2230 639 2267 statuisse
668 2232 889 2269 Heerenium
914 2233 934 2269 l.
955 2233 974 2269 Ι.
996 2247 1033 2284 p.

370 2285 453 2324 350
471 2298 573 2334 seqq.
597 2299 707 2336 supra
729 2288 797 2324 iarn
816 2290 1032 2326 monuimus.

370 2340 444 2383 Qui
461 2342 556 2378 idern
576 2343 795 2391 suspicatur,
822 2344 885 2380 has
908 2344 1032 2382 landes

368 2396 416 2432 de
454 2397 668 2447 Aethiopiae
701 2400 861 2447 gentium
893 2405 1033 2437 statura

369 2452 465 2489 celsa
487 2466 528 2490 ac
552 2454 684 2490 decora
704 2456 848 2492 {luxisse
867 2469 910 2492 ex
932 2470 1034 2493 inan-

368 2509 540 2558 cipioruin
556 2511 857 2558 negotiatoribus,
870 2514 930 2560 qui
946 2514 1032 2549 istas

368 2569 497 2613 gentes
538 2567 734 2616 praecipue
764 2567 912 2605 laudare
946 2582 1033 2604 con-

371 2622 563 2658 sueverint.
604 2644 647 2648 —
686 2623 925 2673 „Comparat
952 2638 1031 2661 cuin

370 2676 424 2713 his
461 2677 681 2728 Aethiopum
729 2678 897 2716 laudibus
930 2681 1034 2717 fabu-

370 2734 423 2769 las
450 2734 731 2780 Germnnmum,
763 2736 1035 2783 Britannorum,

369 2789 405 2825 in
426 2789 534 2826 Euda
555 2791 680 2827 obvias
706 2792 751 2827 (le
770 2793 939 2840 Ausgurd
958 2794 1035 2829 edi-

369 2850 428 2881 tor
455 2859 570 2883 novae
602 2848 772 2884 editionis
803 2850 921 2898 operis
953 2849 1035 2886 The

369 2900 506 2951 history
548 2903 591 2940 os
625 2903 777 2953 English
817 2907 947 2956 poetry
987 2906 1033 2954 by

1091 1611 1224 1650 Thom.
1255 1611 1422 1649 Warton.
1452 1610 1589 1663 (Lond.
1615 1611 1752 1664 1824.)

1090 1669 1210 1706 Praef.
1232 1682 1318 1718 pag.
1339 1670 1431 1709 31.“
1463 1669 1531 1706 Cr.

1148 1721 1246 1763 κατα
1269 1721 1344 1776 τήν
1367 1726 1580 1776 βασιληίην
1598 1724 1753 1779 τοιῷδε]

1094 1781 1362 1832 Comparentnr
1392 1796 1470 1820 cum
1505 1782 1620 1821 hisce:
1662 1783 1756 1820 Dio-

1094 1839 1172 1875 dor.
1202 1838 1311 1875 Sicul.
1337 1838 1409 1886 ΙΙΙ,
1435 1841 1460 1880 8
1481 1839 1541 1876 fin.
1570 1839 1753 1878 Aristotel.

1093 1895 1201 1932 Polit.
1239 1895 1310 1941 lv,
1352 1894 1390 1934 4.
1435 1896 1525 1943 (lv,
1564 1897 1589 1936 3
1635 1893 1670 1946 ἓ.
1713 1899 1752 1936 7.

1092 1948 1282 2001 Schneid.)
1323 1951 1454 1989 Athen.
1488 1952 1587 1998 Xlll,
1613 1956 1639 1993 2
1666 1964 1754 2003 pag.

1093 2009 1185 2048 566.
1206 2007 1322 2044 Nicol.
1339 2007 1554 2046 Damascen.
1569 2007 1753 2059 Excerptt.

1090 2063 1233 2101 Valess.
1264 2078 1300 2114 p.
1331 2065 1424 2106 518.
1497 2065 1603 2110 Quae
1631 2065 1756 2102 attulit

1091 2119 1311 2170 Wesseling.
1621 2160 1626 2165 ,

1147 2175 1214 2214 καὶ
1244 2175 1343 2215 κατά
1371 2174 1410 2216 τὸ
1444 2175 1620 2229 μέγαθος
1652 2175 1755 2227 ἔχειν

1091 2229 1164 2281 τήν
1196 2230 1324 2283 ἰσχύν]
1358 2235 1378 2270 i.
1406 2247 1438 2271 e.
1465 2237 1497 2270 et
1525 2235 1624 2269 cuius
1650 2234 1754 2270 robur

1091 2289 1335 2336 magnitudini
1366 2291 1516 2340 corporis
1556 2289 1755 2338 respondere

1092 2344 1263 2381 iudicant.
1295 2345 1351 2382 De
1373 2347 1643 2396 praepositione
1654 2343 1752 2384 κατοὶ

1091 2401 1184 2436 cons.
1211 2401 1237 2447 Ι,
1273 2404 1361 2442 121.
1395 2402 1438 2449 ll,
1465 2406 1515 2443 10
1546 2403 1631 2451 ibiq.
1658 2408 1752 2441 nott.

1299 2491 1540 2541 cap.xxt

1147 2584 1175 2606 π
1189 2584 1240 2619 ρο
1254 2585 1331 2619 τιμ
1348 2572 1380 2608 ὦ
1394 2586 1415 2608 ν
1467 2574 1617 2610 πολλοῦ
1665 2571 1753 2623 ἐμοὶ

1092 2625 1219 2672 ξεῖνος
1241 2625 1442 2676 γενέσθαι]
1465 2628 1486 2663 i.
1506 2641 1535 2665 e.
1559 2642 1662 2678 quum
1679 2642 1755 2667 ma-

1090 2684 1156 2729 gni
1178 2682 1324 2731 faciut,
1356 2687 1394 2719 ut
1426 2684 1513 2720 milei
1541 2685 1657 2735 hospes
1679 2687 1755 2736 fiat

1092 2740 1356 2789 arnicitinmque
1380 2743 1518 2787 iungat.
1561 2744 1669 2779 Conf.
1693 2756 1755 2779 su-

1091 2806 1157 2844 pra
1180 2795 1226 2841 ll,
1246 2797 1298 2836 37
1319 2797 1404 2845 ibiq.
1428 2802 1518 2834 nott.
1551 2799 1608 2836 Ad
1629 2811 1752 2836 vocem

1092 2846 1284 2890 κατόπται
1304 2854 1399 2890 cons.
1425 2853 1487 2898 111,
1510 2857 1560 2896 17
1581 2855 1642 2892 fin.
1665 2855 1753 2904 ibiq.

1092 2911 1182 2944 nott.
