<?xml version="1.0" encoding="UTF-8"?>
<!DOCTYPE html PUBLIC "-//W3C//DTD XHTML 1.0 Transitional//EN"
    "http://www.w3.org/TR/xhtml1/DTD/xhtml1-transitional.dtd">
<html xmlns="http://www.w3.org/1999/xhtml" xml:lang="en" lang="en">
 <head>
  <title>
</title>
<meta http-equiv="Content-Type" content="text/html;charset=utf-8" />
  <meta name='ocr-system' content='tesseract 3.04.00' />
  <meta name='ocr-capabilities' content='ocr_page ocr_carea ocr_par ocr_line ocrx_word'/>
</head>
<body>
  <div class='ocr_page' id='page_1' title='image "./musaeherodoto02hero_0413.png"; bbox 0 0 1904 3304; ppageno 0'>
   <div class='ocr_carea' id='block_1_1' title="bbox 0 950 122 1009">
    <p class='ocr_par' dir='ltr' id='par_1_1' title="bbox 0 950 122 1009">
     <span class='ocr_line' id='line_1_1' title="bbox 0 950 122 1009; baseline 0 0"><span class='ocrx_word' id='word_1_1' title='bbox 0 950 122 1009; x_wconf 66' lang='lat'>³63</span> 
     </span>
    </p>
   </div>
   <div class='ocr_carea' id='block_1_2' title="bbox 0 1239 121 1284">
    <p class='ocr_par' dir='ltr' id='par_1_2' title="bbox 0 1239 121 1284">
     <span class='ocr_line' id='line_1_2' title="bbox 0 1239 121 1284; baseline 0 0"><span class='ocrx_word' id='word_1_2' title='bbox 0 1239 121 1284; x_wconf 61' lang='lat'>=64</span> 
     </span>
    </p>
   </div>
   <div class='ocr_carea' id='block_1_3' title="bbox 479 272 1166 312">
    <p class='ocr_par' dir='ltr' id='par_1_3' title="bbox 479 272 1166 312">
     <span class='ocr_line' id='line_1_3' title="bbox 479 272 1166 312; baseline 0 0"><span class='ocrx_word' id='word_1_3' title='bbox 479 272 1044 312; x_wconf 88' lang='lat' dir='ltr'><strong>MELPOMENE.</strong></span> <span class='ocrx_word' id='word_1_4' title='bbox 1102 273 1166 312; x_wconf 87' lang='lat' dir='ltr'>IV.</span> 
     </span>
    </p>
   </div>
   <div class='ocr_carea' id='block_1_4' title="bbox 1367 274 1452 315">
    <p class='ocr_par' dir='ltr' id='par_1_4' title="bbox 1367 274 1452 315">
     <span class='ocr_line' id='line_1_4' title="bbox 1367 274 1452 315; baseline 0 0"><span class='ocrx_word' id='word_1_5' title='bbox 1367 274 1452 315; x_wconf 82' lang='lat'>405</span> 
     </span>
    </p>
   </div>
   <div class='ocr_carea' id='block_1_5' title="bbox 193 380 1449 439">
    <p class='ocr_par' dir='ltr' id='par_1_5' title="bbox 193 380 1449 439">
     <span class='ocr_line' id='line_1_5' title="bbox 193 380 1449 439; baseline -0.004 -10"><span class='ocrx_word' id='word_1_6' title='bbox 193 394 300 429; x_wconf 85' lang='grc' dir='ltr'><em>σωσι</em></span> <span class='ocrx_word' id='word_1_7' title='bbox 328 383 437 427; x_wconf 79' lang='grc' dir='ltr'><em>κατὰ</em></span> <span class='ocrx_word' id='word_1_8' title='bbox 473 388 562 428; x_wconf 74' lang='grc' dir='ltr'><em>τῶν</em></span> <span class='ocrx_word' id='word_1_9' title='bbox 599 382 844 439; x_wconf 77' lang='grc' dir='ltr'><em>κεφαλέων,</em></span> <span class='ocrx_word' id='word_1_10' title='bbox 891 381 1193 439; x_wconf 76' lang='grc' dir='ltr'><em>ἀποσφάζουσι</em></span> <span class='ocrx_word' id='word_1_11' title='bbox 1231 381 1338 433; x_wconf 79' lang='grc' dir='ltr'><em>τούς</em></span> <span class='ocrx_word' id='word_1_12' title='bbox 1377 380 1449 425; x_wconf 87' lang='grc' dir='ltr'>ἀν-</span> 
     </span>
    </p>
   </div>
   <div class='ocr_carea' id='block_1_6' title="bbox 188 455 671 511">
    <p class='ocr_par' dir='ltr' id='par_1_6' title="bbox 188 455 671 511">
     <span class='ocr_line' id='line_1_6' title="bbox 188 455 671 511; baseline 0 -12"><span class='ocrx_word' id='word_1_13' title='bbox 188 456 397 509; x_wconf 80' lang='grc' dir='ltr'><em>θρώπους</em></span> <span class='ocrx_word' id='word_1_14' title='bbox 436 456 478 507; x_wconf 77' lang='grc' dir='ltr'>ἐς</span> <span class='ocrx_word' id='word_1_15' title='bbox 516 455 648 511; x_wconf 78' lang='grc' dir='ltr'><em>ἄγγος</em></span> <span class='ocrx_word' id='word_1_16' title='bbox 661 469 671 479; x_wconf 85' lang='grc'><strong>”</strong></span> 
     </span>
    </p>
   </div>
   <div class='ocr_carea' id='block_1_7' title="bbox 723 451 1449 503">
    <p class='ocr_par' dir='ltr' id='par_1_7' title="bbox 723 451 1449 503">
     <span class='ocr_line' id='line_1_7' title="bbox 723 451 1449 503; baseline -0.003 -6"><span class='ocrx_word' id='word_1_17' title='bbox 723 455 797 498; x_wconf 81' lang='grc' dir='ltr'><em>καὶ</em></span> <span class='ocrx_word' id='word_1_18' title='bbox 836 454 978 496; x_wconf 76' lang='grc' dir='ltr'><em>ἔπειτα</em></span> <span class='ocrx_word' id='word_1_19' title='bbox 1025 451 1318 503; x_wconf 77' lang='grc' dir='ltr'><strong><em>ἀνενείκαντες</em></strong></span> <span class='ocrx_word' id='word_1_20' title='bbox 1356 452 1449 495; x_wconf 77' lang='grc' dir='ltr'>ἄνω</span> 
     </span>
    </p>
   </div>
   <div class='ocr_carea' id='block_1_8' title="bbox 159 521 1505 652">
    <p class='ocr_par' dir='ltr' id='par_1_8' title="bbox 159 521 1505 652">
     <span class='ocr_line' id='line_1_8' title="bbox 187 521 1449 582; baseline -0.002 -13"><span class='ocrx_word' id='word_1_21' title='bbox 187 527 257 570; x_wconf 82' lang='grc' dir='ltr'><em>ἐπὶ</em></span> <span class='ocrx_word' id='word_1_22' title='bbox 286 527 364 569; x_wconf 84' lang='grc' dir='ltr'><em>τόν</em></span> <span class='ocrx_word' id='word_1_23' title='bbox 392 525 525 581; x_wconf 79' lang='grc' dir='ltr'><em>ὄγκον</em></span> <span class='ocrx_word' id='word_1_24' title='bbox 553 530 642 569; x_wconf 76' lang='grc' dir='ltr'><em>τῶν</em></span> <span class='ocrx_word' id='word_1_25' title='bbox 672 525 935 582; x_wconf 75' lang='grc' dir='ltr'><strong><em>φρυγάνων,</em></strong></span> <span class='ocrx_word' id='word_1_26' title='bbox 973 523 1234 579; x_wconf 81' lang='grc' dir='ltr'><em>καταχέουσι</em></span> <span class='ocrx_word' id='word_1_27' title='bbox 1259 524 1308 568; x_wconf 80' lang='grc' dir='ltr'><em>τό</em></span> <span class='ocrx_word' id='word_1_28' title='bbox 1342 521 1449 580; x_wconf 81' lang='grc' dir='ltr'><em>αἷμα</em></span> 
     </span>
     <span class='ocr_line' id='line_1_9' title="bbox 159 594 1505 652; baseline -0.001 -13"><span class='ocrx_word' id='word_1_29' title='bbox 159 601 270 641; x_wconf 84' lang='grc' dir='ltr'>7τοῦ</span> <span class='ocrx_word' id='word_1_30' title='bbox 299 596 541 649; x_wconf 80' lang='grc' dir='ltr'><em>ἀκινάκεος.</em></span> <span class='ocrx_word' id='word_1_31' title='bbox 588 598 680 640; x_wconf 83' lang='grc' dir='ltr'>ἀνω</span> <span class='ocrx_word' id='word_1_32' title='bbox 711 596 790 652; x_wconf 74' lang='grc' dir='ltr'>μὲν</span> <span class='ocrx_word' id='word_1_33' title='bbox 820 595 872 650; x_wconf 75' lang='grc' dir='ltr'><em>δὴ</em></span> <span class='ocrx_word' id='word_1_34' title='bbox 901 596 1116 650; x_wconf 78' lang='grc' dir='ltr'><em>φορέουσι</em></span> <span class='ocrx_word' id='word_1_35' title='bbox 1144 599 1300 638; x_wconf 84' lang='grc' dir='ltr'><em>τοῦτο·</em></span> <span class='ocrx_word' id='word_1_36' title='bbox 1332 594 1505 638; x_wconf 80' lang='grc' dir='ltr'><em>κάτω90</em></span> 
     </span>
    </p>
   </div>
   <div class='ocr_carea' id='block_1_9' title="bbox 159 666 934 723">
    <p class='ocr_par' dir='ltr' id='par_1_9' title="bbox 159 666 934 723">
     <span class='ocr_line' id='line_1_10' title="bbox 159 666 934 723; baseline 0 -15"><span class='ocrx_word' id='word_1_37' title='bbox 159 669 236 712; x_wconf 78' lang='grc' dir='ltr'>8ὂὲ</span> <span class='ocrx_word' id='word_1_38' title='bbox 266 669 383 723; x_wconf 80' lang='grc' dir='ltr'><em>παρὰ</em></span> <span class='ocrx_word' id='word_1_39' title='bbox 416 667 463 711; x_wconf 84' lang='grc' dir='ltr'><em>τὸ</em></span> <span class='ocrx_word' id='word_1_40' title='bbox 497 667 594 723; x_wconf 80' lang='grc' dir='ltr'><em>ἱρόν</em></span> <span class='ocrx_word' id='word_1_41' title='bbox 623 671 792 711; x_wconf 84' lang='grc' dir='ltr'><em>ποιεῦσι</em></span> <span class='ocrx_word' id='word_1_42' title='bbox 821 666 934 709; x_wconf 80' lang='grc' dir='ltr'><em>τάδε.</em></span> 
     </span>
    </p>
   </div>
   <div class='ocr_carea' id='block_1_10' title="bbox 986 665 1448 721">
    <p class='ocr_par' dir='ltr' id='par_1_10' title="bbox 986 665 1448 721">
     <span class='ocr_line' id='line_1_11' title="bbox 986 665 1448 721; baseline -0.002 -13"><span class='ocrx_word' id='word_1_43' title='bbox 986 670 1075 708; x_wconf 77' lang='grc' dir='ltr'><em>τῶν</em></span> <span class='ocrx_word' id='word_1_44' title='bbox 1105 665 1448 721; x_wconf 75' lang='grc' dir='ltr'>ἀποσφαγέντων</span> 
     </span>
    </p>
   </div>
   <div class='ocr_carea' id='block_1_11' title="bbox 185 735 1446 867">
    <p class='ocr_par' dir='ltr' id='par_1_11' title="bbox 185 735 1446 867">
     <span class='ocr_line' id='line_1_12' title="bbox 186 735 1446 794; baseline -0.002 -12"><span class='ocrx_word' id='word_1_45' title='bbox 186 739 363 794; x_wconf 82' lang='grc' dir='ltr'><em>ἀνδρῶν</em></span> <span class='ocrx_word' id='word_1_46' title='bbox 393 739 496 790; x_wconf 81' lang='grc' dir='ltr'>τούς</span> <span class='ocrx_word' id='word_1_47' title='bbox 528 739 694 790; x_wconf 79' lang='grc' dir='ltr'><em>δεξιοὺς</em></span> <span class='ocrx_word' id='word_1_48' title='bbox 732 737 880 792; x_wconf 78' lang='grc' dir='ltr'><em>ὤμους</em></span> <span class='ocrx_word' id='word_1_49' title='bbox 918 735 1086 787; x_wconf 79' lang='grc' dir='ltr'><em>πάντας</em></span> <span class='ocrx_word' id='word_1_50' title='bbox 1124 735 1446 792; x_wconf 72' lang='grc' dir='ltr'><em>ἀποτάμνοντες</em></span> 
     </span>
     <span class='ocr_line' id='line_1_13' title="bbox 185 805 1446 867; baseline -0.004 -14"><span class='ocrx_word' id='word_1_51' title='bbox 185 811 269 854; x_wconf 82' lang='grc' dir='ltr'>σὺν</span> <span class='ocrx_word' id='word_1_52' title='bbox 297 814 397 867; x_wconf 82' lang='grc' dir='ltr'><em>τῇσι</em></span> <span class='ocrx_word' id='word_1_53' title='bbox 427 811 571 866; x_wconf 85' lang='grc' dir='ltr'><em>χερσὶ,</em></span> <span class='ocrx_word' id='word_1_54' title='bbox 604 810 645 860; x_wconf 80' lang='grc' dir='ltr'>ἐς</span> <span class='ocrx_word' id='word_1_55' title='bbox 665 808 741 852; x_wconf 80' lang='grc' dir='ltr'><em>τόν</em></span> <span class='ocrx_word' id='word_1_56' title='bbox 762 806 870 863; x_wconf 77' lang='grc' dir='ltr'><em>ἠέρα</em></span> <span class='ocrx_word' id='word_1_57' title='bbox 894 808 1012 849; x_wconf 83' lang='grc' dir='ltr'><em>ἷεῖσι·</em></span> <span class='ocrx_word' id='word_1_58' title='bbox 1042 807 1115 849; x_wconf 84' lang='grc' dir='ltr'><em>καὶ</em></span> <span class='ocrx_word' id='word_1_59' title='bbox 1139 807 1281 850; x_wconf 74' lang='grc' dir='ltr'><em>ἔπειτα</em></span> <span class='ocrx_word' id='word_1_60' title='bbox 1301 807 1373 850; x_wconf 84' lang='grc' dir='ltr'><em>καὶ</em></span> <span class='ocrx_word' id='word_1_61' title='bbox 1393 805 1446 849; x_wconf 77' lang='grc' dir='ltr'><em>τοὶ</em></span> 
     </span>
    </p>
   </div>
   <div class='ocr_carea' id='block_1_12' title="bbox 186 876 1138 1003">
    <p class='ocr_par' dir='ltr' id='par_1_12' title="bbox 186 876 1138 1003">
     <span class='ocr_line' id='line_1_14' title="bbox 186 876 1138 937; baseline -0.005 -12"><span class='ocrx_word' id='word_1_62' title='bbox 186 883 295 926; x_wconf 76' lang='grc' dir='ltr'><em>ἄλλα</em></span> <span class='ocrx_word' id='word_1_63' title='bbox 326 880 583 937; x_wconf 78' lang='grc' dir='ltr'><em>ἀπέρξαντες</em></span> <span class='ocrx_word' id='word_1_64' title='bbox 615 879 733 936; x_wconf 83' lang='grc' dir='ltr'><em>ἷρήϊα</em></span> <span class='ocrx_word' id='word_1_65' title='bbox 762 876 1138 920; x_wconf 82' lang='grc' dir='ltr'><em>ἀπαλλάσσονται·</em></span> 
     </span>
     <span class='ocr_line' id='line_1_15' title="bbox 441 946 1120 1003; baseline -0.009 -9"><span class='ocrx_word' id='word_1_66' title='bbox 441 951 599 999; x_wconf 83' lang='grc' dir='ltr'><em>κέεται,</em></span> <span class='ocrx_word' id='word_1_67' title='bbox 638 950 711 993; x_wconf 80' lang='grc' dir='ltr'><em>καὶ</em></span> <span class='ocrx_word' id='word_1_68' title='bbox 744 948 873 1003; x_wconf 88' lang='grc' dir='ltr'><em>χωρὶς</em></span> <span class='ocrx_word' id='word_1_69' title='bbox 904 946 927 990; x_wconf 89' lang='grc' dir='ltr'>ὁ</span> <span class='ocrx_word' id='word_1_70' title='bbox 958 947 1120 1002; x_wconf 86' lang='grc' dir='ltr'><em>νεκρός.</em></span> 
     </span>
    </p>
   </div>
   <div class='ocr_carea' id='block_1_13' title="bbox 880 878 1448 1061">
    <p class='ocr_par' dir='ltr' id='par_1_13' title="bbox 880 878 1448 1061">
     <span class='ocr_line' id='line_1_16' title="bbox 1176 878 1448 933; baseline -0.004 -13"><span class='ocrx_word' id='word_1_71' title='bbox 1176 878 1265 933; x_wconf 83' lang='grc' dir='ltr'><em>χεὶρ</em></span> <span class='ocrx_word' id='word_1_72' title='bbox 1296 878 1361 930; x_wconf 78' lang='grc' dir='ltr'>δὲ,</span> <span class='ocrx_word' id='word_1_73' title='bbox 1393 879 1448 933; x_wconf 79' lang='grc' dir='ltr'><em>τῇ</em></span> 
     </span>
     <span class='ocr_line' id='line_1_17' title="bbox 1183 947 1446 1003; baseline -0.004 -12"><span class='ocrx_word' id='word_1_74' title='bbox 1183 948 1339 991; x_wconf 88' lang='grc' dir='ltr'><em>Θυσίαι</em></span> <span class='ocrx_word' id='word_1_75' title='bbox 1367 947 1446 1003; x_wconf 86' lang='grc' dir='ltr'>μέν</span> 
     </span>
     <span class='ocr_line' id='line_1_18' title="bbox 880 1012 1444 1061; baseline 0 -1"><span class='ocrx_word' id='word_1_76' title='bbox 880 1017 954 1061; x_wconf 77' lang='grc' dir='ltr'>ὑσὶ</span> <span class='ocrx_word' id='word_1_77' title='bbox 984 1019 1029 1061; x_wconf 80' lang='grc' dir='ltr'>δὲ</span> <span class='ocrx_word' id='word_1_78' title='bbox 1060 1012 1183 1060; x_wconf 82' lang='grc' dir='ltr'><em>οὗτοι</em></span> <span class='ocrx_word' id='word_1_79' title='bbox 1213 1016 1342 1061; x_wconf 76' lang='grc' dir='ltr'><em>οὐδὲν</em></span> <span class='ocrx_word' id='word_1_80' title='bbox 1371 1034 1444 1061; x_wconf 78' lang='grc' dir='ltr'>νο-</span> 
     </span>
    </p>
   </div>
   <div class='ocr_carea' id='block_1_14' title="bbox 1504 948 1587 986">
    <p class='ocr_par' dir='ltr' id='par_1_14' title="bbox 1504 948 1587 986">
     <span class='ocr_line' id='line_1_19' title="bbox 1504 948 1587 986; baseline -0.012 0"><span class='ocrx_word' id='word_1_81' title='bbox 1504 948 1587 986; x_wconf 83' lang='lat'>310</span> 
     </span>
    </p>
   </div>
   <div class='ocr_carea' id='block_1_15' title="bbox 1502 998 1779 1026">
    <p class='ocr_par' dir='ltr' id='par_1_15' title="bbox 1502 998 1779 1026">
     <span class='ocr_line' id='line_1_20' title="bbox 1502 998 1779 1026; baseline 0.004 -1"><span class='ocrx_word' id='word_1_82' title='bbox 1502 998 1596 1026; x_wconf 86' lang='lat' dir='ltr'>Suum</span> <span class='ocrx_word' id='word_1_83' title='bbox 1616 998 1779 1026; x_wconf 80' lang='lat' dir='ltr'>aversatio.</span> 
     </span>
    </p>
   </div>
   <div class='ocr_carea' id='block_1_16' title="bbox 182 1088 1504 1148">
    <p class='ocr_par' dir='ltr' id='par_1_16' title="bbox 182 1088 1504 1148">
     <span class='ocr_line' id='line_1_21' title="bbox 182 1088 1504 1148; baseline -0.003 -14"><span class='ocrx_word' id='word_1_84' title='bbox 182 1093 375 1147; x_wconf 81' lang='grc' dir='ltr'><em>μίζουσι,</em></span> <span class='ocrx_word' id='word_1_85' title='bbox 418 1091 520 1136; x_wconf 81' lang='grc' dir='ltr'><em>οὐδὲ</em></span> <span class='ocrx_word' id='word_1_86' title='bbox 549 1092 725 1148; x_wconf 86' lang='grc' dir='ltr'><em>τρέφειν</em></span> <span class='ocrx_word' id='word_1_87' title='bbox 754 1090 803 1134; x_wconf 87' lang='grc' dir='ltr'>τὸ</span> <span class='ocrx_word' id='word_1_88' title='bbox 833 1089 1043 1145; x_wconf 82' lang='grc' dir='ltr'><em>παράπαν</em></span> <span class='ocrx_word' id='word_1_89' title='bbox 1073 1089 1119 1132; x_wconf 84' lang='grc' dir='ltr'>έν</span> <span class='ocrx_word' id='word_1_90' title='bbox 1148 1092 1201 1144; x_wconf 84' lang='grc' dir='ltr'><em>τῇ</em></span> <span class='ocrx_word' id='word_1_91' title='bbox 1229 1088 1349 1146; x_wconf 82' lang='grc' dir='ltr'><em>χώρῃ</em></span> <span class='ocrx_word' id='word_1_92' title='bbox 1379 1088 1504 1132; x_wconf 63' lang='grc' dir='ltr'><em>θεῖ-96</em></span> 
     </span>
    </p>
   </div>
   <div class='ocr_carea' id='block_1_17' title="bbox 181 953 822 1277">
    <p class='ocr_par' dir='ltr' id='par_1_17' title="bbox 181 953 810 1207">
     <span class='ocr_line' id='line_1_22' title="bbox 186 953 402 1007; baseline -0.011 -11"><span class='ocrx_word' id='word_1_93' title='bbox 186 953 240 996; x_wconf 72' lang='grc' dir='ltr'>ἂν</span> <span class='ocrx_word' id='word_1_94' title='bbox 269 953 402 1007; x_wconf 77' lang='grc' dir='ltr'><em>πέση,</em></span> 
     </span>
     <span class='ocr_line' id='line_1_23' title="bbox 181 1020 822 1075; baseline -0.003 -11"><span class='ocrx_word' id='word_1_95' title='bbox 181 1037 265 1064; x_wconf 80' lang='grc' dir='ltr'>νυν</span> <span class='ocrx_word' id='word_1_96' title='bbox 295 1023 421 1064; x_wconf 86' lang='grc' dir='ltr'><em>αὐταί</em></span> <span class='ocrx_word' id='word_1_97' title='bbox 455 1033 534 1075; x_wconf 86' lang='grc' dir='ltr'>σφι</span> <span class='ocrx_word' id='word_1_98' title='bbox 564 1020 822 1063; x_wconf 80' lang='grc' dir='ltr'><em>κατεστέασι.</em></span> 
     </span>
     <span class='ocr_line' id='line_1_24' title="bbox 182 1167 322 1207; baseline 0 -1"><span class='ocrx_word' id='word_1_99' title='bbox 182 1167 322 1207; x_wconf 53' lang='grc' dir='ltr'><em>λουσμ</em></span> 
     </span>
    </p>

    <p class='ocr_par' dir='ltr' id='par_1_18' title="bbox 294 1232 440 1277">
     <span class='ocr_line' id='line_1_25' title="bbox 294 1232 440 1277; baseline 0 0"><span class='ocrx_word' id='word_1_100' title='bbox 294 1234 356 1277; x_wconf 64' lang='lat' dir='ltr'>Tc}</span> <span class='ocrx_word' id='word_1_101' title='bbox 399 1232 440 1277; x_wconf 88' lang='grc' dir='ltr'>δ’</span> 
     </span>
    </p>
   </div>
   <div class='ocr_carea' id='block_1_18' title="bbox 484 1225 1438 1287">
    <p class='ocr_par' dir='ltr' id='par_1_19' title="bbox 484 1225 1438 1287">
     <span class='ocr_line' id='line_1_26' title="bbox 484 1225 1438 1287; baseline -0.007 -9"><span class='ocrx_word' id='word_1_102' title='bbox 484 1235 526 1285; x_wconf 78' lang='grc' dir='ltr'>ἐς</span> <span class='ocrx_word' id='word_1_103' title='bbox 563 1233 753 1287; x_wconf 89' lang='grc' dir='ltr'><em>πόλεμον</em></span> <span class='ocrx_word' id='word_1_104' title='bbox 789 1229 942 1286; x_wconf 70' lang='grc' dir='ltr'><em>ἔχοντα</em></span> <span class='ocrx_word' id='word_1_105' title='bbox 983 1225 1066 1273; x_wconf 64' lang='grc' dir='ltr'><em>οἶδέ</em></span> <span class='ocrx_word' id='word_1_106' title='bbox 1102 1241 1181 1285; x_wconf 86' lang='grc' dir='ltr'>σφι</span> <span class='ocrx_word' id='word_1_107' title='bbox 1213 1230 1438 1274; x_wconf 83' lang='grc' dir='ltr'><em>διακέεται.</em></span> 
     </span>
    </p>
   </div>
   <div class='ocr_carea' id='block_1_19' title="bbox 176 1300 1441 1359">
    <p class='ocr_par' dir='ltr' id='par_1_20' title="bbox 176 1300 1441 1359">
     <span class='ocr_line' id='line_1_27' title="bbox 176 1300 1441 1359; baseline -0.003 -11"><span class='ocrx_word' id='word_1_108' title='bbox 176 1304 330 1348; x_wconf 83' lang='grc' dir='ltr'><em>Ἐπεάν</em></span> <span class='ocrx_word' id='word_1_109' title='bbox 364 1304 440 1349; x_wconf 90' lang='grc' dir='ltr'>τόν</span> <span class='ocrx_word' id='word_1_110' title='bbox 468 1309 643 1359; x_wconf 77' lang='grc' dir='ltr'><em>πρῶτον</em></span> <span class='ocrx_word' id='word_1_111' title='bbox 681 1301 821 1354; x_wconf 78' lang='grc' dir='ltr'><em>ἄνδρα</em></span> <span class='ocrx_word' id='word_1_112' title='bbox 849 1301 1071 1357; x_wconf 77' lang='grc' dir='ltr'><em>καταβάλῃ</em></span> <span class='ocrx_word' id='word_1_113' title='bbox 1103 1300 1214 1357; x_wconf 85' lang='grc' dir='ltr'><em>ἀνὴρ</em></span> <span class='ocrx_word' id='word_1_114' title='bbox 1244 1301 1441 1357; x_wconf 79' lang='grc' dir='ltr'><strong><em>Σκύθης,</em></strong></span> 
     </span>
    </p>
   </div>
   <div class='ocr_carea' id='block_1_20' title="bbox 155 1376 681 1431">
    <p class='ocr_par' dir='ltr' id='par_1_21' title="bbox 155 1376 681 1431">
     <span class='ocr_line' id='line_1_28' title="bbox 155 1376 681 1431; baseline -0.002 -15"><span class='ocrx_word' id='word_1_115' title='bbox 155 1383 177 1416; x_wconf 75' lang='lat'>2</span> <span class='ocrx_word' id='word_1_116' title='bbox 188 1380 269 1419; x_wconf 89' lang='grc' dir='ltr'><em>τοῦ</em></span> <span class='ocrx_word' id='word_1_117' title='bbox 300 1378 477 1431; x_wconf 78' lang='grc' dir='ltr'><em>αἵματος</em></span> <span class='ocrx_word' id='word_1_118' title='bbox 508 1376 681 1430; x_wconf 79' lang='grc' dir='ltr'><em>ἐμπίνει.</em></span> 
     </span>
    </p>
   </div>
   <div class='ocr_carea' id='block_1_21' title="bbox 741 1371 1444 1428">
    <p class='ocr_par' dir='ltr' id='par_1_22' title="bbox 741 1371 1444 1428">
     <span class='ocr_line' id='line_1_29' title="bbox 741 1371 1444 1428; baseline 0 -13"><span class='ocrx_word' id='word_1_119' title='bbox 741 1372 872 1422; x_wconf 82' lang='grc' dir='ltr'><em>ὅσους</em></span> <span class='ocrx_word' id='word_1_120' title='bbox 910 1371 950 1415; x_wconf 83' lang='grc' dir='ltr'>δ’</span> <span class='ocrx_word' id='word_1_121' title='bbox 992 1371 1047 1414; x_wconf 73' lang='grc' dir='ltr'>ἂν</span> <span class='ocrx_word' id='word_1_122' title='bbox 1088 1371 1285 1428; x_wconf 80' lang='grc' dir='ltr'><em>φονεύσῃ</em></span> <span class='ocrx_word' id='word_1_123' title='bbox 1315 1371 1362 1415; x_wconf 80' lang='grc' dir='ltr'>ἐν</span> <span class='ocrx_word' id='word_1_124' title='bbox 1391 1375 1444 1428; x_wconf 88' lang='grc' dir='ltr'><em>τῇ</em></span> 
     </span>
    </p>
   </div>
   <div class='ocr_carea' id='block_1_22' title="bbox 183 1441 1471 1503">
    <p class='ocr_par' dir='ltr' id='par_1_23' title="bbox 183 1441 1471 1503">
     <span class='ocr_line' id='line_1_30' title="bbox 183 1441 1471 1503; baseline -0.004 -13"><span class='ocrx_word' id='word_1_125' title='bbox 183 1446 319 1503; x_wconf 80' lang='grc' dir='ltr'><em>μάχῃ,</em></span> <span class='ocrx_word' id='word_1_126' title='bbox 358 1445 529 1489; x_wconf 84' lang='grc' dir='ltr'><em>τούτων</em></span> <span class='ocrx_word' id='word_1_127' title='bbox 566 1445 641 1496; x_wconf 77' lang='grc' dir='ltr'><em>τοὶς</em></span> <span class='ocrx_word' id='word_1_128' title='bbox 676 1443 867 1500; x_wconf 75' lang='grc' dir='ltr'><em>κεφαλὰς</em></span> <span class='ocrx_word' id='word_1_129' title='bbox 906 1441 1118 1499; x_wconf 81' lang='grc' dir='ltr'><em>ἀποφέρει</em></span> <span class='ocrx_word' id='word_1_130' title='bbox 1153 1446 1214 1500; x_wconf 76' lang='grc' dir='ltr'><em>τῷ</em></span> <span class='ocrx_word' id='word_1_131' title='bbox 1250 1442 1471 1499; x_wconf 80' lang='grc' dir='ltr'><em>βασιλέῖ·1</em></span> 
     </span>
    </p>
   </div>
   <div class='ocr_carea' id='block_1_23' title="bbox 219 1558 400 1562">
    <p class='ocr_par' dir='ltr' id='par_1_24' title="bbox 219 1558 400 1562">
     <span class='ocr_line' id='line_1_31' title="bbox 219 1558 400 1562; baseline 0 0"><span class='ocrx_word' id='word_1_132' title='bbox 219 1558 400 1562; x_wconf 95' lang='lat' dir='ltr'> </span> 
     </span>
    </p>
   </div>
   <div class='ocr_carea' id='block_1_24' title="bbox 123 1602 784 2953">
    <p class='ocr_par' dir='ltr' id='par_1_25' title="bbox 123 1602 784 2953">
     <span class='ocr_line' id='line_1_32' title="bbox 180 1602 784 1658; baseline -0.002 -12"><span class='ocrx_word' id='word_1_133' title='bbox 180 1607 249 1647; x_wconf 80' lang='grc' dir='ltr'><em>καὶ</em></span> <span class='ocrx_word' id='word_1_134' title='bbox 300 1605 347 1647; x_wconf 83' lang='grc' dir='ltr'><em>τά</em></span> <span class='ocrx_word' id='word_1_135' title='bbox 404 1604 502 1646; x_wconf 69' lang='grc' dir='ltr'><em>ἄλλα</em></span> <span class='ocrx_word' id='word_1_136' title='bbox 547 1602 784 1658; x_wconf 78' lang='grc' dir='ltr'><em>ἀπέρξαντες</em></span> 
     </span>
     <span class='ocr_line' id='line_1_33' title="bbox 126 1661 783 1715; baseline -0.006 -11"><span class='ocrx_word' id='word_1_137' title='bbox 126 1661 251 1715; x_wconf 81' lang='grc' dir='ltr'><em>ἴρήϊα]</em></span> <span class='ocrx_word' id='word_1_138' title='bbox 282 1665 305 1701; x_wconf 89' lang='lat' dir='ltr'>i.</span> <span class='ocrx_word' id='word_1_139' title='bbox 331 1679 361 1703; x_wconf 87' lang='lat' dir='ltr'>e.</span> <span class='ocrx_word' id='word_1_140' title='bbox 382 1666 444 1702; x_wconf 74' lang='lat' dir='ltr'>ubi</span> <span class='ocrx_word' id='word_1_141' title='bbox 461 1667 596 1700; x_wconf 79' lang='lat' dir='ltr'>caetera</span> <span class='ocrx_word' id='word_1_142' title='bbox 616 1664 783 1700; x_wconf 77' lang='lat' dir='ltr'>solemnia</span> 
     </span>
     <span class='ocr_line' id='line_1_34' title="bbox 123 1721 782 1771; baseline -0.002 -14"><span class='ocrx_word' id='word_1_143' title='bbox 123 1721 345 1771; x_wconf 73' lang='lat' dir='ltr'><strong><em>confecerint.</em></strong></span> <span class='ocrx_word' id='word_1_144' title='bbox 375 1721 429 1758; x_wconf 87' lang='lat' dir='ltr'>lta</span> <span class='ocrx_word' id='word_1_145' title='bbox 448 1721 583 1757; x_wconf 90' lang='lat' dir='ltr'>dudum</span> <span class='ocrx_word' id='word_1_146' title='bbox 602 1721 782 1769; x_wconf 85' lang='lat' dir='ltr'>interpre-</span> 
     </span>
     <span class='ocr_line' id='line_1_35' title="bbox 124 1777 778 1826; baseline -0.005 -11"><span class='ocrx_word' id='word_1_147' title='bbox 124 1783 219 1815; x_wconf 80' lang='lat' dir='ltr'>tatus</span> <span class='ocrx_word' id='word_1_148' title='bbox 237 1782 315 1815; x_wconf 88' lang='lat' dir='ltr'>erat</span> <span class='ocrx_word' id='word_1_149' title='bbox 330 1778 375 1814; x_wconf 83' lang='lat' dir='ltr'>H.</span> <span class='ocrx_word' id='word_1_150' title='bbox 387 1777 622 1826; x_wconf 81' lang='lat' dir='ltr'>Stephanus·</span> <span class='ocrx_word' id='word_1_151' title='bbox 615 1790 651 1813; x_wconf 78' lang='lat' dir='ltr'>in</span> <span class='ocrx_word' id='word_1_152' title='bbox 664 1777 778 1816; x_wconf 40' lang='lat' dir='ltr'>thes</span> 
     </span>
     <span class='ocr_line' id='line_1_36' title="bbox 123 1828 782 1898; baseline 0 -28"><span class='ocrx_word' id='word_1_153' title='bbox 123 1834 292 1885; x_wconf 88' lang='lat' dir='ltr'>Append.</span> <span class='ocrx_word' id='word_1_154' title='bbox 313 1847 397 1883; x_wconf 78' lang='lat' dir='ltr'>pag.</span> <span class='ocrx_word' id='word_1_155' title='bbox 419 1832 512 1873; x_wconf 76' lang='lat'>484.</span> <span class='ocrx_word' id='word_1_156' title='bbox 523 1828 782 1898; x_wconf 78' lang='grc' dir='ltr'><em>ἀπέρξαντες</em></span> 
     </span>
     <span class='ocr_line' id='line_1_37' title="bbox 124 1884 781 1941; baseline 0.002 -15"><span class='ocrx_word' id='word_1_157' title='bbox 124 1890 159 1927; x_wconf 91' lang='lat' dir='ltr'>h.</span> <span class='ocrx_word' id='word_1_158' title='bbox 182 1891 204 1929; x_wconf 91' lang='lat' dir='ltr'>l</span> <span class='ocrx_word' id='word_1_159' title='bbox 229 1891 410 1927; x_wconf 82' lang='lat' dir='ltr'>deducens</span> <span class='ocrx_word' id='word_1_160' title='bbox 439 1890 484 1925; x_wconf 82' lang='lat' dir='ltr'>ab</span> <span class='ocrx_word' id='word_1_161' title='bbox 509 1884 686 1941; x_wconf 76' lang='grc' dir='ltr'><em>ἀπέργω,</em></span> <span class='ocrx_word' id='word_1_162' title='bbox 723 1888 781 1939; x_wconf 87' lang='grc' dir='ltr'><em>ε’ρ-</em></span> 
     </span>
     <span class='ocr_line' id='line_1_38' title="bbox 125 1945 779 1998; baseline -0.005 -15"><span class='ocrx_word' id='word_1_163' title='bbox 125 1961 181 1998; x_wconf 77' lang='grc' dir='ltr'>γω</span> <span class='ocrx_word' id='word_1_164' title='bbox 230 1945 354 1995; x_wconf 63' lang='lat' dir='ltr'>facab,</span> <span class='ocrx_word' id='word_1_165' title='bbox 412 1947 577 1995; x_wconf 74' lang='lat' dir='ltr'>conjicio,</span> <span class='ocrx_word' id='word_1_166' title='bbox 633 1959 779 1995; x_wconf 78' lang='lat' dir='ltr'><em>perago.</em></span> 
     </span>
     <span class='ocr_line' id='line_1_39' title="bbox 126 1998 781 2052; baseline 0.002 -15"><span class='ocrx_word' id='word_1_167' title='bbox 126 2003 237 2045; x_wconf 86' lang='lat' dir='ltr'>Quod</span> <span class='ocrx_word' id='word_1_168' title='bbox 263 2001 409 2038; x_wconf 80' lang='lat' dir='ltr'>Pauwio</span> <span class='ocrx_word' id='word_1_169' title='bbox 438 2002 620 2051; x_wconf 80' lang='lat' dir='ltr'><strong>placuerat</strong></span> <span class='ocrx_word' id='word_1_170' title='bbox 649 1998 781 2052; x_wconf 72' lang='grc' dir='ltr'><em>ἀπάρ-</em></span> 
     </span>
     <span class='ocr_line' id='line_1_40' title="bbox 126 2058 782 2104; baseline -0.003 -9"><span class='ocrx_word' id='word_1_171' title='bbox 126 2058 262 2104; x_wconf 80' lang='grc' dir='ltr'><em>ξαντες</em></span> <span class='ocrx_word' id='word_1_172' title='bbox 314 2058 368 2103; x_wconf 91' lang='lat' dir='ltr'>(ut</span> <span class='ocrx_word' id='word_1_173' title='bbox 410 2070 535 2094; x_wconf 85' lang='lat' dir='ltr'>sensus</span> <span class='ocrx_word' id='word_1_174' title='bbox 574 2058 639 2094; x_wconf 87' lang='lat' dir='ltr'>sit:</span> <span class='ocrx_word' id='word_1_175' title='bbox 700 2059 782 2094; x_wconf 75' lang='lat' dir='ltr'>(lein.</span> 
     </span>
     <span class='ocr_line' id='line_1_41' title="bbox 127 2115 778 2150; baseline -0.002 0"><span class='ocrx_word' id='word_1_176' title='bbox 127 2115 221 2150; x_wconf 72' lang='lat' dir='ltr'>alias</span> <span class='ocrx_word' id='word_1_177' title='bbox 265 2116 426 2150; x_wconf 74' lang='lat' dir='ltr'>victimas</span> <span class='ocrx_word' id='word_1_178' title='bbox 469 2116 673 2150; x_wconf 70' lang='lat' dir='ltr'>mutilantes</span> <span class='ocrx_word' id='word_1_179' title='bbox 719 2115 778 2149; x_wconf 81' lang='lat' dir='ltr'>ab-</span> 
     </span>
     <span class='ocr_line' id='line_1_42' title="bbox 126 2170 781 2218; baseline -0.002 -11"><span class='ocrx_word' id='word_1_180' title='bbox 126 2172 253 2218; x_wconf 77' lang='lat' dir='ltr'>eunt),</span> <span class='ocrx_word' id='word_1_181' title='bbox 292 2172 323 2207; x_wconf 90' lang='lat' dir='ltr'>ei</span> <span class='ocrx_word' id='word_1_182' title='bbox 369 2171 573 2218; x_wconf 78' lang='lat' dir='ltr'>refragatur</span> <span class='ocrx_word' id='word_1_183' title='bbox 606 2170 781 2207; x_wconf 89' lang='lat' dir='ltr'>sermonis</span> 
     </span>
     <span class='ocr_line' id='line_1_43' title="bbox 127 2227 780 2275; baseline -0.003 -12"><span class='ocrx_word' id='word_1_184' title='bbox 127 2240 233 2274; x_wconf 84' lang='lat' dir='ltr'>usus,</span> <span class='ocrx_word' id='word_1_185' title='bbox 264 2227 326 2275; x_wconf 90' lang='lat' dir='ltr'>qui</span> <span class='ocrx_word' id='word_1_186' title='bbox 352 2227 509 2263; x_wconf 88' lang='lat' dir='ltr'>medium</span> <span class='ocrx_word' id='word_1_187' title='bbox 534 2227 676 2273; x_wconf 80' lang='lat' dir='ltr'>flagitat</span> <span class='ocrx_word' id='word_1_188' title='bbox 698 2239 780 2263; x_wconf 77' lang='lat' dir='ltr'>ver-</span> 
     </span>
     <span class='ocr_line' id='line_1_44' title="bbox 124 2282 780 2330; baseline -0.003 -10"><span class='ocrx_word' id='word_1_189' title='bbox 124 2284 232 2330; x_wconf 88' lang='lat' dir='ltr'>bum,</span> <span class='ocrx_word' id='word_1_190' title='bbox 263 2288 362 2320; x_wconf 86' lang='lat' dir='ltr'>recte</span> <span class='ocrx_word' id='word_1_191' title='bbox 387 2287 556 2319; x_wconf 80' lang='lat' dir='ltr'>monente</span> <span class='ocrx_word' id='word_1_192' title='bbox 582 2282 780 2319; x_wconf 80' lang='lat' dir='ltr'>Wesseliu-</span> 
     </span>
     <span class='ocr_line' id='line_1_45' title="bbox 125 2339 780 2388; baseline -0.002 -13"><span class='ocrx_word' id='word_1_193' title='bbox 125 2340 208 2388; x_wconf 83' lang='lat' dir='ltr'>gio,</span> <span class='ocrx_word' id='word_1_194' title='bbox 238 2340 324 2388; x_wconf 90' lang='lat' dir='ltr'>qui,</span> <span class='ocrx_word' id='word_1_195' title='bbox 356 2339 385 2375; x_wconf 87' lang='lat' dir='ltr'>si</span> <span class='ocrx_word' id='word_1_196' title='bbox 408 2340 494 2388; x_wconf 82' lang='lat' dir='ltr'>quid</span> <span class='ocrx_word' id='word_1_197' title='bbox 515 2340 661 2375; x_wconf 84' lang='lat' dir='ltr'>omnino</span> <span class='ocrx_word' id='word_1_198' title='bbox 680 2352 780 2375; x_wconf 89' lang='lat' dir='ltr'>men-</span> 
     </span>
     <span class='ocr_line' id='line_1_46' title="bbox 126 2390 780 2445; baseline 0 -13"><span class='ocrx_word' id='word_1_199' title='bbox 126 2397 273 2442; x_wconf 89' lang='lat' dir='ltr'>dosum,</span> <span class='ocrx_word' id='word_1_200' title='bbox 309 2395 432 2432; x_wconf 84' lang='lat' dir='ltr'>mallet</span> <span class='ocrx_word' id='word_1_201' title='bbox 459 2390 727 2445; x_wconf 73' lang='grc' dir='ltr'><em>ἀπαράξαντες</em></span> <span class='ocrx_word' id='word_1_202' title='bbox 755 2396 780 2432; x_wconf 91' lang='lat' dir='ltr'>i.</span> 
     </span>
     <span class='ocr_line' id='line_1_47' title="bbox 129 2446 781 2502; baseline 0.002 -15"><span class='ocrx_word' id='word_1_203' title='bbox 129 2464 159 2488; x_wconf 88' lang='lat' dir='ltr'>e.</span> <span class='ocrx_word' id='word_1_204' title='bbox 188 2446 466 2500; x_wconf 79' lang='grc' dir='ltr'><em>ἀποκόψαντες</em></span> <span class='ocrx_word' id='word_1_205' title='bbox 494 2455 715 2502; x_wconf 69' lang='lat' dir='ltr'>amputantes</span> <span class='ocrx_word' id='word_1_206' title='bbox 744 2455 781 2488; x_wconf 87' lang='lat' dir='ltr'>et</span> 
     </span>
     <span class='ocr_line' id='line_1_48' title="bbox 128 2509 781 2545; baseline -0.002 -2"><span class='ocrx_word' id='word_1_207' title='bbox 128 2509 336 2544; x_wconf 68' lang='lat' dir='ltr'><strong><em>mutilantes.</em></strong></span> <span class='ocrx_word' id='word_1_208' title='bbox 383 2509 474 2545; x_wconf 85' lang='lat' dir='ltr'>Mihi</span> <span class='ocrx_word' id='word_1_209' title='bbox 493 2509 543 2544; x_wconf 89' lang='lat' dir='ltr'>nil</span> <span class='ocrx_word' id='word_1_210' title='bbox 564 2509 781 2545; x_wconf 81' lang='lat' dir='ltr'>mutandum</span> 
     </span>
     <span class='ocr_line' id='line_1_49' title="bbox 128 2564 783 2614; baseline 0.002 -16"><span class='ocrx_word' id='word_1_211' title='bbox 128 2564 289 2609; x_wconf 70' lang='lat' dir='ltr'>videtur,</span> <span class='ocrx_word' id='word_1_212' title='bbox 319 2565 494 2614; x_wconf 78' lang='lat' dir='ltr'>Stephani</span> <span class='ocrx_word' id='word_1_213' title='bbox 513 2565 783 2614; x_wconf 85' lang='lat' dir='ltr'>interpretatio-</span> 
     </span>
     <span class='ocr_line' id='line_1_50' title="bbox 130 2620 782 2671; baseline 0.002 -16"><span class='ocrx_word' id='word_1_214' title='bbox 130 2631 213 2656; x_wconf 89' lang='lat' dir='ltr'>nem</span> <span class='ocrx_word' id='word_1_215' title='bbox 233 2632 325 2655; x_wconf 90' lang='lat' dir='ltr'>nunc</span> <span class='ocrx_word' id='word_1_216' title='bbox 343 2622 446 2657; x_wconf 89' lang='lat' dir='ltr'>unice</span> <span class='ocrx_word' id='word_1_217' title='bbox 462 2622 652 2671; x_wconf 79' lang='lat' dir='ltr'>probanti3</span> <span class='ocrx_word' id='word_1_218' title='bbox 682 2620 782 2670; x_wconf 87' lang='lat' dir='ltr'>quod</span> 
     </span>
     <span class='ocr_line' id='line_1_51' title="bbox 130 2675 781 2727; baseline 0.003 -16"><span class='ocrx_word' id='word_1_219' title='bbox 130 2675 250 2722; x_wconf 84' lang='lat' dir='ltr'>idem,</span> <span class='ocrx_word' id='word_1_220' title='bbox 296 2675 384 2712; x_wconf 85' lang='lat' dir='ltr'>alios</span> <span class='ocrx_word' id='word_1_221' title='bbox 418 2681 457 2713; x_wconf 86' lang='lat' dir='ltr'>ut</span> <span class='ocrx_word' id='word_1_222' title='bbox 491 2682 654 2724; x_wconf 81' lang='lat' dir='ltr'>taceam,</span> <span class='ocrx_word' id='word_1_223' title='bbox 700 2676 781 2727; x_wconf 88' lang='lat' dir='ltr'>pla-</span> 
     </span>
     <span class='ocr_line' id='line_1_52' title="bbox 130 2731 782 2782; baseline 0.002 -15"><span class='ocrx_word' id='word_1_224' title='bbox 130 2731 243 2767; x_wconf 84' lang='lat' dir='ltr'>cuisse</span> <span class='ocrx_word' id='word_1_225' title='bbox 283 2732 387 2769; x_wconf 77' lang='lat' dir='ltr'>video</span> <span class='ocrx_word' id='word_1_226' title='bbox 425 2733 782 2782; x_wconf 80' lang='lat' dir='ltr'>Schweighaeusero,</span> 
     </span>
     <span class='ocr_line' id='line_1_53' title="bbox 131 2787 782 2834; baseline 0.006 -13"><span class='ocrx_word' id='word_1_227' title='bbox 131 2788 192 2834; x_wconf 91' lang='lat' dir='ltr'>qui</span> <span class='ocrx_word' id='word_1_228' title='bbox 221 2787 314 2823; x_wconf 89' lang='lat' dir='ltr'>hune</span> <span class='ocrx_word' id='word_1_229' title='bbox 337 2787 371 2823; x_wconf 92' lang='lat' dir='ltr'>in</span> <span class='ocrx_word' id='word_1_230' title='bbox 394 2790 540 2825; x_wconf 85' lang='lat' dir='ltr'>modum</span> <span class='ocrx_word' id='word_1_231' title='bbox 560 2790 648 2827; x_wconf 81' lang='lat' dir='ltr'>haec</span> <span class='ocrx_word' id='word_1_232' title='bbox 671 2790 782 2826; x_wconf 76' lang='lat' dir='ltr'>verba</span> 
     </span>
     <span class='ocr_line' id='line_1_54' title="bbox 131 2843 780 2893; baseline 0.008 -15"><span class='ocrx_word' id='word_1_233' title='bbox 131 2843 311 2879; x_wconf 82' lang='lat' dir='ltr'>reddidit:</span> <span class='ocrx_word' id='word_1_234' title='bbox 347 2847 553 2893; x_wconf 75' lang='lat' dir='ltr'><em>„postquam</em></span> <span class='ocrx_word' id='word_1_235' title='bbox 583 2846 780 2883; x_wconf 65' lang='lat' dir='ltr'>caedenda-</span> 
     </span>
     <span class='ocr_line' id='line_1_55' title="bbox 132 2899 783 2953; baseline 0.009 -19"><span class='ocrx_word' id='word_1_236' title='bbox 132 2912 208 2936; x_wconf 80' lang='lat' dir='ltr'>rum</span> <span class='ocrx_word' id='word_1_237' title='bbox 247 2899 460 2949; x_wconf 76' lang='lat' dir='ltr'>reliquarum</span> <span class='ocrx_word' id='word_1_238' title='bbox 491 2902 710 2939; x_wconf 76' lang='lat' dir='ltr'>victimarum</span> <span class='ocrx_word' id='word_1_239' title='bbox 731 2903 783 2953; x_wconf 80' lang='lat' dir='ltr'>fi-</span> 
     </span>
    </p>
   </div>
   <div class='ocr_carea' id='block_1_25' title="bbox 837 1599 1500 2955">
    <p class='ocr_par' dir='ltr' id='par_1_26' title="bbox 837 1599 1500 1994">
     <span class='ocr_line' id='line_1_56' title="bbox 1183 1599 1500 1657; baseline 0.013 -17"><span class='ocrx_word' id='word_1_240' title='bbox 1183 1606 1224 1640; x_wconf 86' lang='lat' dir='ltr'>ut</span> <span class='ocrx_word' id='word_1_241' title='bbox 1247 1599 1361 1655; x_wconf 79' lang='grc' dir='ltr'><em>ἵρήϊα</em></span> <span class='ocrx_word' id='word_1_242' title='bbox 1379 1599 1500 1657; x_wconf 80' lang='grc' dir='ltr'><em>ἀπέρ-</em></span> 
     </span>
     <span class='ocr_line' id='line_1_57' title="bbox 839 1661 1497 1715; baseline -0.002 -14"><span class='ocrx_word' id='word_1_243' title='bbox 839 1677 922 1715; x_wconf 78' lang='grc' dir='ltr'><em>γειν</em></span> <span class='ocrx_word' id='word_1_244' title='bbox 966 1662 1064 1699; x_wconf 84' lang='lat' dir='ltr'>idem</span> <span class='ocrx_word' id='word_1_245' title='bbox 1110 1661 1186 1698; x_wconf 87' lang='lat' dir='ltr'>fere</span> <span class='ocrx_word' id='word_1_246' title='bbox 1223 1661 1344 1699; x_wconf 80' lang='lat' dir='ltr'>valeat</span> <span class='ocrx_word' id='word_1_247' title='bbox 1384 1665 1497 1710; x_wconf 80' lang='lat' dir='ltr'>atque</span> 
     </span>
     <span class='ocr_line' id='line_1_58' title="bbox 838 1717 1496 1768; baseline -0.003 -11"><span class='ocrx_word' id='word_1_248' title='bbox 838 1718 985 1764; x_wconf 83' lang='grc' dir='ltr'><em>θυσίας</em></span> <span class='ocrx_word' id='word_1_249' title='bbox 1025 1717 1151 1768; x_wconf 72' lang='grc' dir='ltr'><em>ἕρδειν</em></span> <span class='ocrx_word' id='word_1_250' title='bbox 1203 1717 1325 1763; x_wconf 78' lang='lat' dir='ltr'>(sacra</span> <span class='ocrx_word' id='word_1_251' title='bbox 1359 1717 1496 1768; x_wconf 79' lang='lat' dir='ltr'>facere,</span> 
     </span>
     <span class='ocr_line' id='line_1_59' title="bbox 837 1774 1496 1824; baseline 0 -12"><span class='ocrx_word' id='word_1_252' title='bbox 837 1778 998 1812; x_wconf 73' lang='lat' dir='ltr'>victimas</span> <span class='ocrx_word' id='word_1_253' title='bbox 1019 1774 1178 1822; x_wconf 73' lang='lat' dir='ltr'>caedere)</span> <span class='ocrx_word' id='word_1_254' title='bbox 1209 1787 1250 1811; x_wconf 84' lang='lat' dir='ltr'>ac</span> <span class='ocrx_word' id='word_1_255' title='bbox 1273 1775 1496 1824; x_wconf 74' lang='lat' dir='ltr'>praepositio</span> 
     </span>
     <span class='ocr_line' id='line_1_60' title="bbox 839 1828 1497 1881; baseline -0.005 -10"><span class='ocrx_word' id='word_1_256' title='bbox 839 1828 917 1871; x_wconf 77' lang='grc' dir='ltr'><em>ἀπὸ</em></span> <span class='ocrx_word' id='word_1_257' title='bbox 941 1831 1201 1881; x_wconf 79' lang='lat' dir='ltr'>perfectionem</span> <span class='ocrx_word' id='word_1_258' title='bbox 1220 1831 1357 1868; x_wconf 84' lang='lat' dir='ltr'>indicet</span> <span class='ocrx_word' id='word_1_259' title='bbox 1376 1831 1497 1868; x_wconf 86' lang='lat' dir='ltr'>verbi-</span> 
     </span>
     <span class='ocr_line' id='line_1_61' title="bbox 837 1887 1402 1939; baseline -0.004 -13"><span class='ocrx_word' id='word_1_260' title='bbox 837 1902 909 1939; x_wconf 89' lang='lat' dir='ltr'>que</span> <span class='ocrx_word' id='word_1_261' title='bbox 928 1888 1099 1937; x_wconf 87' lang='lat' dir='ltr'>simplicis</span> <span class='ocrx_word' id='word_1_262' title='bbox 1118 1887 1190 1923; x_wconf 83' lang='lat' dir='ltr'>vim</span> <span class='ocrx_word' id='word_1_263' title='bbox 1208 1888 1402 1935; x_wconf 77' lang='lat' dir='ltr'>adaugeat.</span> 
     </span>
     <span class='ocr_line' id='line_1_62' title="bbox 1024 1942 1300 1994; baseline 0.004 -14"><span class='ocrx_word' id='word_1_264' title='bbox 1024 1944 1136 1994; x_wconf 88' lang='lat' dir='ltr'>Cap.</span> <span class='ocrx_word' id='word_1_265' title='bbox 1166 1942 1300 1981; x_wconf 83' lang='lat' dir='ltr'>LXIH.</span> 
     </span>
    </p>

    <p class='ocr_par' dir='ltr' id='par_1_27' title="bbox 839 1996 1494 2159">
     <span class='ocr_line' id='line_1_63' title="bbox 896 1996 1493 2048; baseline -0.007 -9"><span class='ocrx_word' id='word_1_266' title='bbox 896 1996 1015 2040; x_wconf 79' lang='grc' dir='ltr'><em>ου’δέν</em></span> <span class='ocrx_word' id='word_1_267' title='bbox 1050 1997 1277 2048; x_wconf 81' lang='grc' dir='ltr'><em>νομίζουσι]</em></span> <span class='ocrx_word' id='word_1_268' title='bbox 1323 1999 1430 2036; x_wconf 87' lang='lat' dir='ltr'>Conf.</span> <span class='ocrx_word' id='word_1_269' title='bbox 1462 1998 1493 2046; x_wconf 88' lang='grc' dir='ltr'>Ι,</span> 
     </span>
     <span class='ocr_line' id='line_1_64' title="bbox 840 2055 1494 2102; baseline -0.006 -5"><span class='ocrx_word' id='word_1_270' title='bbox 840 2059 930 2097; x_wconf 84' lang='grc'><strong>131.</strong></span> <span class='ocrx_word' id='word_1_271' title='bbox 975 2056 1045 2102; x_wconf 84' lang='lat' dir='ltr'>IV,</span> <span class='ocrx_word' id='word_1_272' title='bbox 1086 2056 1150 2095; x_wconf 82' lang='lat'>59.</span> <span class='ocrx_word' id='word_1_273' title='bbox 1192 2057 1284 2095; x_wconf 83' lang='lat'>117.</span> <span class='ocrx_word' id='word_1_274' title='bbox 1345 2055 1411 2092; x_wconf 86' lang='lat' dir='ltr'>Cr.</span> <span class='ocrx_word' id='word_1_275' title='bbox 1447 2056 1494 2093; x_wconf 85' lang='lat' dir='ltr'>cf.</span> 
     </span>
     <span class='ocr_line' id='line_1_65' title="bbox 839 2111 1438 2159; baseline -0.005 -9"><span class='ocrx_word' id='word_1_276' title='bbox 839 2112 1003 2150; x_wconf 83' lang='lat' dir='ltr'>Gottleb.</span> <span class='ocrx_word' id='word_1_277' title='bbox 1028 2112 1075 2148; x_wconf 84' lang='lat' dir='ltr'>ad</span> <span class='ocrx_word' id='word_1_278' title='bbox 1097 2111 1264 2159; x_wconf 76' lang='lat' dir='ltr'>Thucyd.</span> <span class='ocrx_word' id='word_1_279' title='bbox 1285 2111 1343 2158; x_wconf 84' lang='grc' dir='ltr'>ΙΙ,</span> <span class='ocrx_word' id='word_1_280' title='bbox 1371 2112 1438 2152; x_wconf 86' lang='grc'>38.</span> 
     </span>
    </p>

    <p class='ocr_par' dir='ltr' id='par_1_28' title="bbox 1025 2166 1296 2218">
     <span class='ocr_line' id='line_1_66' title="bbox 1025 2166 1296 2218; baseline 0 -15"><span class='ocrx_word' id='word_1_281' title='bbox 1025 2168 1135 2218; x_wconf 85' lang='lat' dir='ltr'>Cap.</span> <span class='ocrx_word' id='word_1_282' title='bbox 1164 2166 1296 2204; x_wconf 77' lang='lat' dir='ltr'>wa.</span> 
     </span>
    </p>

    <p class='ocr_par' dir='ltr' id='par_1_29' title="bbox 837 2223 1494 2443">
     <span class='ocr_line' id='line_1_67' title="bbox 893 2223 1493 2276; baseline -0.007 -12"><span class='ocrx_word' id='word_1_283' title='bbox 893 2223 1071 2276; x_wconf 79' lang='grc' dir='ltr'><em>ἐμπίνει]</em></span> <span class='ocrx_word' id='word_1_284' title='bbox 1113 2224 1295 2260; x_wconf 76' lang='lat' dir='ltr'>indicatur</span> <span class='ocrx_word' id='word_1_285' title='bbox 1318 2223 1388 2261; x_wconf 85' lang='lat' dir='ltr'>hoc</span> <span class='ocrx_word' id='word_1_286' title='bbox 1412 2235 1493 2260; x_wconf 83' lang='lat' dir='ltr'>ver-</span> 
     </span>
     <span class='ocr_line' id='line_1_68' title="bbox 838 2280 1494 2330; baseline -0.005 -11"><span class='ocrx_word' id='word_1_287' title='bbox 838 2282 906 2329; x_wconf 90' lang='lat' dir='ltr'>bo,</span> <span class='ocrx_word' id='word_1_288' title='bbox 934 2286 973 2317; x_wconf 88' lang='lat' dir='ltr'>ut</span> <span class='ocrx_word' id='word_1_289' title='bbox 1001 2284 1126 2317; x_wconf 90' lang='lat' dir='ltr'>monet</span> <span class='ocrx_word' id='word_1_290' title='bbox 1158 2280 1267 2316; x_wconf 78' lang='lat' dir='ltr'>Italus</span> <span class='ocrx_word' id='word_1_291' title='bbox 1297 2280 1494 2330; x_wconf 87' lang='lat' dir='ltr'>interpres,</span> 
     </span>
     <span class='ocr_line' id='line_1_69' title="bbox 837 2335 1493 2386; baseline -0.003 -12"><span class='ocrx_word' id='word_1_292' title='bbox 837 2338 1011 2386; x_wconf 78' lang='lat' dir='ltr'>Scytham</span> <span class='ocrx_word' id='word_1_293' title='bbox 1032 2338 1069 2374; x_wconf 93' lang='lat' dir='ltr'>in</span> <span class='ocrx_word' id='word_1_294' title='bbox 1089 2349 1150 2373; x_wconf 90' lang='lat' dir='ltr'>vas</span> <span class='ocrx_word' id='word_1_295' title='bbox 1166 2335 1341 2373; x_wconf 78' lang='lat' dir='ltr'>infudisse</span> <span class='ocrx_word' id='word_1_296' title='bbox 1360 2336 1493 2373; x_wconf 89' lang='lat' dir='ltr'>inimici</span> 
     </span>
     <span class='ocr_line' id='line_1_70' title="bbox 838 2393 1378 2443; baseline -0.006 -11"><span class='ocrx_word' id='word_1_297' title='bbox 838 2394 1050 2443; x_wconf 81' lang='lat' dir='ltr'>sanguinem</span> <span class='ocrx_word' id='word_1_298' title='bbox 1070 2406 1112 2430; x_wconf 88' lang='lat' dir='ltr'>ac</span> <span class='ocrx_word' id='word_1_299' title='bbox 1131 2393 1215 2429; x_wconf 87' lang='lat' dir='ltr'>dein</span> <span class='ocrx_word' id='word_1_300' title='bbox 1233 2393 1378 2429; x_wconf 79' lang='lat' dir='ltr'>bibisse.</span> 
     </span>
    </p>

    <p class='ocr_par' dir='ltr' id='par_1_30' title="bbox 837 2444 1495 2955">
     <span class='ocr_line' id='line_1_71' title="bbox 893 2444 1492 2497; baseline -0.003 -9"><span class='ocrx_word' id='word_1_301' title='bbox 893 2446 1043 2488; x_wconf 84' lang='grc' dir='ltr'><em>τούτων</em></span> <span class='ocrx_word' id='word_1_302' title='bbox 1062 2446 1130 2495; x_wconf 81' lang='grc' dir='ltr'>τάς</span> <span class='ocrx_word' id='word_1_303' title='bbox 1145 2445 1321 2496; x_wconf 77' lang='grc' dir='ltr'><em>κεφαλάς</em></span> <span class='ocrx_word' id='word_1_304' title='bbox 1339 2444 1492 2497; x_wconf 85' lang='grc' dir='ltr'><em>ἀποφέ-</em></span> 
     </span>
     <span class='ocr_line' id='line_1_72' title="bbox 839 2503 1492 2560; baseline -0.003 -15"><span class='ocrx_word' id='word_1_305' title='bbox 839 2522 897 2558; x_wconf 85' lang='grc' dir='ltr'>ρει</span> <span class='ocrx_word' id='word_1_306' title='bbox 917 2509 972 2560; x_wconf 76' lang='grc' dir='ltr'><em>τῷ</em></span> <span class='ocrx_word' id='word_1_307' title='bbox 987 2504 1155 2557; x_wconf 79' lang='grc' dir='ltr'><em>βασιλέϊ]</em></span> <span class='ocrx_word' id='word_1_308' title='bbox 1180 2505 1300 2553; x_wconf 75' lang='lat' dir='ltr'>Vulgo</span> <span class='ocrx_word' id='word_1_309' title='bbox 1319 2503 1492 2543; x_wconf 84' lang='grc' dir='ltr'><em>τουτέων</em></span> 
     </span>
     <span class='ocr_line' id='line_1_73' title="bbox 839 2561 1491 2613; baseline -0.005 -12"><span class='ocrx_word' id='word_1_310' title='bbox 839 2569 875 2603; x_wconf 89' lang='lat' dir='ltr'>et</span> <span class='ocrx_word' id='word_1_311' title='bbox 902 2564 1074 2613; x_wconf 82' lang='grc' dir='ltr'><em>βασιλῆϊ.</em></span> <span class='ocrx_word' id='word_1_312' title='bbox 1111 2562 1171 2599; x_wconf 89' lang='lat' dir='ltr'>Tu</span> <span class='ocrx_word' id='word_1_313' title='bbox 1198 2563 1293 2598; x_wconf 87' lang='lat' dir='ltr'>conf.</span> <span class='ocrx_word' id='word_1_314' title='bbox 1316 2561 1447 2599; x_wconf 86' lang='lat' dir='ltr'>Struve</span> <span class='ocrx_word' id='word_1_315' title='bbox 1467 2561 1491 2598; x_wconf 84' lang='lat' dir='ltr'>l.</span> 
     </span>
     <span class='ocr_line' id='line_1_74' title="bbox 837 2617 1492 2669; baseline -0.006 -12"><span class='ocrx_word' id='word_1_316' title='bbox 837 2620 860 2657; x_wconf 87' lang='lat' dir='ltr'>l.</span> <span class='ocrx_word' id='word_1_317' title='bbox 891 2620 923 2656; x_wconf 83' lang='lat' dir='ltr'>ll</span> <span class='ocrx_word' id='word_1_318' title='bbox 953 2633 989 2669; x_wconf 90' lang='lat' dir='ltr'>p.</span> <span class='ocrx_word' id='word_1_319' title='bbox 1027 2622 1091 2661; x_wconf 75' lang='lat'>12.</span> <span class='ocrx_word' id='word_1_320' title='bbox 1143 2617 1201 2655; x_wconf 84' lang='lat' dir='ltr'>Ad</span> <span class='ocrx_word' id='word_1_321' title='bbox 1236 2622 1492 2666; x_wconf 80' lang='lat' dir='ltr'>argumentum</span> 
     </span>
     <span class='ocr_line' id='line_1_75' title="bbox 837 2675 1493 2713; baseline -0.005 -1"><span class='ocrx_word' id='word_1_322' title='bbox 837 2676 992 2713; x_wconf 83' lang='lat' dir='ltr'>Wessel.</span> <span class='ocrx_word' id='word_1_323' title='bbox 1033 2676 1142 2712; x_wconf 81' lang='lat' dir='ltr'>affert</span> <span class='ocrx_word' id='word_1_324' title='bbox 1179 2679 1362 2711; x_wconf 87' lang='lat' dir='ltr'>auctorem</span> <span class='ocrx_word' id='word_1_325' title='bbox 1398 2675 1493 2710; x_wconf 80' lang='lat' dir='ltr'>inter</span> 
     </span>
     <span class='ocr_line' id='line_1_76' title="bbox 837 2730 1491 2781; baseline -0.005 -12"><span class='ocrx_word' id='word_1_326' title='bbox 837 2734 1005 2781; x_wconf 84' lang='lat' dir='ltr'>fragmm.</span> <span class='ocrx_word' id='word_1_327' title='bbox 1034 2731 1250 2781; x_wconf 78' lang='lat' dir='ltr'>Pythagorr.</span> <span class='ocrx_word' id='word_1_328' title='bbox 1281 2744 1366 2779; x_wconf 83' lang='lat' dir='ltr'>pag.</span> <span class='ocrx_word' id='word_1_329' title='bbox 1386 2730 1491 2771; x_wconf 85' lang='lat'>713:</span> 
     </span>
     <span class='ocr_line' id='line_1_77' title="bbox 838 2784 1493 2836; baseline -0.006 -9"><span class='ocrx_word' id='word_1_330' title='bbox 838 2787 898 2827; x_wconf 85' lang='grc' dir='ltr'><em>τοὶ</em></span> <span class='ocrx_word' id='word_1_331' title='bbox 941 2786 982 2827; x_wconf 82' lang='grc' dir='ltr'>δὲ</span> <span class='ocrx_word' id='word_1_332' title='bbox 1022 2784 1184 2826; x_wconf 77' lang='grc' dir='ltr'><em>Σκύθαι</em></span> <span class='ocrx_word' id='word_1_333' title='bbox 1223 2784 1345 2825; x_wconf 77' lang='grc' dir='ltr'><em>καλὸν</em></span> <span class='ocrx_word' id='word_1_334' title='bbox 1381 2785 1493 2836; x_wconf 85' lang='grc' dir='ltr'><em>νομί-</em></span> 
     </span>
     <span class='ocr_line' id='line_1_78' title="bbox 842 2840 1495 2893; baseline -0.008 -9"><span class='ocrx_word' id='word_1_335' title='bbox 842 2846 967 2892; x_wconf 82' lang='grc' dir='ltr'><em>ζοντι,</em></span> <span class='ocrx_word' id='word_1_336' title='bbox 1005 2842 1047 2891; x_wconf 76' lang='grc' dir='ltr'>ὃς</span> <span class='ocrx_word' id='word_1_337' title='bbox 1083 2841 1208 2893; x_wconf 69' lang='grc' dir='ltr'><em>ἄνδρα</em></span> <span class='ocrx_word' id='word_1_338' title='bbox 1237 2840 1392 2889; x_wconf 71' lang='grc' dir='ltr'><em>κανών,</em></span> <span class='ocrx_word' id='word_1_339' title='bbox 1431 2841 1495 2880; x_wconf 80' lang='grc' dir='ltr'><strong><em>ἐκ·-</em></strong></span> 
     </span>
     <span class='ocr_line' id='line_1_79' title="bbox 841 2895 1493 2955; baseline -0.009 -14"><span class='ocrx_word' id='word_1_340' title='bbox 841 2902 974 2955; x_wconf 82' lang='grc' dir='ltr'><em>δείρας</em></span> <span class='ocrx_word' id='word_1_341' title='bbox 1006 2898 1078 2940; x_wconf 79' lang='grc' dir='ltr'>τάν</span> <span class='ocrx_word' id='word_1_342' title='bbox 1105 2896 1308 2951; x_wconf 62' lang='grc' dir='ltr'><em>κεφαλὰν,</em></span> <span class='ocrx_word' id='word_1_343' title='bbox 1349 2896 1391 2937; x_wconf 76' lang='grc' dir='ltr'><em>τό</em></span> <span class='ocrx_word' id='word_1_344' title='bbox 1423 2895 1493 2949; x_wconf 82' lang='grc' dir='ltr'>μὲν</span> 
     </span>
    </p>
   </div>
   <div class='ocr_carea' id='block_1_26' title="bbox 839 1603 1154 1655">
    <p class='ocr_par' dir='ltr' id='par_1_31' title="bbox 839 1603 1154 1655">
     <span class='ocr_line' id='line_1_80' title="bbox 839 1603 1154 1655; baseline -0.006 -12"><span class='ocrx_word' id='word_1_345' title='bbox 839 1618 915 1643; x_wconf 80' lang='lat' dir='ltr'>nem</span> <span class='ocrx_word' id='word_1_346' title='bbox 931 1603 1097 1655; x_wconf 81' lang='lat' dir='ltr'>fecerunt</span> <span class='ocrx_word' id='word_1_347' title='bbox 1107 1618 1117 1641; x_wconf 92' lang='lat'>.·</span> <span class='ocrx_word' id='word_1_348' title='bbox 1128 1604 1154 1624; x_wconf 87' lang='lat'>“</span> 
     </span>
    </p>
   </div>
   <div class='ocr_carea' id='block_1_27' title="bbox 1500 1224 1777 1320">
    <p class='ocr_par' dir='ltr' id='par_1_32' title="bbox 1500 1224 1777 1320">
     <span class='ocr_line' id='line_1_81' title="bbox 1500 1224 1775 1265; baseline -0.004 -13"><span class='ocrx_word' id='word_1_349' title='bbox 1500 1224 1639 1252; x_wconf 75' lang='lat' dir='ltr'>Instituta</span> <span class='ocrx_word' id='word_1_350' title='bbox 1651 1224 1758 1265; x_wconf 58' lang='lat' dir='ltr'>ijellica</span> <span class='ocrx_word' id='word_1_351' title='bbox 1767 1234 1775 1250; x_wconf 89' lang='lat'>:</span> 
     </span>
     <span class='ocr_line' id='line_1_82' title="bbox 1500 1266 1777 1285; baseline 0 0"><span class='ocrx_word' id='word_1_352' title='bbox 1500 1267 1571 1285; x_wconf 71' lang='lat' dir='ltr'>usus</span> <span class='ocrx_word' id='word_1_353' title='bbox 1599 1266 1700 1285; x_wconf 76' lang='lat' dir='ltr'>vanua</span> <span class='ocrx_word' id='word_1_354' title='bbox 1727 1266 1777 1285; x_wconf 83' lang='lat' dir='ltr'>co-</span> 
     </span>
     <span class='ocr_line' id='line_1_83' title="bbox 1501 1291 1688 1320; baseline 0.005 -1"><span class='ocrx_word' id='word_1_355' title='bbox 1501 1292 1540 1320; x_wconf 87' lang='lat' dir='ltr'>rii</span> <span class='ocrx_word' id='word_1_356' title='bbox 1555 1291 1688 1320; x_wconf 79' lang='lat' dir='ltr'>humani.</span> 
     </span>
    </p>
   </div>
  </div>
 </body>
</html>
