<?xml version="1.0" encoding="UTF-8"?>
<!DOCTYPE html PUBLIC "-//W3C//DTD XHTML 1.0 Transitional//EN"
    "http://www.w3.org/TR/xhtml1/DTD/xhtml1-transitional.dtd">
<html xmlns="http://www.w3.org/1999/xhtml" xml:lang="en" lang="en">
 <head>
  <title>
</title>
<meta http-equiv="Content-Type" content="text/html;charset=utf-8" />
  <meta name='ocr-system' content='tesseract 3.04.00' />
  <meta name='ocr-capabilities' content='ocr_page ocr_carea ocr_par ocr_line ocrx_word'/>
</head>
<body>
  <div class='ocr_page' id='page_1' title='image "./musaeherodoto02hero_0666.png"; bbox 0 0 1904 3304; ppageno 0'>
   <div class='ocr_carea' id='block_1_1' title="bbox 292 278 1334 322">
    <p class='ocr_par' dir='ltr' id='par_1_1' title="bbox 292 278 1334 322">
     <span class='ocr_line' id='line_1_1' title="bbox 292 278 1334 322; baseline 0 -6"><span class='ocrx_word' id='word_1_1' title='bbox 292 281 376 322; x_wconf 81' lang='lat'><strong>658</strong></span> <span class='ocrx_word' id='word_1_2' title='bbox 764 278 1334 317; x_wconf 85' lang='lat' dir='ltr'>EXCURSUSVI</span> 
     </span>
    </p>
   </div>
   <div class='ocr_carea' id='block_1_2' title="bbox 289 389 1807 2943">
    <p class='ocr_par' dir='ltr' id='par_1_2' title="bbox 289 389 1807 2943">
     <span class='ocr_line' id='line_1_2' title="bbox 296 389 1806 443; baseline 0 -13"><span class='ocrx_word' id='word_1_3' title='bbox 296 406 409 443; x_wconf 91' lang='lat' dir='ltr'><strong>quum</strong></span> <span class='ocrx_word' id='word_1_4' title='bbox 443 396 637 442; x_wconf 87' lang='lat' dir='ltr'><strong>utrumque</strong></span> <span class='ocrx_word' id='word_1_5' title='bbox 667 391 852 442; x_wconf 88' lang='lat' dir='ltr'><strong>Oedipum</strong></span> <span class='ocrx_word' id='word_1_6' title='bbox 883 395 968 441; x_wconf 89' lang='lat' dir='ltr'><strong>post</strong></span> <span class='ocrx_word' id='word_1_7' title='bbox 993 389 1218 440; x_wconf 83' lang='lat' dir='ltr'><strong>Antigonam</strong></span> <span class='ocrx_word' id='word_1_8' title='bbox 1251 391 1420 441; x_wconf 87' lang='lat' dir='ltr'><strong>scriptum</strong></span> <span class='ocrx_word' id='word_1_9' title='bbox 1453 405 1534 431; x_wconf 87' lang='lat' dir='ltr'><strong>esse</strong></span> <span class='ocrx_word' id='word_1_10' title='bbox 1560 396 1725 439; x_wconf 82' lang='lat' dir='ltr'><strong>constet3</strong></span> <span class='ocrx_word' id='word_1_11' title='bbox 1769 394 1806 431; x_wconf 91' lang='lat' dir='ltr'><strong>in</strong></span> 
     </span>
     <span class='ocr_line' id='line_1_3' title="bbox 297 458 1807 510; baseline 0.001 -12"><span class='ocrx_word' id='word_1_12' title='bbox 297 461 485 510; x_wconf 74' lang='lat' dir='ltr'><strong>Antigona</strong></span> <span class='ocrx_word' id='word_1_13' title='bbox 518 464 662 507; x_wconf 87' lang='lat' dir='ltr'><strong>autem,</strong></span> <span class='ocrx_word' id='word_1_14' title='bbox 706 470 801 508; x_wconf 89' lang='lat' dir='ltr'><strong>quae</strong></span> <span class='ocrx_word' id='word_1_15' title='bbox 832 458 892 496; x_wconf 93' lang='lat' dir='ltr'><strong>Ol.</strong></span> <span class='ocrx_word' id='word_1_16' title='bbox 921 458 987 499; x_wconf 83' lang='lat'><strong>84.</strong></span> <span class='ocrx_word' id='word_1_17' title='bbox 1014 458 1041 500; x_wconf 83' lang='lat'>4</span> <span class='ocrx_word' id='word_1_18' title='bbox 1061 476 1119 493; x_wconf 68' lang='grc' dir='ltr'><strong>Ξ</strong></span> <span class='ocrx_word' id='word_1_19' title='bbox 1139 458 1220 500; x_wconf 85' lang='grc'><strong>441</strong></span> <span class='ocrx_word' id='word_1_20' title='bbox 1242 470 1275 495; x_wconf 84' lang='lat' dir='ltr'><strong>a·</strong></span> <span class='ocrx_word' id='word_1_21' title='bbox 1299 458 1385 496; x_wconf 85' lang='lat' dir='ltr'>Chr.</span> <span class='ocrx_word' id='word_1_22' title='bbox 1407 463 1488 497; x_wconf 88' lang='lat' dir='ltr'><strong>acta</strong></span> <span class='ocrx_word' id='word_1_23' title='bbox 1510 464 1587 506; x_wconf 86' lang='lat' dir='ltr'><strong>est,</strong></span> <span class='ocrx_word' id='word_1_24' title='bbox 1630 461 1660 497; x_wconf 89' lang='lat' dir='ltr'><strong>si</strong></span> <span class='ocrx_word' id='word_1_25' title='bbox 1689 459 1807 498; x_wconf 90' lang='lat' dir='ltr'><strong>locum</strong></span> 
     </span>
     <span class='ocr_line' id='line_1_4' title="bbox 298 525 1806 578; baseline -0.001 -11"><span class='ocrx_word' id='word_1_26' title='bbox 298 529 482 567; x_wconf 83' lang='lat' dir='ltr'>Herodoti</span> <span class='ocrx_word' id='word_1_27' title='bbox 512 527 714 578; x_wconf 80' lang='lat' dir='ltr'>respexisse</span> <span class='ocrx_word' id='word_1_28' title='bbox 742 525 959 576; x_wconf 87' lang='lat' dir='ltr'>Sophoclem</span> <span class='ocrx_word' id='word_1_29' title='bbox 991 530 1127 564; x_wconf 90' lang='lat' dir='ltr'><strong>certum</strong></span> <span class='ocrx_word' id='word_1_30' title='bbox 1158 527 1227 572; x_wconf 89' lang='lat' dir='ltr'><strong>sit,</strong></span> <span class='ocrx_word' id='word_1_31' title='bbox 1270 530 1412 576; x_wconf 87' lang='lat' dir='ltr'><strong>partem</strong></span> <span class='ocrx_word' id='word_1_32' title='bbox 1448 527 1574 566; x_wconf 85' lang='lat' dir='ltr'><strong>saltem</strong></span> <span class='ocrx_word' id='word_1_33' title='bbox 1602 528 1806 566; x_wconf 89' lang='lat' dir='ltr'><strong>Herodotei</strong></span> 
     </span>
     <span class='ocr_line' id='line_1_5' title="bbox 297 593 1807 648; baseline -0.001 -15"><span class='ocrx_word' id='word_1_34' title='bbox 297 599 418 648; x_wconf 89' lang='lat' dir='ltr'><strong>operis</strong></span> <span class='ocrx_word' id='word_1_35' title='bbox 438 597 509 634; x_wconf 91' lang='lat' dir='ltr'><strong>iam</strong></span> <span class='ocrx_word' id='word_1_36' title='bbox 528 599 605 632; x_wconf 91' lang='lat' dir='ltr'><strong>tum</strong></span> <span class='ocrx_word' id='word_1_37' title='bbox 626 594 826 631; x_wconf 84' lang='lat' dir='ltr'>absolutam</span> <span class='ocrx_word' id='word_1_38' title='bbox 850 595 962 631; x_wconf 89' lang='lat' dir='ltr'><strong>fuisse</strong></span> <span class='ocrx_word' id='word_1_39' title='bbox 984 598 1171 645; x_wconf 80' lang='lat' dir='ltr'>appareat.</span> <span class='ocrx_word' id='word_1_40' title='bbox 1231 593 1347 643; x_wconf 86' lang='lat' dir='ltr'><strong>quue</strong></span> <span class='ocrx_word' id='word_1_41' title='bbox 1376 599 1416 631; x_wconf 94' lang='lat' dir='ltr'><strong>ut</strong></span> <span class='ocrx_word' id='word_1_42' title='bbox 1441 596 1608 642; x_wconf 89' lang='lat' dir='ltr'><strong>credam,</strong></span> <span class='ocrx_word' id='word_1_43' title='bbox 1646 610 1704 634; x_wconf 92' lang='lat' dir='ltr'><strong>me</strong></span> <span class='ocrx_word' id='word_1_44' title='bbox 1727 596 1807 646; x_wconf 88' lang='lat' dir='ltr'><strong>qui-</strong></span> 
     </span>
     <span class='ocr_line' id='line_1_6' title="bbox 297 659 1807 710; baseline 0.001 -10"><span class='ocrx_word' id='word_1_45' title='bbox 297 665 380 702; x_wconf 90' lang='lat' dir='ltr'><strong>dem</strong></span> <span class='ocrx_word' id='word_1_46' title='bbox 399 663 573 701; x_wconf 91' lang='lat' dir='ltr'><strong>inclinare</strong></span> <span class='ocrx_word' id='word_1_47' title='bbox 599 659 797 710; x_wconf 78' lang='lat' dir='ltr'><strong>profiteor3</strong></span> <span class='ocrx_word' id='word_1_48' title='bbox 847 674 895 699; x_wconf 92' lang='lat' dir='ltr'><strong>ne</strong></span> <span class='ocrx_word' id='word_1_49' title='bbox 924 666 1046 699; x_wconf 83' lang='lat' dir='ltr'><strong>tamen</strong></span> <span class='ocrx_word' id='word_1_50' title='bbox 1083 665 1219 699; x_wconf 93' lang='lat' dir='ltr'><strong>temere</strong></span> <span class='ocrx_word' id='word_1_51' title='bbox 1262 661 1319 699; x_wconf 90' lang='lat' dir='ltr'><strong>vel</strong></span> <span class='ocrx_word' id='word_1_52' title='bbox 1357 663 1500 700; x_wconf 91' lang='lat' dir='ltr'><strong>incaute</strong></span> <span class='ocrx_word' id='word_1_53' title='bbox 1542 663 1628 700; x_wconf 90' lang='lat' dir='ltr'><strong>mihi</strong></span> <span class='ocrx_word' id='word_1_54' title='bbox 1664 676 1807 702; x_wconf 87' lang='lat' dir='ltr'><strong>sumere</strong></span> 
     </span>
     <span class='ocr_line' id='line_1_7' title="bbox 297 727 1805 782; baseline 0 -14"><span class='ocrx_word' id='word_1_55' title='bbox 297 732 443 776; x_wconf 87' lang='lat' dir='ltr'><strong>videar,</strong></span> <span class='ocrx_word' id='word_1_56' title='bbox 480 727 735 776; x_wconf 83' lang='lat' dir='ltr'><strong>difficultates,</strong></span> <span class='ocrx_word' id='word_1_57' title='bbox 765 733 949 778; x_wconf 86' lang='lat' dir='ltr'><strong>quotquot</strong></span> <span class='ocrx_word' id='word_1_58' title='bbox 975 729 1212 776; x_wconf 89' lang='lat' dir='ltr'><strong>oboriuntur,</strong></span> <span class='ocrx_word' id='word_1_59' title='bbox 1251 729 1348 767; x_wconf 88' lang='lat' dir='ltr'><strong>haud</strong></span> <span class='ocrx_word' id='word_1_60' title='bbox 1374 730 1513 768; x_wconf 84' lang='lat' dir='ltr'><strong>celabo.</strong></span> <span class='ocrx_word' id='word_1_61' title='bbox 1572 730 1622 768; x_wconf 87' lang='lat' dir='ltr'><strong>Et</strong></span> <span class='ocrx_word' id='word_1_62' title='bbox 1648 732 1805 782; x_wconf 89' lang='lat' dir='ltr'><strong>primum</strong></span> 
     </span>
     <span class='ocr_line' id='line_1_8' title="bbox 296 795 1805 849; baseline -0.001 -13"><span class='ocrx_word' id='word_1_63' title='bbox 296 799 442 849; x_wconf 88' lang='lat' dir='ltr'><strong>quidem</strong></span> <span class='ocrx_word' id='word_1_64' title='bbox 465 797 512 834; x_wconf 90' lang='lat' dir='ltr'><strong>de</strong></span> <span class='ocrx_word' id='word_1_65' title='bbox 532 797 613 847; x_wconf 93' lang='lat' dir='ltr'><strong>ipsa</strong></span> <span class='ocrx_word' id='word_1_66' title='bbox 632 795 826 846; x_wconf 89' lang='lat' dir='ltr'><strong>Sophoclei</strong></span> <span class='ocrx_word' id='word_1_67' title='bbox 842 796 910 834; x_wconf 89' lang='lat' dir='ltr'><strong>loci</strong></span> <span class='ocrx_word' id='word_1_68' title='bbox 927 797 1069 846; x_wconf 86' lang='lat' dir='ltr'><strong>origine</strong></span> <span class='ocrx_word' id='word_1_69' title='bbox 1088 797 1295 835; x_wconf 84' lang='lat' dir='ltr'><strong>dubitatum</strong></span> <span class='ocrx_word' id='word_1_70' title='bbox 1315 801 1371 834; x_wconf 91' lang='lat' dir='ltr'><strong>est</strong></span> <span class='ocrx_word' id='word_1_71' title='bbox 1387 798 1432 835; x_wconf 91' lang='lat' dir='ltr'><strong>ab</strong></span> <span class='ocrx_word' id='word_1_72' title='bbox 1452 799 1607 847; x_wconf 85' lang='lat' dir='ltr'><strong>Iacobo,</strong></span> <span class='ocrx_word' id='word_1_73' title='bbox 1639 798 1805 841; x_wconf 79' lang='lat' dir='ltr'><strong>Quaestt.</strong></span> 
     </span>
     <span class='ocr_line' id='line_1_9' title="bbox 295 863 1806 916; baseline 0.001 -14"><span class='ocrx_word' id='word_1_74' title='bbox 295 865 463 916; x_wconf 90' lang='lat' dir='ltr'><strong>Sophocl.</strong></span> <span class='ocrx_word' id='word_1_75' title='bbox 496 863 648 903; x_wconf 82' lang='lat' dir='ltr'><strong>Varsav.</strong></span> <span class='ocrx_word' id='word_1_76' title='bbox 677 865 781 905; x_wconf 81' lang='lat'>1821</span> <span class='ocrx_word' id='word_1_77' title='bbox 813 878 898 915; x_wconf 86' lang='lat' dir='ltr'><strong>pag.</strong></span> <span class='ocrx_word' id='word_1_78' title='bbox 923 866 1004 905; x_wconf 83' lang='lat'><strong>363</strong></span> <span class='ocrx_word' id='word_1_79' title='bbox 1031 878 1134 915; x_wconf 85' lang='lat' dir='ltr'>seqq.</span> <span class='ocrx_word' id='word_1_80' title='bbox 1151 893 1161 912; x_wconf 86' lang='lat'><em>‚</em></span> <span class='ocrx_word' id='word_1_81' title='bbox 1205 877 1253 901; x_wconf 91' lang='lat' dir='ltr'><strong>ne</strong></span> <span class='ocrx_word' id='word_1_82' title='bbox 1281 865 1478 903; x_wconf 88' lang='lat' dir='ltr'><strong>imbecillus</strong></span> <span class='ocrx_word' id='word_1_83' title='bbox 1504 867 1652 916; x_wconf 92' lang='lat' dir='ltr'><strong>quidam</strong></span> <span class='ocrx_word' id='word_1_84' title='bbox 1682 866 1806 913; x_wconf 89' lang='lat' dir='ltr'><strong>homo,</strong></span> 
     </span>
     <span class='ocr_line' id='line_1_10' title="bbox 293 931 1806 983; baseline 0.001 -14"><span class='ocrx_word' id='word_1_85' title='bbox 293 944 534 982; x_wconf 89' lang='lat' dir='ltr'><strong>quaecunque</strong></span> <span class='ocrx_word' id='word_1_86' title='bbox 561 932 661 982; x_wconf 88' lang='lat' dir='ltr'><strong>apud</strong></span> <span class='ocrx_word' id='word_1_87' title='bbox 683 932 916 969; x_wconf 90' lang='lat' dir='ltr'><strong>Herodotum</strong></span> <span class='ocrx_word' id='word_1_88' title='bbox 948 933 1164 979; x_wconf 81' lang='lat' dir='ltr'><strong>invenisset,</strong></span> <span class='ocrx_word' id='word_1_89' title='bbox 1204 931 1301 968; x_wconf 89' lang='lat' dir='ltr'><strong>nullo</strong></span> <span class='ocrx_word' id='word_1_90' title='bbox 1332 945 1416 970; x_wconf 90' lang='lat' dir='ltr'><strong>usus</strong></span> <span class='ocrx_word' id='word_1_91' title='bbox 1444 934 1598 982; x_wconf 90' lang='lat' dir='ltr'><strong>iudicio,</strong></span> <span class='ocrx_word' id='word_1_92' title='bbox 1637 934 1806 983; x_wconf 84' lang='lat' dir='ltr'><strong>genuinis</strong></span> 
     </span>
     <span class='ocr_line' id='line_1_11' title="bbox 293 998 1805 1052; baseline 0.001 -16"><span class='ocrx_word' id='word_1_93' title='bbox 293 998 484 1050; x_wconf 89' lang='lat' dir='ltr'><strong>Sophoclis</strong></span> <span class='ocrx_word' id='word_1_94' title='bbox 504 999 623 1037; x_wconf 88' lang='lat' dir='ltr'><strong>verbis</strong></span> <span class='ocrx_word' id='word_1_95' title='bbox 646 1000 859 1046; x_wconf 79' lang='lat' dir='ltr'><strong>inseruerit3</strong></span> <span class='ocrx_word' id='word_1_96' title='bbox 897 1013 941 1038; x_wconf 88' lang='lat' dir='ltr'><strong>ea</strong></span> <span class='ocrx_word' id='word_1_97' title='bbox 959 1013 1046 1038; x_wconf 84' lang='lat' dir='ltr'><strong>vero</strong></span> <span class='ocrx_word' id='word_1_98' title='bbox 1071 1000 1194 1051; x_wconf 92' lang='lat' dir='ltr'><strong>opinio</strong></span> <span class='ocrx_word' id='word_1_99' title='bbox 1214 1012 1325 1048; x_wconf 89' lang='lat' dir='ltr'><strong>quum</strong></span> <span class='ocrx_word' id='word_1_100' title='bbox 1346 1001 1392 1037; x_wconf 88' lang='lat' dir='ltr'><strong>ab</strong></span> <span class='ocrx_word' id='word_1_101' title='bbox 1412 1000 1514 1050; x_wconf 81' lang='lat' dir='ltr'><strong>aliis,</strong></span> <span class='ocrx_word' id='word_1_102' title='bbox 1557 1002 1618 1052; x_wconf 91' lang='lat' dir='ltr'><strong>qui</strong></span> <span class='ocrx_word' id='word_1_103' title='bbox 1639 1003 1686 1039; x_wconf 91' lang='lat' dir='ltr'><strong>de</strong></span> <span class='ocrx_word' id='word_1_104' title='bbox 1700 1001 1805 1039; x_wconf 89' lang='lat' dir='ltr'><strong>Anti-</strong></span> 
     </span>
     <span class='ocr_line' id='line_1_12' title="bbox 293 1066 1804 1119; baseline 0.003 -17"><span class='ocrx_word' id='word_1_105' title='bbox 293 1066 391 1116; x_wconf 74' lang='lat' dir='ltr'><strong>gona</strong></span> <span class='ocrx_word' id='word_1_106' title='bbox 412 1066 662 1117; x_wconf 83' lang='lat' dir='ltr'><strong>diSputarunt,</strong></span> <span class='ocrx_word' id='word_1_107' title='bbox 701 1071 742 1105; x_wconf 90' lang='lat' dir='ltr'><strong>ut</strong></span> <span class='ocrx_word' id='word_1_108' title='bbox 763 1068 952 1106; x_wconf 88' lang='lat' dir='ltr'><strong>Boeckhio</strong></span> <span class='ocrx_word' id='word_1_109' title='bbox 983 1069 1092 1114; x_wconf 83' lang='lat' dir='ltr'><strong>(iiber</strong></span> <span class='ocrx_word' id='word_1_110' title='bbox 1120 1069 1179 1105; x_wconf 92' lang='lat' dir='ltr'><strong>die</strong></span> <span class='ocrx_word' id='word_1_111' title='bbox 1207 1067 1393 1116; x_wconf 85' lang='lat' dir='ltr'><strong>Antigone</strong></span> <span class='ocrx_word' id='word_1_112' title='bbox 1423 1068 1488 1105; x_wconf 87' lang='lat' dir='ltr'><strong>des</strong></span> <span class='ocrx_word' id='word_1_113' title='bbox 1515 1068 1738 1119; x_wconf 83' lang='lat' dir='ltr'><strong>SophocleS,</strong></span> <span class='ocrx_word' id='word_1_114' title='bbox 1767 1069 1804 1106; x_wconf 90' lang='lat' dir='ltr'><strong>in</strong></span> 
     </span>
     <span class='ocr_line' id='line_1_13' title="bbox 293 1133 1805 1187; baseline -0.002 -12"><span class='ocrx_word' id='word_1_115' title='bbox 293 1135 436 1172; x_wconf 89' lang='lat' dir='ltr'><strong>Comm·</strong></span> <span class='ocrx_word' id='word_1_116' title='bbox 459 1133 572 1171; x_wconf 78' lang='lat' dir='ltr'><strong>Acad·</strong></span> <span class='ocrx_word' id='word_1_117' title='bbox 593 1134 824 1176; x_wconf 59' lang='lat' dir='ltr'><strong>Bal-1824</strong></span> <span class='ocrx_word' id='word_1_118' title='bbox 856 1149 893 1185; x_wconf 90' lang='lat' dir='ltr'><strong>p.</strong></span> <span class='ocrx_word' id='word_1_119' title='bbox 915 1138 1023 1184; x_wconf 89' lang='lat'>77),</span> <span class='ocrx_word' id='word_1_120' title='bbox 1063 1136 1215 1183; x_wconf 56' lang='lat' dir='ltr'><strong>lVexio,</strong></span> <span class='ocrx_word' id='word_1_121' title='bbox 1246 1135 1484 1183; x_wconf 85' lang='lat' dir='ltr'><strong>Hermanno,</strong></span> <span class='ocrx_word' id='word_1_122' title='bbox 1520 1140 1599 1173; x_wconf 90' lang='lat' dir='ltr'><strong>tum</strong></span> <span class='ocrx_word' id='word_1_123' title='bbox 1632 1135 1805 1187; x_wconf 84' lang='lat' dir='ltr'><strong>peculiari</strong></span> 
     </span>
     <span class='ocr_line' id='line_1_14' title="bbox 292 1200 1805 1252; baseline 0.002 -15"><span class='ocrx_word' id='word_1_124' title='bbox 292 1200 411 1238; x_wconf 92' lang='lat' dir='ltr'><strong>libello</strong></span> <span class='ocrx_word' id='word_1_125' title='bbox 431 1213 453 1237; x_wconf 90' lang='lat' dir='ltr'><strong>a</strong></span> <span class='ocrx_word' id='word_1_126' title='bbox 470 1201 602 1238; x_wconf 88' lang='lat' dir='ltr'><strong>Carolo</strong></span> <span class='ocrx_word' id='word_1_127' title='bbox 622 1202 874 1239; x_wconf 74' lang='lat' dir='ltr'><strong>Schonbornio</strong></span> <span class='ocrx_word' id='word_1_128' title='bbox 892 1203 1043 1252; x_wconf 86' lang='lat' dir='ltr'><strong>(Progr.</strong></span> <span class='ocrx_word' id='word_1_129' title='bbox 1064 1204 1210 1240; x_wconf 89' lang='lat' dir='ltr'><strong>Guben.</strong></span> <span class='ocrx_word' id='word_1_130' title='bbox 1235 1204 1361 1249; x_wconf 79' lang='lat'>1827)</span> <span class='ocrx_word' id='word_1_131' title='bbox 1382 1204 1476 1240; x_wconf 90' lang='lat' dir='ltr'><strong>adeo</strong></span> <span class='ocrx_word' id='word_1_132' title='bbox 1496 1208 1550 1240; x_wconf 90' lang='lat' dir='ltr'><strong>est</strong></span> <span class='ocrx_word' id='word_1_133' title='bbox 1566 1205 1742 1250; x_wconf 83' lang='lat' dir='ltr'><strong>refutata,</strong></span> <span class='ocrx_word' id='word_1_134' title='bbox 1763 1208 1805 1241; x_wconf 87' lang='lat' dir='ltr'><strong>ut</strong></span> 
     </span>
     <span class='ocr_line' id='line_1_15' title="bbox 293 1268 1805 1321; baseline 0.001 -16"><span class='ocrx_word' id='word_1_135' title='bbox 293 1268 386 1306; x_wconf 88' lang='lat' dir='ltr'><strong>hanc</strong></span> <span class='ocrx_word' id='word_1_136' title='bbox 405 1269 712 1318; x_wconf 89' lang='lat' dir='ltr'><strong>disputationem,</strong></span> <span class='ocrx_word' id='word_1_137' title='bbox 737 1282 832 1320; x_wconf 89' lang='lat' dir='ltr'><strong>quae</strong></span> <span class='ocrx_word' id='word_1_138' title='bbox 852 1271 976 1320; x_wconf 85' lang='lat' dir='ltr'><strong>utique</strong></span> <span class='ocrx_word' id='word_1_139' title='bbox 996 1271 1112 1319; x_wconf 86' lang='lat' dir='ltr'><strong>magis</strong></span> <span class='ocrx_word' id='word_1_140' title='bbox 1135 1270 1184 1307; x_wconf 88' lang='lat' dir='ltr'><strong>ad</strong></span> <span class='ocrx_word' id='word_1_141' title='bbox 1208 1270 1477 1307; x_wconf 89' lang='lat' dir='ltr'><strong>diiudicandam</strong></span> <span class='ocrx_word' id='word_1_142' title='bbox 1496 1270 1639 1308; x_wconf 89' lang='lat' dir='ltr'><strong>fabulae</strong></span> <span class='ocrx_word' id='word_1_143' title='bbox 1660 1270 1805 1321; x_wconf 91' lang='lat' dir='ltr'><strong>Sopho-</strong></span> 
     </span>
     <span class='ocr_line' id='line_1_16' title="bbox 292 1334 1805 1388; baseline 0.002 -15"><span class='ocrx_word' id='word_1_144' title='bbox 292 1334 393 1373; x_wconf 87' lang='lat' dir='ltr'><strong>cleae</strong></span> <span class='ocrx_word' id='word_1_145' title='bbox 414 1334 573 1373; x_wconf 92' lang='lat' dir='ltr'><strong>indolem</strong></span> <span class='ocrx_word' id='word_1_146' title='bbox 589 1337 768 1387; x_wconf 87' lang='lat' dir='ltr'><strong>pertinet,</strong></span> <span class='ocrx_word' id='word_1_147' title='bbox 798 1350 947 1388; x_wconf 86' lang='lat' dir='ltr'><strong>prorsus</strong></span> <span class='ocrx_word' id='word_1_148' title='bbox 971 1339 1140 1376; x_wconf 90' lang='lat' dir='ltr'><strong>omittere</strong></span> <span class='ocrx_word' id='word_1_149' title='bbox 1159 1338 1360 1388; x_wconf 83' lang='lat' dir='ltr'><strong>possimus3</strong></span> <span class='ocrx_word' id='word_1_150' title='bbox 1401 1337 1490 1374; x_wconf 90' lang='lat' dir='ltr'><strong>illud</strong></span> <span class='ocrx_word' id='word_1_151' title='bbox 1511 1341 1653 1375; x_wconf 90' lang='lat' dir='ltr'><strong>tantum</strong></span> <span class='ocrx_word' id='word_1_152' title='bbox 1676 1350 1805 1376; x_wconf 89' lang='lat' dir='ltr'><strong>mone-</strong></span> 
     </span>
     <span class='ocr_line' id='line_1_17' title="bbox 294 1400 1805 1455; baseline 0.002 -15"><span class='ocrx_word' id='word_1_153' title='bbox 294 1404 363 1451; x_wconf 92' lang='lat' dir='ltr'><strong>bo,</strong></span> <span class='ocrx_word' id='word_1_154' title='bbox 392 1403 465 1440; x_wconf 89' lang='lat' dir='ltr'><strong>iam</strong></span> <span class='ocrx_word' id='word_1_155' title='bbox 484 1400 713 1442; x_wconf 83' lang='lat' dir='ltr'><strong>Aristotelem</strong></span> <span class='ocrx_word' id='word_1_156' title='bbox 732 1406 884 1444; x_wconf 87' lang='lat' dir='ltr'><strong>Rhetor.</strong></span> <span class='ocrx_word' id='word_1_157' title='bbox 911 1406 984 1453; x_wconf 91' lang='lat'><strong>111,</strong></span> <span class='ocrx_word' id='word_1_158' title='bbox 1024 1408 1090 1447; x_wconf 88' lang='lat'><strong>16.</strong></span> <span class='ocrx_word' id='word_1_159' title='bbox 1114 1407 1139 1445; x_wconf 88' lang='grc'><strong>9</strong></span> <span class='ocrx_word' id='word_1_160' title='bbox 1168 1406 1244 1443; x_wconf 83' lang='lat' dir='ltr'><strong>eius</strong></span> <span class='ocrx_word' id='word_1_161' title='bbox 1266 1405 1333 1443; x_wconf 92' lang='lat' dir='ltr'><strong>loci</strong></span> <span class='ocrx_word' id='word_1_162' title='bbox 1363 1409 1404 1442; x_wconf 86' lang='lat' dir='ltr'><strong>ut</strong></span> <span class='ocrx_word' id='word_1_163' title='bbox 1424 1404 1619 1455; x_wconf 90' lang='lat' dir='ltr'><strong>Sophoclei</strong></span> <span class='ocrx_word' id='word_1_164' title='bbox 1648 1406 1805 1444; x_wconf 88' lang='lat' dir='ltr'><strong>mentio-</strong></span> 
     </span>
     <span class='ocr_line' id='line_1_18' title="bbox 294 1470 1800 1524; baseline 0.002 -16"><span class='ocrx_word' id='word_1_165' title='bbox 294 1483 378 1508; x_wconf 90' lang='lat' dir='ltr'><strong>nem</strong></span> <span class='ocrx_word' id='word_1_166' title='bbox 404 1471 534 1509; x_wconf 87' lang='lat' dir='ltr'><strong>facere.</strong></span> <span class='ocrx_word' id='word_1_167' title='bbox 587 1470 735 1511; x_wconf 91' lang='lat' dir='ltr'><strong>Deinde</strong></span> <span class='ocrx_word' id='word_1_168' title='bbox 760 1473 929 1512; x_wconf 89' lang='lat' dir='ltr'><strong>Clemens</strong></span> <span class='ocrx_word' id='word_1_169' title='bbox 955 1473 1149 1512; x_wconf 85' lang='lat' dir='ltr'><strong>Alexandr.</strong></span> <span class='ocrx_word' id='word_1_170' title='bbox 1177 1474 1370 1511; x_wconf 88' lang='lat' dir='ltr'><strong>Stromatt.</strong></span> <span class='ocrx_word' id='word_1_171' title='bbox 1392 1472 1442 1510; x_wconf 92' lang='lat' dir='ltr'><strong>VI</strong></span> <span class='ocrx_word' id='word_1_172' title='bbox 1471 1485 1508 1522; x_wconf 90' lang='lat' dir='ltr'><strong>p.</strong></span> <span class='ocrx_word' id='word_1_173' title='bbox 1529 1472 1610 1515; x_wconf 79' lang='lat'><strong>625</strong></span> <span class='ocrx_word' id='word_1_174' title='bbox 1630 1473 1676 1512; x_wconf 93' lang='lat' dir='ltr'><strong>D.</strong></span> <span class='ocrx_word' id='word_1_175' title='bbox 1699 1473 1800 1524; x_wconf 88' lang='lat' dir='ltr'><strong>Sylb.</strong></span> 
     </span>
     <span class='ocr_line' id='line_1_19' title="bbox 294 1540 1804 1592; baseline 0 -14"><span class='ocrx_word' id='word_1_176' title='bbox 294 1541 527 1578; x_wconf 88' lang='lat' dir='ltr'><strong>Herodotum</strong></span> <span class='ocrx_word' id='word_1_177' title='bbox 550 1540 673 1590; x_wconf 89' lang='lat' dir='ltr'><strong>potius</strong></span> <span class='ocrx_word' id='word_1_178' title='bbox 693 1554 737 1580; x_wconf 83' lang='lat' dir='ltr'><strong>ex</strong></span> <span class='ocrx_word' id='word_1_179' title='bbox 755 1541 937 1592; x_wconf 83' lang='lat' dir='ltr'><strong>Sophocle</strong></span> <span class='ocrx_word' id='word_1_180' title='bbox 959 1542 1122 1580; x_wconf 86' lang='lat' dir='ltr'><strong>hausisse</strong></span> <span class='ocrx_word' id='word_1_181' title='bbox 1144 1545 1308 1579; x_wconf 88' lang='lat' dir='ltr'><strong>autumat</strong></span> <span class='ocrx_word' id='word_1_182' title='bbox 1330 1541 1500 1590; x_wconf 90' lang='lat' dir='ltr'><strong>adeoque</strong></span> <span class='ocrx_word' id='word_1_183' title='bbox 1526 1540 1611 1577; x_wconf 90' lang='lat' dir='ltr'><strong>furti</strong></span> <span class='ocrx_word' id='word_1_184' title='bbox 1631 1540 1727 1578; x_wconf 91' lang='lat' dir='ltr'><strong>illum</strong></span> <span class='ocrx_word' id='word_1_185' title='bbox 1747 1541 1804 1578; x_wconf 88' lang='lat' dir='ltr'><strong>in-</strong></span> 
     </span>
     <span class='ocr_line' id='line_1_20' title="bbox 295 1607 1804 1659; baseline 0.001 -14"><span class='ocrx_word' id='word_1_186' title='bbox 295 1608 459 1656; x_wconf 81' lang='lat' dir='ltr'><strong>simulat3</strong></span> <span class='ocrx_word' id='word_1_187' title='bbox 496 1607 563 1645; x_wconf 92' lang='lat' dir='ltr'><strong>sed</strong></span> <span class='ocrx_word' id='word_1_188' title='bbox 590 1608 683 1648; x_wconf 88' lang='lat' dir='ltr'><strong>bene</strong></span> <span class='ocrx_word' id='word_1_189' title='bbox 713 1609 968 1647; x_wconf 86' lang='lat' dir='ltr'><strong>intellexerunt</strong></span> <span class='ocrx_word' id='word_1_190' title='bbox 997 1609 1155 1658; x_wconf 84' lang='lat' dir='ltr'><strong>Heysius</strong></span> <span class='ocrx_word' id='word_1_191' title='bbox 1180 1609 1375 1657; x_wconf 84' lang='lat' dir='ltr'><strong>(Quaestt.</strong></span> <span class='ocrx_word' id='word_1_192' title='bbox 1402 1608 1570 1646; x_wconf 91' lang='lat' dir='ltr'><strong>Herodd.</strong></span> <span class='ocrx_word' id='word_1_193' title='bbox 1601 1622 1637 1659; x_wconf 90' lang='lat' dir='ltr'><strong>p.</strong></span> <span class='ocrx_word' id='word_1_194' title='bbox 1657 1610 1737 1657; x_wconf 89' lang='lat'><strong>67)</strong></span> <span class='ocrx_word' id='word_1_195' title='bbox 1765 1611 1804 1646; x_wconf 86' lang='lat' dir='ltr'><strong>et</strong></span> 
     </span>
     <span class='ocr_line' id='line_1_21' title="bbox 294 1677 1802 1730; baseline -0.003 -13"><span class='ocrx_word' id='word_1_196' title='bbox 294 1678 464 1726; x_wconf 87' lang='lat' dir='ltr'><strong>Wexius,</strong></span> <span class='ocrx_word' id='word_1_197' title='bbox 499 1691 628 1730; x_wconf 87' lang='lat' dir='ltr'><strong>parum</strong></span> <span class='ocrx_word' id='word_1_198' title='bbox 647 1681 934 1715; x_wconf 88' lang='lat' dir='ltr'><strong>consentaneum</strong></span> <span class='ocrx_word' id='word_1_199' title='bbox 955 1690 1057 1725; x_wconf 91' lang='lat' dir='ltr'><strong>esse,</strong></span> <span class='ocrx_word' id='word_1_200' title='bbox 1095 1677 1327 1714; x_wconf 86' lang='lat' dir='ltr'><strong>Herodotum</strong></span> <span class='ocrx_word' id='word_1_201' title='bbox 1353 1689 1441 1714; x_wconf 87' lang='lat' dir='ltr'><strong>suae</strong></span> <span class='ocrx_word' id='word_1_202' title='bbox 1466 1689 1586 1714; x_wconf 87' lang='lat' dir='ltr'><strong>rerum</strong></span> <span class='ocrx_word' id='word_1_203' title='bbox 1614 1681 1802 1725; x_wconf 85' lang='lat' dir='ltr'><strong>gestarum</strong></span> 
     </span>
     <span class='ocr_line' id='line_1_22' title="bbox 293 1743 1802 1797; baseline -0.002 -13"><span class='ocrx_word' id='word_1_204' title='bbox 293 1746 492 1785; x_wconf 87' lang='lat' dir='ltr'><strong>narrationi</strong></span> <span class='ocrx_word' id='word_1_205' title='bbox 521 1748 655 1797; x_wconf 71' lang='lat' dir='ltr'><strong>poetae</strong></span> <span class='ocrx_word' id='word_1_206' title='bbox 688 1750 916 1792; x_wconf 86' lang='lat' dir='ltr'><strong>commento,</strong></span> <span class='ocrx_word' id='word_1_207' title='bbox 963 1745 1064 1782; x_wconf 87' lang='lat' dir='ltr'><strong>cuius</strong></span> <span class='ocrx_word' id='word_1_208' title='bbox 1091 1743 1201 1781; x_wconf 89' lang='lat' dir='ltr'><strong>fidem</strong></span> <span class='ocrx_word' id='word_1_209' title='bbox 1226 1748 1412 1794; x_wconf 86' lang='lat' dir='ltr'><strong>praestare</strong></span> <span class='ocrx_word' id='word_1_210' title='bbox 1442 1757 1517 1781; x_wconf 90' lang='lat' dir='ltr'><strong>non</strong></span> <span class='ocrx_word' id='word_1_211' title='bbox 1548 1749 1698 1794; x_wconf 86' lang='lat' dir='ltr'><strong>posset,</strong></span> <span class='ocrx_word' id='word_1_212' title='bbox 1734 1744 1802 1782; x_wconf 88' lang='lat' dir='ltr'><strong>ad-</strong></span> 
     </span>
     <span class='ocr_line' id='line_1_23' title="bbox 294 1811 1802 1860; baseline -0.001 -9"><span class='ocrx_word' id='word_1_213' title='bbox 294 1814 479 1852; x_wconf 89' lang='lat' dir='ltr'><strong>miscendo</strong></span> <span class='ocrx_word' id='word_1_214' title='bbox 503 1817 643 1851; x_wconf 89' lang='lat' dir='ltr'><strong>temere</strong></span> <span class='ocrx_word' id='word_1_215' title='bbox 662 1813 909 1858; x_wconf 87' lang='lat' dir='ltr'><strong>commisisse,</strong></span> <span class='ocrx_word' id='word_1_216' title='bbox 948 1814 989 1848; x_wconf 88' lang='lat' dir='ltr'><strong>ut</strong></span> <span class='ocrx_word' id='word_1_217' title='bbox 1010 1823 1112 1848; x_wconf 90' lang='lat' dir='ltr'><strong>suam</strong></span> <span class='ocrx_word' id='word_1_218' title='bbox 1134 1811 1292 1849; x_wconf 81' lang='lat' dir='ltr'><strong>historici</strong></span> <span class='ocrx_word' id='word_1_219' title='bbox 1312 1812 1424 1850; x_wconf 86' lang='lat' dir='ltr'><strong>fidem</strong></span> <span class='ocrx_word' id='word_1_220' title='bbox 1445 1811 1537 1848; x_wconf 88' lang='lat' dir='ltr'><strong>ultro</strong></span> <span class='ocrx_word' id='word_1_221' title='bbox 1566 1812 1802 1860; x_wconf 80' lang='lat' dir='ltr'><strong>infringeret3</strong></span> 
     </span>
     <span class='ocr_line' id='line_1_24' title="bbox 294 1878 1802 1931; baseline -0.001 -13"><span class='ocrx_word' id='word_1_222' title='bbox 294 1883 523 1931; x_wconf 85' lang='lat' dir='ltr'><strong>apparetque</strong></span> <span class='ocrx_word' id='word_1_223' title='bbox 541 1879 752 1917; x_wconf 86' lang='lat' dir='ltr'><strong>historicum</strong></span> <span class='ocrx_word' id='word_1_224' title='bbox 770 1880 854 1917; x_wconf 92' lang='lat' dir='ltr'><strong>ideo</strong></span> <span class='ocrx_word' id='word_1_225' title='bbox 877 1883 1017 1916; x_wconf 87' lang='lat' dir='ltr'><strong>tantum</strong></span> <span class='ocrx_word' id='word_1_226' title='bbox 1038 1882 1154 1915; x_wconf 85' lang='lat' dir='ltr'><strong>totam</strong></span> <span class='ocrx_word' id='word_1_227' title='bbox 1177 1878 1272 1916; x_wconf 86' lang='lat' dir='ltr'><strong>illam</strong></span> <span class='ocrx_word' id='word_1_228' title='bbox 1295 1893 1371 1917; x_wconf 84' lang='lat' dir='ltr'><strong>rem</strong></span> <span class='ocrx_word' id='word_1_229' title='bbox 1392 1891 1578 1925; x_wconf 84' lang='lat' dir='ltr'><strong>narrasse,</strong></span> <span class='ocrx_word' id='word_1_230' title='bbox 1618 1883 1657 1916; x_wconf 94' lang='lat' dir='ltr'><strong>ut</strong></span> <span class='ocrx_word' id='word_1_231' title='bbox 1675 1880 1802 1928; x_wconf 88' lang='lat' dir='ltr'><strong>singu-</strong></span> 
     </span>
     <span class='ocr_line' id='line_1_25' title="bbox 295 1946 1801 1998; baseline 0 -14"><span class='ocrx_word' id='word_1_232' title='bbox 295 1947 370 1985; x_wconf 88' lang='lat' dir='ltr'><strong>lare</strong></span> <span class='ocrx_word' id='word_1_233' title='bbox 386 1947 474 1984; x_wconf 93' lang='lat' dir='ltr'><strong>illud</strong></span> <span class='ocrx_word' id='word_1_234' title='bbox 492 1947 649 1985; x_wconf 90' lang='lat' dir='ltr'><strong>mulieris</strong></span> <span class='ocrx_word' id='word_1_235' title='bbox 668 1948 802 1984; x_wconf 89' lang='lat' dir='ltr'><strong>dictum</strong></span> <span class='ocrx_word' id='word_1_236' title='bbox 823 1947 1025 1997; x_wconf 86' lang='lat' dir='ltr'><strong>posteritati</strong></span> <span class='ocrx_word' id='word_1_237' title='bbox 1043 1950 1317 1984; x_wconf 88' lang='lat' dir='ltr'><strong>conservaretur</strong></span> <span class='ocrx_word' id='word_1_238' title='bbox 1329 1976 1340 1992; x_wconf 87' lang='lat'>‚</span> <span class='ocrx_word' id='word_1_239' title='bbox 1379 1950 1526 1998; x_wconf 74' lang='lat' dir='ltr'><strong>poetam</strong></span> <span class='ocrx_word' id='word_1_240' title='bbox 1552 1951 1673 1985; x_wconf 86' lang='lat' dir='ltr'><strong>autem</strong></span> <span class='ocrx_word' id='word_1_241' title='bbox 1690 1946 1801 1996; x_wconf 89' lang='lat' dir='ltr'><strong>longe</strong></span> 
     </span>
     <span class='ocr_line' id='line_1_26' title="bbox 294 2013 1802 2065; baseline -0.001 -13"><span class='ocrx_word' id='word_1_242' title='bbox 294 2016 368 2053; x_wconf 80' lang='lat' dir='ltr'><strong>veri</strong></span> <span class='ocrx_word' id='word_1_243' title='bbox 398 2014 545 2052; x_wconf 89' lang='lat' dir='ltr'><strong>similius</strong></span> <span class='ocrx_word' id='word_1_244' title='bbox 577 2018 654 2063; x_wconf 89' lang='lat' dir='ltr'><strong>est,</strong></span> <span class='ocrx_word' id='word_1_245' title='bbox 690 2016 777 2052; x_wconf 92' lang='lat' dir='ltr'><strong>dum</strong></span> <span class='ocrx_word' id='word_1_246' title='bbox 808 2013 1030 2063; x_wconf 79' lang='lat' dir='ltr'><strong>Antigonam</strong></span> <span class='ocrx_word' id='word_1_247' title='bbox 1063 2014 1262 2064; x_wconf 80' lang='lat' dir='ltr'><strong>perfectum</strong></span> <span class='ocrx_word' id='word_1_248' title='bbox 1297 2015 1425 2052; x_wconf 91' lang='lat' dir='ltr'><strong>sororii</strong></span> <span class='ocrx_word' id='word_1_249' title='bbox 1456 2014 1588 2051; x_wconf 91' lang='lat' dir='ltr'><strong>amoris</strong></span> <span class='ocrx_word' id='word_1_250' title='bbox 1618 2013 1802 2065; x_wconf 87' lang='lat' dir='ltr'><strong>exemplar</strong></span> 
     </span>
     <span class='ocr_line' id='line_1_27' title="bbox 292 2081 1801 2133; baseline -0.001 -14"><span class='ocrx_word' id='word_1_251' title='bbox 292 2095 499 2133; x_wconf 90' lang='lat' dir='ltr'><strong>proponere</strong></span> <span class='ocrx_word' id='word_1_252' title='bbox 517 2082 644 2129; x_wconf 89' lang='lat' dir='ltr'><strong>vellet,</strong></span> <span class='ocrx_word' id='word_1_253' title='bbox 680 2083 800 2120; x_wconf 89' lang='lat' dir='ltr'><strong>omnia</strong></span> <span class='ocrx_word' id='word_1_254' title='bbox 831 2083 994 2131; x_wconf 91' lang='lat' dir='ltr'><strong>undique</strong></span> <span class='ocrx_word' id='word_1_255' title='bbox 1022 2082 1237 2132; x_wconf 83' lang='lat' dir='ltr'><strong>arripuisse,</strong></span> <span class='ocrx_word' id='word_1_256' title='bbox 1276 2094 1371 2131; x_wconf 88' lang='lat' dir='ltr'><strong>quae</strong></span> <span class='ocrx_word' id='word_1_257' title='bbox 1404 2081 1485 2119; x_wconf 94' lang='lat' dir='ltr'><strong>huie</strong></span> <span class='ocrx_word' id='word_1_258' title='bbox 1512 2081 1663 2130; x_wconf 86' lang='lat' dir='ltr'><strong>imagini</strong></span> <span class='ocrx_word' id='word_1_259' title='bbox 1693 2093 1801 2118; x_wconf 89' lang='lat' dir='ltr'><strong>orna·</strong></span> 
     </span>
     <span class='ocr_line' id='line_1_28' title="bbox 291 2148 1799 2201; baseline -0.001 -13"><span class='ocrx_word' id='word_1_260' title='bbox 291 2154 455 2188; x_wconf 88' lang='lat' dir='ltr'><strong>mentum</strong></span> <span class='ocrx_word' id='word_1_261' title='bbox 471 2151 609 2188; x_wconf 88' lang='lat' dir='ltr'><strong>addere</strong></span> <span class='ocrx_word' id='word_1_262' title='bbox 626 2154 790 2201; x_wconf 87' lang='lat' dir='ltr'><strong>possent.</strong></span> <span class='ocrx_word' id='word_1_263' title='bbox 849 2149 929 2187; x_wconf 90' lang='lat' dir='ltr'><strong>Nec</strong></span> <span class='ocrx_word' id='word_1_264' title='bbox 948 2150 1148 2188; x_wconf 88' lang='lat' dir='ltr'><strong>Suevernio</strong></span> <span class='ocrx_word' id='word_1_265' title='bbox 1175 2150 1346 2199; x_wconf 87' lang='lat' dir='ltr'><strong>equidem</strong></span> <span class='ocrx_word' id='word_1_266' title='bbox 1375 2150 1573 2196; x_wconf 88' lang='lat' dir='ltr'><strong>assentiar,</strong></span> <span class='ocrx_word' id='word_1_267' title='bbox 1613 2149 1675 2198; x_wconf 90' lang='lat' dir='ltr'><strong>qui</strong></span> <span class='ocrx_word' id='word_1_268' title='bbox 1703 2148 1799 2186; x_wconf 90' lang='lat' dir='ltr'><strong>illam</strong></span> 
     </span>
     <span class='ocr_line' id='line_1_29' title="bbox 291 2216 1798 2268; baseline 0.001 -15"><span class='ocrx_word' id='word_1_269' title='bbox 291 2217 538 2255; x_wconf 87' lang='lat' dir='ltr'><strong>narrationem</strong></span> <span class='ocrx_word' id='word_1_270' title='bbox 562 2218 746 2256; x_wconf 90' lang='lat' dir='ltr'><strong>hominum</strong></span> <span class='ocrx_word' id='word_1_271' title='bbox 774 2231 942 2256; x_wconf 89' lang='lat' dir='ltr'><strong>sermone</strong></span> <span class='ocrx_word' id='word_1_272' title='bbox 967 2221 1209 2268; x_wconf 83' lang='lat' dir='ltr'><strong>propagatam</strong></span> <span class='ocrx_word' id='word_1_273' title='bbox 1244 2218 1354 2255; x_wconf 87' lang='lat' dir='ltr'><strong>fuisse</strong></span> <span class='ocrx_word' id='word_1_274' title='bbox 1382 2223 1492 2267; x_wconf 87' lang='lat' dir='ltr'><strong>atque</strong></span> <span class='ocrx_word' id='word_1_275' title='bbox 1521 2229 1566 2255; x_wconf 86' lang='lat' dir='ltr'><strong>ex</strong></span> <span class='ocrx_word' id='word_1_276' title='bbox 1592 2216 1662 2254; x_wconf 92' lang='lat' dir='ltr'><strong>hoc</strong></span> <span class='ocrx_word' id='word_1_277' title='bbox 1699 2228 1798 2254; x_wconf 92' lang='lat' dir='ltr'><strong>com-</strong></span> 
     </span>
     <span class='ocr_line' id='line_1_30' title="bbox 294 2284 1798 2335; baseline 0 -15"><span class='ocrx_word' id='word_1_278' title='bbox 294 2284 392 2321; x_wconf 92' lang='lat' dir='ltr'><strong>muni</strong></span> <span class='ocrx_word' id='word_1_279' title='bbox 409 2285 509 2323; x_wconf 86' lang='lat' dir='ltr'><strong>fonte</strong></span> <span class='ocrx_word' id='word_1_280' title='bbox 528 2288 721 2335; x_wconf 87' lang='lat' dir='ltr'><strong>utrumque</strong></span> <span class='ocrx_word' id='word_1_281' title='bbox 741 2285 904 2323; x_wconf 89' lang='lat' dir='ltr'><strong>hausisse</strong></span> <span class='ocrx_word' id='word_1_282' title='bbox 923 2286 1137 2332; x_wconf 56' lang='lat' dir='ltr'><strong>arbitratum</strong></span> <span class='ocrx_word' id='word_1_283' title='bbox 1177 2285 1261 2324; x_wconf 83' lang='lat' dir='ltr'><strong>licet</strong></span> <span class='ocrx_word' id='word_1_284' title='bbox 1285 2286 1414 2323; x_wconf 86' lang='lat' dir='ltr'><strong>eodem</strong></span> <span class='ocrx_word' id='word_1_285' title='bbox 1434 2285 1684 2323; x_wconf 91' lang='lat' dir='ltr'><strong>Hermannum</strong></span> <span class='ocrx_word' id='word_1_286' title='bbox 1706 2295 1798 2333; x_wconf 91' lang='lat' dir='ltr'><strong>quo-</strong></span> 
     </span>
     <span class='ocr_line' id='line_1_31' title="bbox 295 2351 1797 2404; baseline 0 -16"><span class='ocrx_word' id='word_1_287' title='bbox 295 2363 367 2400; x_wconf 91' lang='lat' dir='ltr'><strong>que</strong></span> <span class='ocrx_word' id='word_1_288' title='bbox 392 2351 599 2391; x_wconf 88' lang='lat' dir='ltr'><strong>incumbere</strong></span> <span class='ocrx_word' id='word_1_289' title='bbox 624 2353 790 2400; x_wconf 84' lang='lat' dir='ltr'><strong>videam,</strong></span> <span class='ocrx_word' id='word_1_290' title='bbox 830 2354 914 2404; x_wconf 91' lang='lat' dir='ltr'><strong>qui:</strong></span> <span class='ocrx_word' id='word_1_291' title='bbox 956 2354 1097 2401; x_wconf 81' lang='lat' dir='ltr'><strong>,‚fecit,</strong></span> <span class='ocrx_word' id='word_1_292' title='bbox 1135 2353 1270 2402; x_wconf 82' lang='lat' dir='ltr'><strong>inquit,</strong></span> <span class='ocrx_word' id='word_1_293' title='bbox 1302 2353 1519 2404; x_wconf 90' lang='lat' dir='ltr'><strong>Sophocles,</strong></span> <span class='ocrx_word' id='word_1_294' title='bbox 1557 2352 1655 2401; x_wconf 93' lang='lat' dir='ltr'><strong>quod</strong></span> <span class='ocrx_word' id='word_1_295' title='bbox 1683 2362 1797 2401; x_wconf 86' lang='lat' dir='ltr'><strong>saepe</strong></span> 
     </span>
     <span class='ocr_line' id='line_1_32' title="bbox 294 2418 1798 2472; baseline -0.001 -15"><span class='ocrx_word' id='word_1_296' title='bbox 294 2420 459 2457; x_wconf 86' lang='lat' dir='ltr'><strong>fecerunt</strong></span> <span class='ocrx_word' id='word_1_297' title='bbox 477 2421 602 2468; x_wconf 87' lang='lat' dir='ltr'><strong>tragici</strong></span> <span class='ocrx_word' id='word_1_298' title='bbox 626 2421 778 2468; x_wconf 86' lang='lat' dir='ltr'><strong>Gracci,</strong></span> <span class='ocrx_word' id='word_1_299' title='bbox 807 2425 848 2458; x_wconf 86' lang='lat' dir='ltr'><strong>ut</strong></span> <span class='ocrx_word' id='word_1_300' title='bbox 869 2421 980 2459; x_wconf 92' lang='lat' dir='ltr'><strong>etiam</strong></span> <span class='ocrx_word' id='word_1_301' title='bbox 999 2422 1116 2458; x_wconf 89' lang='lat' dir='ltr'><strong>minus</strong></span> <span class='ocrx_word' id='word_1_302' title='bbox 1140 2424 1225 2472; x_wconf 92' lang='lat' dir='ltr'><strong>apto</strong></span> <span class='ocrx_word' id='word_1_303' title='bbox 1247 2422 1325 2458; x_wconf 91' lang='lat' dir='ltr'><strong>loco</strong></span> <span class='ocrx_word' id='word_1_304' title='bbox 1340 2449 1350 2468; x_wconf 92' lang='lat'><strong>,</strong></span> <span class='ocrx_word' id='word_1_305' title='bbox 1381 2421 1481 2470; x_wconf 92' lang='lat' dir='ltr'><strong>quod</strong></span> <span class='ocrx_word' id='word_1_306' title='bbox 1500 2418 1657 2470; x_wconf 90' lang='lat' dir='ltr'><strong>populo,</strong></span> <span class='ocrx_word' id='word_1_307' title='bbox 1687 2430 1798 2468; x_wconf 88' lang='lat' dir='ltr'><strong>argu-</strong></span> 
     </span>
     <span class='ocr_line' id='line_1_33' title="bbox 294 2485 1797 2540; baseline 0 -16"><span class='ocrx_word' id='word_1_308' title='bbox 294 2487 341 2524; x_wconf 90' lang='lat' dir='ltr'><strong>tis</strong></span> <span class='ocrx_word' id='word_1_309' title='bbox 359 2487 681 2537; x_wconf 81' lang='lat' dir='ltr'><strong>disceptationibus</strong></span> <span class='ocrx_word' id='word_1_310' title='bbox 705 2488 875 2526; x_wconf 89' lang='lat' dir='ltr'><strong>delectari</strong></span> <span class='ocrx_word' id='word_1_311' title='bbox 893 2489 1014 2536; x_wconf 86' lang='lat' dir='ltr'><strong>solito,</strong></span> <span class='ocrx_word' id='word_1_312' title='bbox 1040 2494 1227 2540; x_wconf 89' lang='lat' dir='ltr'><strong>acceptum</strong></span> <span class='ocrx_word' id='word_1_313' title='bbox 1247 2490 1324 2527; x_wconf 92' lang='lat' dir='ltr'><strong>sore</strong></span> <span class='ocrx_word' id='word_1_314' title='bbox 1347 2489 1576 2537; x_wconf 86' lang='lat' dir='ltr'><strong>intelligeret,</strong></span> <span class='ocrx_word' id='word_1_315' title='bbox 1607 2486 1684 2523; x_wconf 89' lang='lat' dir='ltr'><strong>eius</strong></span> <span class='ocrx_word' id='word_1_316' title='bbox 1705 2485 1797 2524; x_wconf 86' lang='lat' dir='ltr'><strong>affe-</strong></span> 
     </span>
     <span class='ocr_line' id='line_1_34' title="bbox 294 2553 1796 2606; baseline 0.001 -16"><span class='ocrx_word' id='word_1_317' title='bbox 294 2555 399 2592; x_wconf 88' lang='lat' dir='ltr'><strong>rendi</strong></span> <span class='ocrx_word' id='word_1_318' title='bbox 436 2555 611 2605; x_wconf 88' lang='lat' dir='ltr'><strong>arriperet</strong></span> <span class='ocrx_word' id='word_1_319' title='bbox 641 2557 971 2606; x_wconf 78' lang='lat' dir='ltr'><strong>opportunitatem3</strong></span> <span class='ocrx_word' id='word_1_320' title='bbox 1017 2566 1128 2606; x_wconf 75' lang='lat' dir='ltr'><strong>qnare</strong></span> <span class='ocrx_word' id='word_1_321' title='bbox 1165 2569 1275 2606; x_wconf 87' lang='lat' dir='ltr'><strong>quum</strong></span> <span class='ocrx_word' id='word_1_322' title='bbox 1308 2556 1475 2594; x_wconf 89' lang='lat' dir='ltr'><strong>Persicae</strong></span> <span class='ocrx_word' id='word_1_323' title='bbox 1509 2553 1599 2590; x_wconf 88' lang='lat' dir='ltr'><strong>illius</strong></span> <span class='ocrx_word' id='word_1_324' title='bbox 1638 2553 1796 2592; x_wconf 86' lang='lat' dir='ltr'><strong>mulieris</strong></span> 
     </span>
     <span class='ocr_line' id='line_1_35' title="bbox 295 2621 1796 2674; baseline 0 -15"><span class='ocrx_word' id='word_1_325' title='bbox 295 2622 431 2659; x_wconf 90' lang='lat' dir='ltr'><strong>dictum</strong></span> <span class='ocrx_word' id='word_1_326' title='bbox 454 2623 672 2660; x_wconf 89' lang='lat' dir='ltr'><strong>celebratum</strong></span> <span class='ocrx_word' id='word_1_327' title='bbox 692 2635 772 2660; x_wconf 88' lang='lat' dir='ltr'><strong>esse</strong></span> <span class='ocrx_word' id='word_1_328' title='bbox 791 2623 917 2671; x_wconf 87' lang='lat' dir='ltr'><strong>sciret,</strong></span> <span class='ocrx_word' id='word_1_329' title='bbox 948 2625 1121 2662; x_wconf 86' lang='lat' dir='ltr'><strong>utendum</strong></span> <span class='ocrx_word' id='word_1_330' title='bbox 1142 2637 1185 2661; x_wconf 94' lang='lat' dir='ltr'><strong>eo</strong></span> <span class='ocrx_word' id='word_1_331' title='bbox 1204 2625 1366 2674; x_wconf 78' lang='lat' dir='ltr'><strong>putavit,</strong></span> <span class='ocrx_word' id='word_1_332' title='bbox 1390 2624 1500 2672; x_wconf 90' lang='lat' dir='ltr'><strong>idque</strong></span> <span class='ocrx_word' id='word_1_333' title='bbox 1513 2621 1611 2659; x_wconf 87' lang='lat' dir='ltr'><strong>haud</strong></span> <span class='ocrx_word' id='word_1_334' title='bbox 1630 2634 1720 2660; x_wconf 87' lang='lat' dir='ltr'><strong>sane</strong></span> <span class='ocrx_word' id='word_1_335' title='bbox 1739 2622 1796 2659; x_wconf 83' lang='lat' dir='ltr'><strong>in-</strong></span> 
     </span>
     <span class='ocr_line' id='line_1_36' title="bbox 293 2689 1794 2741; baseline 0 -15"><span class='ocrx_word' id='word_1_336' title='bbox 293 2690 382 2726; x_wconf 89' lang='lat' dir='ltr'><strong>scite</strong></span> <span class='ocrx_word' id='word_1_337' title='bbox 403 2690 489 2727; x_wconf 86' lang='lat' dir='ltr'><strong>fecit</strong></span> <span class='ocrx_word' id='word_1_338' title='bbox 505 2691 550 2735; x_wconf 89' lang='lat'><strong>;“</strong></span> <span class='ocrx_word' id='word_1_339' title='bbox 591 2691 717 2728; x_wconf 89' lang='lat' dir='ltr'><strong>dubito</strong></span> <span class='ocrx_word' id='word_1_340' title='bbox 738 2690 832 2727; x_wconf 88' lang='lat' dir='ltr'><strong>enim</strong></span> <span class='ocrx_word' id='word_1_341' title='bbox 845 2719 856 2737; x_wconf 91' lang='lat'>‚</span> <span class='ocrx_word' id='word_1_342' title='bbox 887 2703 932 2728; x_wconf 84' lang='lat' dir='ltr'><strong>an</strong></span> <span class='ocrx_word' id='word_1_343' title='bbox 958 2691 1133 2728; x_wconf 88' lang='lat' dir='ltr'><strong>eiusmodi</strong></span> <span class='ocrx_word' id='word_1_344' title='bbox 1154 2692 1287 2728; x_wconf 88' lang='lat' dir='ltr'><strong>sactum</strong></span> <span class='ocrx_word' id='word_1_345' title='bbox 1304 2703 1449 2741; x_wconf 88' lang='lat' dir='ltr'><strong>prorsus</strong></span> <span class='ocrx_word' id='word_1_346' title='bbox 1473 2689 1674 2738; x_wconf 85' lang='lat' dir='ltr'><strong>singulare,</strong></span> <span class='ocrx_word' id='word_1_347' title='bbox 1693 2689 1794 2727; x_wconf 90' lang='lat' dir='ltr'><strong>cuius</strong></span> 
     </span>
     <span class='ocr_line' id='line_1_37' title="bbox 292 2756 1792 2809; baseline 0.001 -15"><span class='ocrx_word' id='word_1_348' title='bbox 292 2769 361 2794; x_wconf 90' lang='lat' dir='ltr'><strong>nec</strong></span> <span class='ocrx_word' id='word_1_349' title='bbox 379 2756 507 2793; x_wconf 91' lang='lat' dir='ltr'><strong>nobilis</strong></span> <span class='ocrx_word' id='word_1_350' title='bbox 526 2762 625 2795; x_wconf 90' lang='lat' dir='ltr'><strong>actor</strong></span> <span class='ocrx_word' id='word_1_351' title='bbox 639 2762 675 2796; x_wconf 90' lang='lat' dir='ltr'><strong>et</strong></span> <span class='ocrx_word' id='word_1_352' title='bbox 695 2770 802 2795; x_wconf 87' lang='lat' dir='ltr'><strong>scena</strong></span> <span class='ocrx_word' id='word_1_353' title='bbox 820 2758 906 2795; x_wconf 90' lang='lat' dir='ltr'><strong>satis</strong></span> <span class='ocrx_word' id='word_1_354' title='bbox 930 2763 1071 2796; x_wconf 84' lang='lat' dir='ltr'><strong>remota</strong></span> <span class='ocrx_word' id='word_1_355' title='bbox 1092 2763 1209 2805; x_wconf 90' lang='lat' dir='ltr'><strong>esset,</strong></span> <span class='ocrx_word' id='word_1_356' title='bbox 1241 2759 1308 2796; x_wconf 87' lang='lat' dir='ltr'><strong>nisi</strong></span> <span class='ocrx_word' id='word_1_357' title='bbox 1326 2771 1392 2809; x_wconf 91' lang='lat' dir='ltr'><strong>per</strong></span> <span class='ocrx_word' id='word_1_358' title='bbox 1409 2757 1503 2794; x_wconf 91' lang='lat' dir='ltr'><strong>illum</strong></span> <span class='ocrx_word' id='word_1_359' title='bbox 1522 2757 1663 2808; x_wconf 90' lang='lat' dir='ltr'><strong>ipsum,</strong></span> <span class='ocrx_word' id='word_1_360' title='bbox 1683 2770 1792 2806; x_wconf 89' lang='lat' dir='ltr'><strong>quem</strong></span> 
     </span>
     <span class='ocr_line' id='line_1_38' title="bbox 292 2823 1793 2875; baseline 0.002 -16"><span class='ocrx_word' id='word_1_361' title='bbox 292 2823 379 2860; x_wconf 87' lang='lat' dir='ltr'><strong>talia</strong></span> <span class='ocrx_word' id='word_1_362' title='bbox 395 2824 549 2874; x_wconf 91' lang='lat' dir='ltr'><strong>primum</strong></span> <span class='ocrx_word' id='word_1_363' title='bbox 569 2826 657 2875; x_wconf 89' lang='lat' dir='ltr'><strong>ipsis</strong></span> <span class='ocrx_word' id='word_1_364' title='bbox 686 2825 723 2862; x_wconf 91' lang='lat' dir='ltr'><strong>in</strong></span> <span class='ocrx_word' id='word_1_365' title='bbox 747 2824 835 2862; x_wconf 91' lang='lat' dir='ltr'><strong>locis</strong></span> <span class='ocrx_word' id='word_1_366' title='bbox 862 2826 1027 2863; x_wconf 89' lang='lat' dir='ltr'><strong>studiose</strong></span> <span class='ocrx_word' id='word_1_367' title='bbox 1058 2826 1281 2875; x_wconf 89' lang='lat' dir='ltr'><strong>conquisisse</strong></span> <span class='ocrx_word' id='word_1_368' title='bbox 1312 2826 1496 2872; x_wconf 90' lang='lat' dir='ltr'><strong>novimus,</strong></span> <span class='ocrx_word' id='word_1_369' title='bbox 1541 2825 1578 2861; x_wconf 94' lang='lat' dir='ltr'><strong>in</strong></span> <span class='ocrx_word' id='word_1_370' title='bbox 1608 2824 1793 2862; x_wconf 85' lang='lat' dir='ltr'><strong>hominum</strong></span> 
     </span>
     <span class='ocr_line' id='line_1_39' title="bbox 289 2891 1792 2943; baseline 0 -15"><span class='ocrx_word' id='word_1_371' title='bbox 289 2903 354 2929; x_wconf 88' lang='lat' dir='ltr'><strong>ora</strong></span> <span class='ocrx_word' id='word_1_372' title='bbox 374 2892 497 2931; x_wconf 89' lang='lat' dir='ltr'><strong>venire</strong></span> <span class='ocrx_word' id='word_1_373' title='bbox 513 2905 588 2930; x_wconf 90' lang='lat' dir='ltr'><strong>non</strong></span> <span class='ocrx_word' id='word_1_374' title='bbox 607 2892 787 2943; x_wconf 84' lang='lat' dir='ltr'><strong>potuerit;</strong></span> <span class='ocrx_word' id='word_1_375' title='bbox 814 2892 971 2943; x_wconf 88' lang='lat' dir='ltr'><strong>ideoque</strong></span> <span class='ocrx_word' id='word_1_376' title='bbox 992 2892 1234 2942; x_wconf 88' lang='lat' dir='ltr'><strong>Wesselingio</strong></span> <span class='ocrx_word' id='word_1_377' title='bbox 1245 2921 1257 2940; x_wconf 89' lang='lat'><strong>,</strong></span> <span class='ocrx_word' id='word_1_378' title='bbox 1275 2893 1487 2942; x_wconf 83' lang='lat' dir='ltr'><strong>Musgravio</strong></span> <span class='ocrx_word' id='word_1_379' title='bbox 1499 2919 1511 2939; x_wconf 88' lang='lat'><strong>,</strong></span> <span class='ocrx_word' id='word_1_380' title='bbox 1527 2891 1657 2930; x_wconf 84' lang='lat' dir='ltr'><strong>Wexio</strong></span> <span class='ocrx_word' id='word_1_381' title='bbox 1671 2891 1792 2942; x_wconf 87' lang='lat' dir='ltr'><strong>potius</strong></span> 
     </span>
    </p>
   </div>
  </div>
 </body>
</html>
