<?xml version="1.0" encoding="UTF-8"?>
<!DOCTYPE html PUBLIC "-//W3C//DTD XHTML 1.0 Transitional//EN"
    "http://www.w3.org/TR/xhtml1/DTD/xhtml1-transitional.dtd">
<html xmlns="http://www.w3.org/1999/xhtml" xml:lang="en" lang="en">
 <head>
  <title>
</title>
<meta http-equiv="Content-Type" content="text/html;charset=utf-8" />
  <meta name='ocr-system' content='tesseract 3.04.00' />
  <meta name='ocr-capabilities' content='ocr_page ocr_carea ocr_par ocr_line ocrx_word'/>
</head>
<body>
  <div class='ocr_page' id='page_1' title='image "./musaeherodoto02hero/musaeherodoto02hero_0623.png"; bbox 0 0 1904 3304; ppageno 0'>
   <div class='ocr_carea' id='block_1_1' title="bbox 0 1925 7 1983">
    <p class='ocr_par' dir='ltr' id='par_1_1' title="bbox 0 1925 7 1983">
     <span class='ocr_line' id='line_1_1' title="bbox 0 1925 7 1983; textangle 90"><span class='ocrx_word' id='word_1_1' title='bbox 0 1925 7 1983; x_wconf 34' lang='grc' dir='ltr'><em>μὴ»</em></span> 
     </span>
    </p>
   </div>
   <div class='ocr_carea' id='block_1_2' title="bbox 473 224 1153 267">
    <p class='ocr_par' dir='ltr' id='par_1_2' title="bbox 473 224 1153 267">
     <span class='ocr_line' id='line_1_2' title="bbox 473 224 1153 267; baseline 0.003 -4"><span class='ocrx_word' id='word_1_2' title='bbox 473 224 1032 265; x_wconf 89' lang='lat' dir='ltr'><strong>MELPOMENE.</strong></span> <span class='ocrx_word' id='word_1_3' title='bbox 1090 226 1153 267; x_wconf 89' lang='lat' dir='ltr'><em>IV.</em></span> 
     </span>
    </p>
   </div>
   <div class='ocr_carea' id='block_1_3' title="bbox 1364 228 1448 269">
    <p class='ocr_par' dir='ltr' id='par_1_3' title="bbox 1364 228 1448 269">
     <span class='ocr_line' id='line_1_3' title="bbox 1364 228 1448 269; baseline 0.024 -2"><span class='ocrx_word' id='word_1_4' title='bbox 1364 228 1448 269; x_wconf 83' lang='lat'><em>615</em></span> 
     </span>
    </p>
   </div>
   <div class='ocr_carea' id='block_1_4' title="bbox 188 332 1448 462">
    <p class='ocr_par' dir='ltr' id='par_1_4' title="bbox 188 332 1445 462">
     <span class='ocr_line' id='line_1_4' title="bbox 189 332 1445 418; baseline -0.001 -39"><span class='ocrx_word' id='word_1_5' title='bbox 189 346 300 379; x_wconf 88' lang='grc' dir='ltr'><em>τοισι</em></span> <span class='ocrx_word' id='word_1_6' title='bbox 328 333 407 390; x_wconf 88' lang='grc' dir='ltr'><em>μέν</em></span> <span class='ocrx_word' id='word_1_7' title='bbox 437 350 522 376; x_wconf 87' lang='grc' dir='ltr'><em>νυν</em></span> <span class='ocrx_word' id='word_1_8' title='bbox 549 334 705 385; x_wconf 78' lang='grc' dir='ltr'><em>πάντες</em></span> <span class='ocrx_word' id='word_1_9' title='bbox 735 336 893 418; x_wconf 85' lang='grc' dir='ltr'><em>Λίβυες</em></span> <span class='ocrx_word' id='word_1_10' title='bbox 920 334 1102 379; x_wconf 78' lang='grc' dir='ltr'><em>θύουσι·</em></span> <span class='ocrx_word' id='word_1_11' title='bbox 1142 332 1250 389; x_wconf 79' lang='grc' dir='ltr'><em>ἀτὰρ</em></span> <span class='ocrx_word' id='word_1_12' title='bbox 1279 335 1323 378; x_wconf 80' lang='grc' dir='ltr'><em>οἱ</em></span> <span class='ocrx_word' id='word_1_13' title='bbox 1347 337 1445 390; x_wconf 86' lang='grc' dir='ltr'><em>περὶ</em></span> 
     </span>
     <span class='ocr_line' id='line_1_5' title="bbox 188 404 1448 462; baseline -0.002 -13"><span class='ocrx_word' id='word_1_14' title='bbox 188 407 267 461; x_wconf 75' lang='grc' dir='ltr'><em>τήν</em></span> <span class='ocrx_word' id='word_1_15' title='bbox 301 407 542 457; x_wconf 81' lang='grc' dir='ltr'><em>Τριτωνίδα</em></span> <span class='ocrx_word' id='word_1_16' title='bbox 572 408 728 461; x_wconf 79' lang='grc' dir='ltr'><em>λίμνην</em></span> <span class='ocrx_word' id='word_1_17' title='bbox 755 404 976 460; x_wconf 76' lang='grc' dir='ltr'><em>νέμοντες,</em></span> <span class='ocrx_word' id='word_1_18' title='bbox 1010 411 1061 462; x_wconf 83' lang='grc' dir='ltr'><em>τῆ</em></span> <span class='ocrx_word' id='word_1_19' title='bbox 1089 405 1298 462; x_wconf 82' lang='grc' dir='ltr'><em>Ἀθηναίῃ</em></span> <span class='ocrx_word' id='word_1_20' title='bbox 1328 405 1448 460; x_wconf 82' lang='grc' dir='ltr'><em>μάλι-</em></span> 
     </span>
    </p>
   </div>
   <div class='ocr_carea' id='block_1_5' title="bbox 43 475 1778 550">
    <p class='ocr_par' dir='ltr' id='par_1_5' title="bbox 43 475 1778 550">
     <span class='ocr_line' id='line_1_6' title="bbox 43 475 1778 550; baseline -0.002 -30"><span class='ocrx_word' id='word_1_21' title='bbox 43 482 141 528; x_wconf 80' lang='grc'><em>189</em></span> <span class='ocrx_word' id='word_1_22' title='bbox 191 489 280 528; x_wconf 90' lang='grc' dir='ltr'><em>στα,</em></span> <span class='ocrx_word' id='word_1_23' title='bbox 311 476 414 531; x_wconf 81' lang='grc' dir='ltr'><em>μετὰ</em></span> <span class='ocrx_word' id='word_1_24' title='bbox 447 477 506 528; x_wconf 91' lang='grc' dir='ltr'><em>δε,</em></span> <span class='ocrx_word' id='word_1_25' title='bbox 536 481 596 520; x_wconf 75' lang='grc' dir='ltr'><em>τῶ</em></span> <span class='ocrx_word' id='word_1_26' title='bbox 621 479 804 531; x_wconf 89' lang='grc' dir='ltr'><em>Τρίτωνι</em></span> <span class='ocrx_word' id='word_1_27' title='bbox 834 477 906 519; x_wconf 85' lang='grc' dir='ltr'><em>καὶ</em></span> <span class='ocrx_word' id='word_1_28' title='bbox 934 481 994 530; x_wconf 77' lang='grc' dir='ltr'><em>τῷ</em></span> <span class='ocrx_word' id='word_1_29' title='bbox 1018 475 1292 519; x_wconf 82' lang='grc' dir='ltr'><em>Ποσειδέωνι.</em></span> <span class='ocrx_word' id='word_1_30' title='bbox 1342 476 1541 543; x_wconf 71' lang='grc' dir='ltr'><em>ΤὴνὸοΡει</em></span> <span class='ocrx_word' id='word_1_31' title='bbox 1532 483 1661 550; x_wconf 36' lang='lat' dir='ltr'><em>”segma</em></span> <span class='ocrx_word' id='word_1_32' title='bbox 1663 486 1778 544; x_wconf 42' lang='lat' dir='ltr'>uniet&amp;</span> 
     </span>
    </p>
   </div>
   <div class='ocr_carea' id='block_1_6' title="bbox 186 516 1775 623">
    <p class='ocr_par' dir='ltr' id='par_1_6' title="bbox 186 516 1775 623">
     <span class='ocr_line' id='line_1_7' title="bbox 186 516 1775 623; baseline -0.001 -33"><span class='ocrx_word' id='word_1_33' title='bbox 186 548 232 590; x_wconf 81' lang='grc' dir='ltr'><em>δὲ</em></span> <span class='ocrx_word' id='word_1_34' title='bbox 263 547 348 601; x_wconf 79' lang='grc' dir='ltr'><em>ἄρα</em></span> <span class='ocrx_word' id='word_1_35' title='bbox 377 547 538 602; x_wconf 76' lang='grc' dir='ltr'><em>έσθητα</em></span> <span class='ocrx_word' id='word_1_36' title='bbox 567 565 638 590; x_wconf 77' lang='grc' dir='ltr'><em>και</em></span> <span class='ocrx_word' id='word_1_37' title='bbox 668 547 743 598; x_wconf 74' lang='grc' dir='ltr'><em>τὰς</em></span> <span class='ocrx_word' id='word_1_38' title='bbox 773 550 940 601; x_wconf 82' lang='grc' dir='ltr'><em>αἰγίδας</em></span> <span class='ocrx_word' id='word_1_39' title='bbox 967 563 1056 588; x_wconf 91' lang='grc' dir='ltr'><em>των</em></span> <span class='ocrx_word' id='word_1_40' title='bbox 1086 543 1345 601; x_wconf 71' lang='grc' dir='ltr'><em>ἀγαλμάτων</em></span> <span class='ocrx_word' id='word_1_41' title='bbox 1368 551 1444 603; x_wconf 85' lang='grc' dir='ltr'><em>τῆς</em></span> <span class='ocrx_word' id='word_1_42' title='bbox 1501 516 1602 623; x_wconf 44' lang='lat' dir='ltr'><em>{iq-go</em></span> <span class='ocrx_word' id='word_1_43' title='bbox 1603 551 1775 618; x_wconf 40' lang='grc' dir='ltr'><em>Πὶιαὶᾙξῑ</em></span> 
     </span>
    </p>
   </div>
   <div class='ocr_carea' id='block_1_7' title="bbox 184 616 1443 675">
    <p class='ocr_par' dir='ltr' id='par_1_7' title="bbox 184 616 1443 675">
     <span class='ocr_line' id='line_1_8' title="bbox 184 616 1443 675; baseline -0.001 -13.999"><span class='ocrx_word' id='word_1_44' title='bbox 184 618 410 675; x_wconf 78' lang='grc' dir='ltr'><em>Ἀθηναίης</em></span> <span class='ocrx_word' id='word_1_45' title='bbox 443 617 489 660; x_wconf 80' lang='grc' dir='ltr'><em>ἐκ</em></span> <span class='ocrx_word' id='word_1_46' title='bbox 519 622 607 661; x_wconf 80' lang='grc' dir='ltr'><em>τῶν</em></span> <span class='ocrx_word' id='word_1_47' title='bbox 636 619 893 673; x_wconf 81' lang='grc' dir='ltr'><em>Λιβυσσέων</em></span> <span class='ocrx_word' id='word_1_48' title='bbox 926 616 1185 672; x_wconf 77' lang='grc' dir='ltr'><em>ἐποιήσαντο</em></span> <span class='ocrx_word' id='word_1_49' title='bbox 1225 620 1269 660; x_wconf 81' lang='grc' dir='ltr'><em>οἱ</em></span> <span class='ocrx_word' id='word_1_50' title='bbox 1293 618 1443 675; x_wconf 53' lang='lat' dir='ltr'><em>‘&#39;Ema-</em></span> 
     </span>
    </p>
   </div>
   <div class='ocr_carea' id='block_1_8' title="bbox 155 688 1499 885">
    <p class='ocr_par' dir='ltr' id='par_1_8' title="bbox 155 688 1499 885">
     <span class='ocr_line' id='line_1_9' title="bbox 155 688 1442 745; baseline 0.002 -15"><span class='ocrx_word' id='word_1_51' title='bbox 155 695 269 739; x_wconf 71' lang='grc' dir='ltr'><em>Ξνες.</em></span> <span class='ocrx_word' id='word_1_52' title='bbox 324 688 437 744; x_wconf 75' lang='grc' dir='ltr'><em>πλὴν</em></span> <span class='ocrx_word' id='word_1_53' title='bbox 473 689 555 744; x_wconf 75' lang='grc' dir='ltr'><em>γάρ</em></span> <span class='ocrx_word' id='word_1_54' title='bbox 585 689 612 744; x_wconf 76' lang='grc' dir='ltr'><em>ἢ</em></span> <span class='ocrx_word' id='word_1_55' title='bbox 644 689 709 732; x_wconf 81' lang='grc' dir='ltr'><em>ὅτι</em></span> <span class='ocrx_word' id='word_1_56' title='bbox 740 691 917 745; x_wconf 86' lang='grc' dir='ltr'><em>σκυτίνη</em></span> <span class='ocrx_word' id='word_1_57' title='bbox 950 688 975 745; x_wconf 84' lang='grc' dir='ltr'><em>ἡ</em></span> <span class='ocrx_word' id='word_1_58' title='bbox 1009 689 1139 745; x_wconf 77' lang='grc' dir='ltr'><em>ἐσθής</em></span> <span class='ocrx_word' id='word_1_59' title='bbox 1166 693 1254 732; x_wconf 82' lang='grc' dir='ltr'><em>τῶν</em></span> <span class='ocrx_word' id='word_1_60' title='bbox 1284 692 1442 745; x_wconf 88' lang='grc' dir='ltr'><em>Λιβυσ-</em></span> 
     </span>
     <span class='ocr_line' id='line_1_10' title="bbox 184 759 1442 815; baseline 0 -13"><span class='ocrx_word' id='word_1_61' title='bbox 184 759 294 803; x_wconf 87' lang='grc' dir='ltr'><em>σέων</em></span> <span class='ocrx_word' id='word_1_62' title='bbox 329 759 437 811; x_wconf 85' lang='grc' dir='ltr'><em>έστὶ,</em></span> <span class='ocrx_word' id='word_1_63' title='bbox 475 760 548 802; x_wconf 87' lang='grc' dir='ltr'><em>καὶ</em></span> <span class='ocrx_word' id='word_1_64' title='bbox 589 763 632 804; x_wconf 83' lang='grc' dir='ltr'><em>οἱ</em></span> <span class='ocrx_word' id='word_1_65' title='bbox 665 760 856 804; x_wconf 80' lang='grc' dir='ltr'><em>θύσανοι</em></span> <span class='ocrx_word' id='word_1_66' title='bbox 886 762 929 803; x_wconf 80' lang='grc' dir='ltr'><em>οἱ</em></span> <span class='ocrx_word' id='word_1_67' title='bbox 966 760 1012 803; x_wconf 79' lang='grc' dir='ltr'><em>ἐκ</em></span> <span class='ocrx_word' id='word_1_68' title='bbox 1041 765 1128 803; x_wconf 76' lang='grc' dir='ltr'><em>τῶν</em></span> <span class='ocrx_word' id='word_1_69' title='bbox 1159 761 1338 815; x_wconf 80' lang='grc' dir='ltr'><em>αἰγίδων</em></span> <span class='ocrx_word' id='word_1_70' title='bbox 1368 759 1442 803; x_wconf 84' lang='grc' dir='ltr'><em>αὐ-</em></span> 
     </span>
     <span class='ocr_line' id='line_1_11' title="bbox 181 829 1499 885; baseline -0.001 -13"><span class='ocrx_word' id='word_1_71' title='bbox 181 835 279 885; x_wconf 84' lang='grc' dir='ltr'><em>τῇσι</em></span> <span class='ocrx_word' id='word_1_72' title='bbox 318 829 401 873; x_wconf 82' lang='grc' dir='ltr'><em>οὐκ</em></span> <span class='ocrx_word' id='word_1_73' title='bbox 436 829 560 885; x_wconf 80' lang='grc' dir='ltr'><em>ὅφιές</em></span> <span class='ocrx_word' id='word_1_74' title='bbox 597 832 700 883; x_wconf 85' lang='grc' dir='ltr'><em>εἰσι,</em></span> <span class='ocrx_word' id='word_1_75' title='bbox 744 829 849 874; x_wconf 77' lang='grc' dir='ltr'><em>ἀλλὰ</em></span> <span class='ocrx_word' id='word_1_76' title='bbox 890 829 1127 885; x_wconf 78' lang='grc' dir='ltr'><em>ἱμάντινοι·</em></span> <span class='ocrx_word' id='word_1_77' title='bbox 1175 830 1227 873; x_wconf 76' lang='grc' dir='ltr'><em>τοὶ</em></span> <span class='ocrx_word' id='word_1_78' title='bbox 1259 831 1304 873; x_wconf 80' lang='grc' dir='ltr'><em>δὲ</em></span> <span class='ocrx_word' id='word_1_79' title='bbox 1335 832 1499 874; x_wconf 83' lang='grc' dir='ltr'><em>ἄλλα65</em></span> 
     </span>
    </p>
   </div>
   <div class='ocr_carea' id='block_1_9' title="bbox 152 900 905 944">
    <p class='ocr_par' dir='ltr' id='par_1_9' title="bbox 152 900 905 944">
     <span class='ocr_line' id='line_1_12' title="bbox 152 900 905 944; baseline 0 -2"><span class='ocrx_word' id='word_1_80' title='bbox 152 900 328 944; x_wconf 63' lang='lat' dir='ltr'><em>amima</em></span> <span class='ocrx_word' id='word_1_81' title='bbox 365 900 474 944; x_wconf 75' lang='grc' dir='ltr'><em>κατὰ</em></span> <span class='ocrx_word' id='word_1_82' title='bbox 514 900 654 944; x_wconf 75' lang='grc' dir='ltr'><em>τώυτὸ</em></span> <span class='ocrx_word' id='word_1_83' title='bbox 695 901 905 944; x_wconf 78' lang='grc' dir='ltr'><em>ἔσταλται.</em></span> 
     </span>
    </p>
   </div>
   <div class='ocr_carea' id='block_1_10' title="bbox 969 899 1442 955">
    <p class='ocr_par' dir='ltr' id='par_1_10' title="bbox 969 899 1442 955">
     <span class='ocr_line' id='line_1_13' title="bbox 969 899 1442 955; baseline 0.006 -12"><span class='ocrx_word' id='word_1_84' title='bbox 969 901 1041 943; x_wconf 81' lang='grc' dir='ltr'><em>καὶ</em></span> <span class='ocrx_word' id='word_1_85' title='bbox 1080 899 1133 955; x_wconf 81' lang='grc' dir='ltr'><em>δή</em></span> <span class='ocrx_word' id='word_1_86' title='bbox 1172 902 1246 943; x_wconf 86' lang='grc' dir='ltr'><em>καὶ</em></span> <span class='ocrx_word' id='word_1_87' title='bbox 1281 901 1330 945; x_wconf 81' lang='grc' dir='ltr'><em>τὸ</em></span> <span class='ocrx_word' id='word_1_88' title='bbox 1370 901 1442 945; x_wconf 80' lang='grc' dir='ltr'><em>οὔ·</em></span> 
     </span>
    </p>
   </div>
   <div class='ocr_carea' id='block_1_11' title="bbox 179 968 1444 1027">
    <p class='ocr_par' dir='ltr' id='par_1_11' title="bbox 179 968 1444 1027">
     <span class='ocr_line' id='line_1_14' title="bbox 179 968 1444 1027; baseline 0.002 -14"><span class='ocrx_word' id='word_1_89' title='bbox 179 987 295 1025; x_wconf 90' lang='grc' dir='ltr'><em>νομα</em></span> <span class='ocrx_word' id='word_1_90' title='bbox 331 972 603 1026; x_wconf 79' lang='grc' dir='ltr'><em>κατηγορέει,</em></span> <span class='ocrx_word' id='word_1_91' title='bbox 644 972 708 1015; x_wconf 85' lang='grc' dir='ltr'><em>ὅτι</em></span> <span class='ocrx_word' id='word_1_92' title='bbox 741 973 786 1015; x_wconf 82' lang='grc' dir='ltr'><em>ἐκ</em></span> <span class='ocrx_word' id='word_1_93' title='bbox 815 970 980 1026; x_wconf 85' lang='grc' dir='ltr'><em>Λιβύης</em></span> <span class='ocrx_word' id='word_1_94' title='bbox 1010 970 1104 1025; x_wconf 79' lang='grc' dir='ltr'><em>ἥκει</em></span> <span class='ocrx_word' id='word_1_95' title='bbox 1133 968 1159 1024; x_wconf 84' lang='grc' dir='ltr'><strong><em>ἡ</em></strong></span> <span class='ocrx_word' id='word_1_96' title='bbox 1194 973 1324 1027; x_wconf 76' lang='grc' dir='ltr'><em>στολή</em></span> <span class='ocrx_word' id='word_1_97' title='bbox 1355 977 1444 1015; x_wconf 76' lang='grc' dir='ltr'><em>τῶν</em></span> 
     </span>
    </p>
   </div>
   <div class='ocr_carea' id='block_1_12' title="bbox 183 1043 466 1084">
    <p class='ocr_par' dir='ltr' id='par_1_12' title="bbox 183 1043 466 1084">
     <span class='ocr_line' id='line_1_15' title="bbox 183 1043 466 1084; baseline 0.004 -1"><span class='ocrx_word' id='word_1_98' title='bbox 183 1043 444 1084; x_wconf 89' lang='grc' dir='ltr'><em>Παλλαδίων</em></span> <span class='ocrx_word' id='word_1_99' title='bbox 456 1058 466 1067; x_wconf 91' lang='grc'><em>·</em></span> 
     </span>
    </p>
   </div>
   <div class='ocr_carea' id='block_1_13' title="bbox 130 1151 405 1156">
    <p class='ocr_par' dir='ltr' id='par_1_13' title="bbox 130 1151 405 1156">
     <span class='ocr_line' id='line_1_16' title="bbox 130 1151 405 1156; baseline 0 0"><span class='ocrx_word' id='word_1_100' title='bbox 130 1151 405 1156; x_wconf 95' lang='lat' dir='ltr'><em> </em></span> 
     </span>
    </p>
   </div>
   <div class='ocr_carea' id='block_1_14' title="bbox 124 1223 784 1277">
    <p class='ocr_par' dir='ltr' id='par_1_14' title="bbox 124 1223 784 1277">
     <span class='ocr_line' id='line_1_17' title="bbox 124 1223 784 1277; baseline 0.002 -16"><span class='ocrx_word' id='word_1_101' title='bbox 124 1229 287 1277; x_wconf 81' lang='lat' dir='ltr'><strong>praestat</strong></span> <span class='ocrx_word' id='word_1_102' title='bbox 316 1226 352 1262; x_wconf 86' lang='lat' dir='ltr'><em>in</em></span> <span class='ocrx_word' id='word_1_103' title='bbox 380 1223 513 1262; x_wconf 82' lang='lat' dir='ltr'><em>talibus</em></span> <span class='ocrx_word' id='word_1_104' title='bbox 537 1224 640 1274; x_wconf 84' lang='lat' dir='ltr'>sequi</span> <span class='ocrx_word' id='word_1_105' title='bbox 662 1224 784 1262; x_wconf 84' lang='lat' dir='ltr'>Hero-</span> 
     </span>
    </p>
   </div>
   <div class='ocr_carea' id='block_1_15' title="bbox 119 1282 782 2103">
    <p class='ocr_par' dir='ltr' id='par_1_15' title="bbox 124 1282 640 1387">
     <span class='ocr_line' id='line_1_18' title="bbox 124 1282 402 1319; baseline -0.004 0"><span class='ocrx_word' id='word_1_106' title='bbox 124 1283 203 1319; x_wconf 83' lang='lat' dir='ltr'>doti</span> <span class='ocrx_word' id='word_1_107' title='bbox 222 1282 402 1318; x_wconf 58' lang='lat' dir='ltr'><em>indiciam.</em></span> 
     </span>
     <span class='ocr_line' id='line_1_19' title="bbox 257 1337 640 1387; baseline -0.003 -13"><span class='ocrx_word' id='word_1_108' title='bbox 257 1338 288 1374; x_wconf 92' lang='lat' dir='ltr'>C</span> <span class='ocrx_word' id='word_1_109' title='bbox 302 1351 322 1374; x_wconf 90' lang='lat' dir='ltr'><strong>a</strong></span> <span class='ocrx_word' id='word_1_110' title='bbox 338 1351 373 1387; x_wconf 87' lang='lat' dir='ltr'><em>p.</em></span> <span class='ocrx_word' id='word_1_111' title='bbox 405 1337 640 1374; x_wconf 84' lang='lat' dir='ltr'>CLXXXIX.</span> 
     </span>
    </p>

    <p class='ocr_par' dir='ltr' id='par_1_16' title="bbox 119 1391 782 2103">
     <span class='ocr_line' id='line_1_20' title="bbox 185 1391 779 1444; baseline 0.002 -13"><span class='ocrx_word' id='word_1_112' title='bbox 185 1391 267 1443; x_wconf 60' lang='grc' dir='ltr'><em>Τήν</em></span> <span class='ocrx_word' id='word_1_113' title='bbox 290 1392 332 1432; x_wconf 82' lang='grc' dir='ltr'><em>δὲ</em></span> <span class='ocrx_word' id='word_1_114' title='bbox 352 1391 429 1443; x_wconf 71' lang='grc' dir='ltr'><em>ἄρα</em></span> <span class='ocrx_word' id='word_1_115' title='bbox 449 1393 603 1443; x_wconf 74' lang='grc' dir='ltr'><em>ἐσθῆτα</em></span> <span class='ocrx_word' id='word_1_116' title='bbox 627 1409 661 1432; x_wconf 82' lang='grc' dir='ltr'><em>κ.</em></span> <span class='ocrx_word' id='word_1_117' title='bbox 680 1408 709 1431; x_wconf 90' lang='grc' dir='ltr'><em>τ.</em></span> <span class='ocrx_word' id='word_1_118' title='bbox 729 1393 779 1444; x_wconf 89' lang='grc' dir='ltr'><em>λ.]</em></span> 
     </span>
     <span class='ocr_line' id='line_1_21' title="bbox 123 1449 780 1500; baseline -0.002 -13"><span class='ocrx_word' id='word_1_119' title='bbox 123 1449 227 1487; x_wconf 90' lang='lat' dir='ltr'>Citat</span> <span class='ocrx_word' id='word_1_120' title='bbox 249 1450 414 1487; x_wconf 86' lang='lat' dir='ltr'><em>Eustath.</em></span> <span class='ocrx_word' id='word_1_121' title='bbox 433 1450 480 1485; x_wconf 85' lang='lat' dir='ltr'><em>ad</em></span> <span class='ocrx_word' id='word_1_122' title='bbox 501 1450 539 1487; x_wconf 88' lang='lat' dir='ltr'><em>ll.</em></span> <span class='ocrx_word' id='word_1_123' title='bbox 562 1464 600 1500; x_wconf 89' lang='lat' dir='ltr'><em>p.</em></span> <span class='ocrx_word' id='word_1_124' title='bbox 613 1453 708 1495; x_wconf 87' lang='grc'><em>602,</em></span> <span class='ocrx_word' id='word_1_125' title='bbox 727 1450 780 1491; x_wconf 80' lang='grc'><em>45</em></span> 
     </span>
     <span class='ocr_line' id='line_1_22' title="bbox 124 1506 782 1554; baseline 0.002 -13"><span class='ocrx_word' id='word_1_126' title='bbox 124 1519 152 1542; x_wconf 92' lang='grc'><em>5.</em></span> <span class='ocrx_word' id='word_1_127' title='bbox 172 1506 267 1551; x_wconf 79' lang='grc'><em>459,</em></span> <span class='ocrx_word' id='word_1_128' title='bbox 292 1510 327 1546; x_wconf 83' lang='grc'><em>1.</em></span> <span class='ocrx_word' id='word_1_129' title='bbox 376 1506 442 1542; x_wconf 78' lang='lat' dir='ltr'><em>Est</em></span> <span class='ocrx_word' id='word_1_130' title='bbox 464 1519 570 1552; x_wconf 80' lang='lat' dir='ltr'>vero,</span> <span class='ocrx_word' id='word_1_131' title='bbox 611 1507 710 1554; x_wconf 87' lang='lat' dir='ltr'>quod</span> <span class='ocrx_word' id='word_1_132' title='bbox 733 1507 782 1543; x_wconf 87' lang='lat' dir='ltr'><em>ad</em></span> 
     </span>
     <span class='ocr_line' id='line_1_23' title="bbox 122 1562 781 1612; baseline 0 -14"><span class='ocrx_word' id='word_1_133' title='bbox 122 1564 313 1610; x_wconf 76' lang='lat' dir='ltr'>sequentia</span> <span class='ocrx_word' id='word_1_134' title='bbox 336 1563 488 1608; x_wconf 78' lang='lat' dir='ltr'>attinet,</span> <span class='ocrx_word' id='word_1_135' title='bbox 518 1562 605 1598; x_wconf 83' lang='lat' dir='ltr'>haec</span> <span class='ocrx_word' id='word_1_136' title='bbox 627 1563 781 1612; x_wconf 87' lang='lat' dir='ltr'><em>scripto-</em></span> 
     </span>
     <span class='ocr_line' id='line_1_24' title="bbox 120 1619 781 1667; baseline 0.002 -13"><span class='ocrx_word' id='word_1_137' title='bbox 120 1619 169 1654; x_wconf 85' lang='lat' dir='ltr'><em>ris</em></span> <span class='ocrx_word' id='word_1_138' title='bbox 190 1619 386 1655; x_wconf 77' lang='lat' dir='ltr'><em>sententia:</em></span> <span class='ocrx_word' id='word_1_139' title='bbox 407 1625 662 1667; x_wconf 80' lang='lat' dir='ltr'>praeterquam</span> <span class='ocrx_word' id='word_1_140' title='bbox 681 1619 781 1666; x_wconf 81' lang='lat' dir='ltr'>qnod</span> 
     </span>
     <span class='ocr_line' id='line_1_25' title="bbox 119 1673 780 1724; baseline -0.002 -13"><span class='ocrx_word' id='word_1_141' title='bbox 119 1673 271 1724; x_wconf 82' lang='lat' dir='ltr'>pellicea</span> <span class='ocrx_word' id='word_1_142' title='bbox 301 1674 536 1722; x_wconf 79' lang='lat' dir='ltr'><em>Libyssarum</em></span> <span class='ocrx_word' id='word_1_143' title='bbox 568 1678 622 1711; x_wconf 87' lang='lat' dir='ltr'><em>est</em></span> <span class='ocrx_word' id='word_1_144' title='bbox 654 1675 780 1720; x_wconf 85' lang='lat' dir='ltr'><em>vestis,</em></span> 
     </span>
     <span class='ocr_line' id='line_1_26' title="bbox 120 1730 780 1779; baseline 0.003 -13"><span class='ocrx_word' id='word_1_145' title='bbox 120 1730 286 1767; x_wconf 88' lang='lat' dir='ltr'>fimbriae</span> <span class='ocrx_word' id='word_1_146' title='bbox 315 1743 462 1779; x_wconf 85' lang='lat' dir='ltr'>quoque</span> <span class='ocrx_word' id='word_1_147' title='bbox 493 1743 536 1767; x_wconf 87' lang='lat' dir='ltr'>ex</span> <span class='ocrx_word' id='word_1_148' title='bbox 557 1730 695 1767; x_wconf 87' lang='lat' dir='ltr'>illarum</span> <span class='ocrx_word' id='word_1_149' title='bbox 717 1743 780 1768; x_wconf 82' lang='lat' dir='ltr'><em>ae-</em></span> 
     </span>
     <span class='ocr_line' id='line_1_27' title="bbox 120 1784 778 1836; baseline 0.002 -14"><span class='ocrx_word' id='word_1_150' title='bbox 120 1787 266 1835; x_wconf 87' lang='lat' dir='ltr'><em>gidibus</em></span> <span class='ocrx_word' id='word_1_151' title='bbox 298 1787 346 1833; x_wconf 87' lang='lat' dir='ltr'><em>(s.</em></span> <span class='ocrx_word' id='word_1_152' title='bbox 366 1786 570 1822; x_wconf 70' lang='lat' dir='ltr'>thoracibus</span> <span class='ocrx_word' id='word_1_153' title='bbox 602 1784 778 1836; x_wconf 78' lang='lat' dir='ltr'>caprinis)</span> 
     </span>
     <span class='ocr_line' id='line_1_28' title="bbox 120 1844 778 1891; baseline 0.002 -13"><span class='ocrx_word' id='word_1_154' title='bbox 120 1855 320 1891; x_wconf 77' lang='lat' dir='ltr'><strong>suspensae</strong></span> <span class='ocrx_word' id='word_1_155' title='bbox 344 1855 417 1879; x_wconf 89' lang='lat' dir='ltr'><em>non</em></span> <span class='ocrx_word' id='word_1_156' title='bbox 443 1855 579 1890; x_wconf 80' lang='lat' dir='ltr'>angues</span> <span class='ocrx_word' id='word_1_157' title='bbox 610 1847 694 1879; x_wconf 82' lang='lat' dir='ltr'><em>sunt</em></span> <span class='ocrx_word' id='word_1_158' title='bbox 716 1844 778 1891; x_wconf 83' lang='lat' dir='ltr'><em>(ut</em></span> 
     </span>
     <span class='ocr_line' id='line_1_29' title="bbox 120 1898 777 1947; baseline 0.003 -13"><span class='ocrx_word' id='word_1_159' title='bbox 120 1899 156 1934; x_wconf 92' lang='lat' dir='ltr'><em>in</em></span> <span class='ocrx_word' id='word_1_160' title='bbox 181 1898 271 1944; x_wconf 83' lang='lat' dir='ltr'><em>illis,</em></span> <span class='ocrx_word' id='word_1_161' title='bbox 312 1911 402 1947; x_wconf 87' lang='lat' dir='ltr'><strong>quas</strong></span> <span class='ocrx_word' id='word_1_162' title='bbox 427 1899 559 1935; x_wconf 84' lang='lat' dir='ltr'>Graeci</span> <span class='ocrx_word' id='word_1_163' title='bbox 590 1899 777 1936; x_wconf 81' lang='lat' dir='ltr'>Minervae</span> 
     </span>
     <span class='ocr_line' id='line_1_30' title="bbox 120 1954 775 2000; baseline 0.002 -9"><span class='ocrx_word' id='word_1_164' title='bbox 120 1955 303 2000; x_wconf 83' lang='lat' dir='ltr'><em>addunt),</em></span> <span class='ocrx_word' id='word_1_165' title='bbox 326 1956 391 1991; x_wconf 90' lang='lat' dir='ltr'><em>sed</em></span> <span class='ocrx_word' id='word_1_166' title='bbox 408 1967 428 1990; x_wconf 89' lang='lat' dir='ltr'>e</span> <span class='ocrx_word' id='word_1_167' title='bbox 446 1954 532 1991; x_wconf 88' lang='lat' dir='ltr'>loris</span> <span class='ocrx_word' id='word_1_168' title='bbox 549 1955 686 2000; x_wconf 79' lang='lat' dir='ltr'><em>factae3</em></span> <span class='ocrx_word' id='word_1_169' title='bbox 717 1968 775 1992; x_wconf 89' lang='lat' dir='ltr'>re-</span> 
     </span>
     <span class='ocr_line' id='line_1_31' title="bbox 119 2009 778 2058; baseline 0.003 -13"><span class='ocrx_word' id='word_1_170' title='bbox 119 2009 218 2058; x_wconf 83' lang='lat' dir='ltr'>liqua</span> <span class='ocrx_word' id='word_1_171' title='bbox 251 2023 336 2048; x_wconf 82' lang='lat' dir='ltr'>vero</span> <span class='ocrx_word' id='word_1_172' title='bbox 371 2011 492 2046; x_wconf 84' lang='lat' dir='ltr'><em>omnia</em></span> <span class='ocrx_word' id='word_1_173' title='bbox 533 2011 660 2047; x_wconf 84' lang='lat' dir='ltr'>eodem</span> <span class='ocrx_word' id='word_1_174' title='bbox 694 2014 778 2047; x_wconf 83' lang='lat' dir='ltr'><em>sunt</em></span> 
     </span>
     <span class='ocr_line' id='line_1_32' title="bbox 119 2066 777 2103; baseline 0.002 -1"><span class='ocrx_word' id='word_1_175' title='bbox 119 2067 293 2103; x_wconf 83' lang='lat' dir='ltr'>instructa</span> <span class='ocrx_word' id='word_1_176' title='bbox 329 2067 451 2103; x_wconf 71' lang='lat' dir='ltr'><em>modo.</em></span> <span class='ocrx_word' id='word_1_177' title='bbox 509 2066 671 2103; x_wconf 78' lang='lat' dir='ltr'>Pertinet</span> <span class='ocrx_word' id='word_1_178' title='bbox 707 2067 777 2103; x_wconf 86' lang='lat' dir='ltr'><em>huc</em></span> 
     </span>
    </p>
   </div>
   <div class='ocr_carea' id='block_1_16' title="bbox 56 2119 776 2173">
    <p class='ocr_par' dir='ltr' id='par_1_17' title="bbox 56 2119 776 2173">
     <span class='ocr_line' id='line_1_33' title="bbox 56 2119 776 2173; baseline 0.003 -15"><span class='ocrx_word' id='word_1_179' title='bbox 56 2149 58 2153; x_wconf 69' lang='lat'>,</span> <span class='ocrx_word' id='word_1_180' title='bbox 121 2122 256 2159; x_wconf 78' lang='lat' dir='ltr'><em>Glossa</em></span> <span class='ocrx_word' id='word_1_181' title='bbox 275 2123 508 2159; x_wconf 77' lang='lat' dir='ltr'>Herodotea:</span> <span class='ocrx_word' id='word_1_182' title='bbox 553 2121 692 2173; x_wconf 80' lang='grc' dir='ltr'><em>Αἰγὶς,</em></span> <span class='ocrx_word' id='word_1_183' title='bbox 722 2119 776 2172; x_wconf 74' lang='grc' dir='ltr'><em>ἣν</em></span> 
     </span>
    </p>
   </div>
   <div class='ocr_carea' id='block_1_17' title="bbox 118 2179 778 2901">
    <p class='ocr_par' dir='ltr' id='par_1_18' title="bbox 118 2179 778 2901">
     <span class='ocr_line' id='line_1_34' title="bbox 119 2179 776 2228; baseline -0.002 -12"><span class='ocrx_word' id='word_1_184' title='bbox 119 2179 272 2228; x_wconf 76' lang='grc' dir='ltr'><em>Λίβυες</em></span> <span class='ocrx_word' id='word_1_185' title='bbox 295 2180 341 2224; x_wconf 85' lang='grc'><em>(5.</em></span> <span class='ocrx_word' id='word_1_186' title='bbox 360 2179 586 2227; x_wconf 79' lang='grc' dir='ltr'><em>Λίβυσσαι,</em></span> <span class='ocrx_word' id='word_1_187' title='bbox 617 2183 656 2214; x_wconf 90' lang='lat' dir='ltr'><em>ut</em></span> <span class='ocrx_word' id='word_1_188' title='bbox 676 2179 776 2228; x_wconf 86' lang='lat' dir='ltr'><strong>apud</strong></span> 
     </span>
     <span class='ocr_line' id='line_1_35' title="bbox 118 2234 777 2284; baseline 0.003 -13"><span class='ocrx_word' id='word_1_189' title='bbox 118 2234 277 2283; x_wconf 70' lang='lat' dir='ltr'>Hesych.</span> <span class='ocrx_word' id='word_1_190' title='bbox 297 2234 309 2270; x_wconf 99' lang='grc' dir='ltr'>Ι</span> <span class='ocrx_word' id='word_1_191' title='bbox 331 2247 364 2283; x_wconf 69' lang='grc' dir='ltr'><em>Ι),</em></span> <span class='ocrx_word' id='word_1_192' title='bbox 391 2235 489 2281; x_wconf 80' lang='grc'>140)</span> <span class='ocrx_word' id='word_1_193' title='bbox 516 2236 686 2284; x_wconf 75' lang='grc' dir='ltr'><em>φοροῦσι</em></span> <span class='ocrx_word' id='word_1_194' title='bbox 713 2235 777 2273; x_wconf 94' lang='grc' dir='ltr'><em>δο-</em></span> 
     </span>
     <span class='ocr_line' id='line_1_36' title="bbox 119 2287 776 2339; baseline 0 -11"><span class='ocrx_word' id='word_1_195' title='bbox 119 2287 207 2339; x_wconf 72' lang='grc' dir='ltr'><em>ραν.</em></span> <span class='ocrx_word' id='word_1_196' title='bbox 238 2291 393 2326; x_wconf 84' lang='lat' dir='ltr'><strong>Addunt</strong></span> <span class='ocrx_word' id='word_1_197' title='bbox 414 2290 548 2327; x_wconf 82' lang='lat' dir='ltr'>Menrs.</span> <span class='ocrx_word' id='word_1_198' title='bbox 571 2290 776 2328; x_wconf 84' lang='lat' dir='ltr'><em>Lectt.Att.</em></span> 
     </span>
     <span class='ocr_line' id='line_1_37' title="bbox 118 2346 774 2394; baseline 0 -11"><span class='ocrx_word' id='word_1_199' title='bbox 118 2346 184 2394; x_wconf 77' lang='lat' dir='ltr'><em>VI,</em></span> <span class='ocrx_word' id='word_1_200' title='bbox 205 2349 267 2386; x_wconf 90' lang='lat'><em>10.</em></span> <span class='ocrx_word' id='word_1_201' title='bbox 298 2347 451 2383; x_wconf 83' lang='lat' dir='ltr'>Diodor.</span> <span class='ocrx_word' id='word_1_202' title='bbox 475 2347 582 2383; x_wconf 84' lang='lat' dir='ltr'>Sicul.</span> <span class='ocrx_word' id='word_1_203' title='bbox 611 2347 679 2394; x_wconf 83' lang='grc' dir='ltr'><em>ΙΙΙ,</em></span> <span class='ocrx_word' id='word_1_204' title='bbox 709 2346 774 2386; x_wconf 82' lang='grc'><em>49.</em></span> 
     </span>
     <span class='ocr_line' id='line_1_38' title="bbox 119 2403 775 2454; baseline -0.002 -15"><span class='ocrx_word' id='word_1_205' title='bbox 119 2403 251 2452; x_wconf 85' lang='lat' dir='ltr'>Itaque</span> <span class='ocrx_word' id='word_1_206' title='bbox 285 2416 351 2453; x_wconf 88' lang='lat' dir='ltr'><em>pro</em></span> <span class='ocrx_word' id='word_1_207' title='bbox 387 2404 467 2441; x_wconf 78' lang='grc' dir='ltr'><em>τῶν</em></span> <span class='ocrx_word' id='word_1_208' title='bbox 492 2403 656 2454; x_wconf 83' lang='grc' dir='ltr'><em>αἰγίδων</em></span> <span class='ocrx_word' id='word_1_209' title='bbox 678 2403 775 2439; x_wconf 82' lang='lat' dir='ltr'><em>haud</em></span> 
     </span>
     <span class='ocr_line' id='line_1_39' title="bbox 119 2457 774 2509; baseline 0.003 -15"><span class='ocrx_word' id='word_1_210' title='bbox 119 2460 369 2507; x_wconf 82' lang='lat' dir='ltr'>reponendum</span> <span class='ocrx_word' id='word_1_211' title='bbox 395 2461 475 2497; x_wconf 79' lang='grc' dir='ltr'><em>τῶν</em></span> <span class='ocrx_word' id='word_1_212' title='bbox 503 2457 657 2509; x_wconf 82' lang='grc' dir='ltr'><em>αἰγέων.</em></span> <span class='ocrx_word' id='word_1_213' title='bbox 715 2459 774 2496; x_wconf 85' lang='lat' dir='ltr'><em>Ad</em></span> 
     </span>
     <span class='ocr_line' id='line_1_40' title="bbox 119 2514 775 2561; baseline 0.005 -12"><span class='ocrx_word' id='word_1_214' title='bbox 119 2526 242 2552; x_wconf 84' lang='lat' dir='ltr'>vocem</span> <span class='ocrx_word' id='word_1_215' title='bbox 273 2514 450 2553; x_wconf 77' lang='grc' dir='ltr'><em>ἔσταλται</em></span> <span class='ocrx_word' id='word_1_216' title='bbox 476 2517 571 2552; x_wconf 87' lang='lat' dir='ltr'>conf.</span> <span class='ocrx_word' id='word_1_217' title='bbox 602 2516 676 2561; x_wconf 74' lang='grc' dir='ltr'><em>ΙΙΙ,</em></span> <span class='ocrx_word' id='word_1_218' title='bbox 712 2516 775 2556; x_wconf 81' lang='grc'><em>14.</em></span> 
     </span>
     <span class='ocr_line' id='line_1_41' title="bbox 120 2567 775 2621; baseline 0.006 -16"><span class='ocrx_word' id='word_1_219' title='bbox 120 2570 206 2615; x_wconf 64' lang='lat' dir='ltr'><em>VH,</em></span> <span class='ocrx_word' id='word_1_220' title='bbox 248 2573 312 2609; x_wconf 93' lang='grc'><em>62.</em></span> <span class='ocrx_word' id='word_1_221' title='bbox 341 2573 407 2612; x_wconf 84' lang='lat'><em>93.</em></span> <span class='ocrx_word' id='word_1_222' title='bbox 467 2571 556 2608; x_wconf 89' lang='lat' dir='ltr'>Inde</span> <span class='ocrx_word' id='word_1_223' title='bbox 593 2569 621 2620; x_wconf 81' lang='grc' dir='ltr'><em>ἦ</em></span> <span class='ocrx_word' id='word_1_224' title='bbox 657 2567 775 2621; x_wconf 84' lang='grc' dir='ltr'><em>στολή</em></span> 
     </span>
     <span class='ocr_line' id='line_1_42' title="bbox 120 2626 775 2665; baseline 0.003 -4"><span class='ocrx_word' id='word_1_225' title='bbox 120 2626 266 2661; x_wconf 76' lang='lat' dir='ltr'>omnino</span> <span class='ocrx_word' id='word_1_226' title='bbox 293 2627 339 2664; x_wconf 89' lang='lat' dir='ltr'>de</span> <span class='ocrx_word' id='word_1_227' title='bbox 359 2628 456 2663; x_wconf 72' lang='lat' dir='ltr'><em>cultu</em></span> <span class='ocrx_word' id='word_1_228' title='bbox 481 2640 509 2664; x_wconf 90' lang='grc'><em>5.</em></span> <span class='ocrx_word' id='word_1_229' title='bbox 532 2630 659 2664; x_wconf 73' lang='lat' dir='ltr'><em>vestitu</em></span> <span class='ocrx_word' id='word_1_230' title='bbox 683 2628 775 2665; x_wconf 87' lang='lat' dir='ltr'>acci-</span> 
     </span>
     <span class='ocr_line' id='line_1_43' title="bbox 122 2679 778 2731; baseline 0.005 -15"><span class='ocrx_word' id='word_1_231' title='bbox 122 2681 307 2731; x_wconf 87' lang='lat' dir='ltr'>piendum.</span> <span class='ocrx_word' id='word_1_232' title='bbox 340 2679 548 2722; x_wconf 76' lang='grc' dir='ltr'><em>Παλλάδια</em></span> <span class='ocrx_word' id='word_1_233' title='bbox 567 2684 623 2721; x_wconf 89' lang='lat' dir='ltr'><em>hic</em></span> <span class='ocrx_word' id='word_1_234' title='bbox 645 2683 778 2720; x_wconf 83' lang='lat' dir='ltr'>intelli-</span> 
     </span>
     <span class='ocr_line' id='line_1_44' title="bbox 122 2735 776 2784; baseline 0.008 -13"><span class='ocrx_word' id='word_1_235' title='bbox 122 2750 171 2784; x_wconf 86' lang='lat' dir='ltr'><em>go</em></span> <span class='ocrx_word' id='word_1_236' title='bbox 201 2735 388 2774; x_wconf 65' lang='lat' dir='ltr'><em>Minervae</em></span> <span class='ocrx_word' id='word_1_237' title='bbox 411 2739 610 2776; x_wconf 79' lang='lat' dir='ltr'><em>simulacra.</em></span> <span class='ocrx_word' id='word_1_238' title='bbox 670 2740 776 2776; x_wconf 82' lang='lat' dir='ltr'><em>Conf.</em></span> 
     </span>
     <span class='ocr_line' id='line_1_45' title="bbox 122 2792 778 2843; baseline 0.005 -14"><span class='ocrx_word' id='word_1_239' title='bbox 122 2792 263 2829; x_wconf 80' lang='lat' dir='ltr'>Miiller.</span> <span class='ocrx_word' id='word_1_240' title='bbox 288 2792 437 2831; x_wconf 82' lang='lat' dir='ltr'><em>Handb.</em></span> <span class='ocrx_word' id='word_1_241' title='bbox 458 2796 523 2832; x_wconf 88' lang='lat' dir='ltr'>der</span> <span class='ocrx_word' id='word_1_242' title='bbox 541 2795 778 2843; x_wconf 82' lang='lat' dir='ltr'><em>Archaeolog.</em></span> 
     </span>
     <span class='ocr_line' id='line_1_46' title="bbox 123 2848 778 2901; baseline 0.002 -12"><span class='ocrx_word' id='word_1_243' title='bbox 123 2860 161 2899; x_wconf 86' lang='lat' dir='ltr'><em>p-</em></span> <span class='ocrx_word' id='word_1_244' title='bbox 179 2848 284 2896; x_wconf 77' lang='lat'><strong>482,</strong></span> <span class='ocrx_word' id='word_1_245' title='bbox 324 2849 386 2887; x_wconf 92' lang='lat' dir='ltr'><em>ubi</em></span> <span class='ocrx_word' id='word_1_246' title='bbox 418 2851 529 2889; x_wconf 81' lang='lat' dir='ltr'>etiam</span> <span class='ocrx_word' id='word_1_247' title='bbox 559 2853 606 2891; x_wconf 88' lang='lat' dir='ltr'>de</span> <span class='ocrx_word' id='word_1_248' title='bbox 631 2852 778 2901; x_wconf 73' lang='lat' dir='ltr'><em>Aegide.</em></span> 
     </span>
    </p>
   </div>
   <div class='ocr_carea' id='block_1_18' title="bbox 526 1039 1444 1098">
    <p class='ocr_par' dir='ltr' id='par_1_19' title="bbox 526 1039 1444 1098">
     <span class='ocr_line' id='line_1_47' title="bbox 526 1039 1444 1098; baseline 0.002 -14"><span class='ocrx_word' id='word_1_249' title='bbox 526 1042 670 1097; x_wconf 86' lang='grc' dir='ltr'><em>αἰγέας</em></span> <span class='ocrx_word' id='word_1_250' title='bbox 707 1041 791 1098; x_wconf 81' lang='grc' dir='ltr'><em>γοὲρ</em></span> <span class='ocrx_word' id='word_1_251' title='bbox 820 1039 1156 1098; x_wconf 80' lang='grc' dir='ltr'><em>περιβάλλονται</em></span> <span class='ocrx_word' id='word_1_252' title='bbox 1184 1041 1313 1094; x_wconf 82' lang='grc' dir='ltr'><em>ψιλοὶς</em></span> <span class='ocrx_word' id='word_1_253' title='bbox 1345 1043 1444 1098; x_wconf 87' lang='grc' dir='ltr'><em>περὶ</em></span> 
     </span>
    </p>
   </div>
   <div class='ocr_carea' id='block_1_19' title="bbox 830 1224 1497 2300">
    <p class='ocr_par' dir='ltr' id='par_1_20' title="bbox 830 1224 1497 2285">
     <span class='ocr_line' id='line_1_48' title="bbox 839 1224 1496 1276; baseline 0.003 -14"><span class='ocrx_word' id='word_1_254' title='bbox 839 1224 901 1262; x_wconf 90' lang='lat' dir='ltr'><em>Tu</em></span> <span class='ocrx_word' id='word_1_255' title='bbox 929 1225 1014 1261; x_wconf 88' lang='lat' dir='ltr'><strong>add.</strong></span> <span class='ocrx_word' id='word_1_256' title='bbox 1044 1224 1217 1262; x_wconf 85' lang='lat' dir='ltr'>Creuzer.</span> <span class='ocrx_word' id='word_1_257' title='bbox 1239 1224 1364 1273; x_wconf 81' lang='lat' dir='ltr'><strong>Symb.</strong></span> <span class='ocrx_word' id='word_1_258' title='bbox 1394 1224 1430 1261; x_wconf 91' lang='lat' dir='ltr'><em>II</em></span> <span class='ocrx_word' id='word_1_259' title='bbox 1457 1239 1496 1276; x_wconf 89' lang='lat' dir='ltr'><em>p.</em></span> 
     </span>
     <span class='ocr_line' id='line_1_49' title="bbox 840 1280 1496 1330; baseline 0 -11"><span class='ocrx_word' id='word_1_260' title='bbox 840 1280 933 1322; x_wconf 82' lang='lat'><strong>642.</strong></span> <span class='ocrx_word' id='word_1_261' title='bbox 965 1281 1014 1317; x_wconf 77' lang='lat' dir='ltr'><em>IV</em></span> <span class='ocrx_word' id='word_1_262' title='bbox 1034 1294 1068 1330; x_wconf 88' lang='lat' dir='ltr'><em>p.</em></span> <span class='ocrx_word' id='word_1_263' title='bbox 1091 1280 1172 1321; x_wconf 80' lang='lat'><em>424</em></span> <span class='ocrx_word' id='word_1_264' title='bbox 1192 1293 1291 1329; x_wconf 55' lang='lat' dir='ltr'>seq„</span> <span class='ocrx_word' id='word_1_265' title='bbox 1321 1281 1381 1330; x_wconf 90' lang='lat' dir='ltr'><em>qui</em></span> <span class='ocrx_word' id='word_1_266' title='bbox 1399 1294 1496 1319; x_wconf 89' lang='lat' dir='ltr'>nunc</span> 
     </span>
     <span class='ocr_line' id='line_1_50' title="bbox 839 1336 1495 1385; baseline 0 -11"><span class='ocrx_word' id='word_1_267' title='bbox 839 1337 994 1374; x_wconf 86' lang='lat' dir='ltr'>conferri</span> <span class='ocrx_word' id='word_1_268' title='bbox 1025 1336 1101 1374; x_wconf 88' lang='lat' dir='ltr'>vult</span> <span class='ocrx_word' id='word_1_269' title='bbox 1122 1337 1312 1385; x_wconf 87' lang='lat' dir='ltr'>Millingen</span> <span class='ocrx_word' id='word_1_270' title='bbox 1337 1337 1495 1374; x_wconf 86' lang='lat' dir='ltr'>Ancient</span> 
     </span>
     <span class='ocr_line' id='line_1_51' title="bbox 839 1393 1492 1442; baseline 0.002 -13"><span class='ocrx_word' id='word_1_271' title='bbox 839 1394 1013 1430; x_wconf 76' lang='lat' dir='ltr'>unedited</span> <span class='ocrx_word' id='word_1_272' title='bbox 1045 1393 1282 1430; x_wconf 86' lang='lat' dir='ltr'>Monuments</span> <span class='ocrx_word' id='word_1_273' title='bbox 1321 1393 1492 1442; x_wconf 87' lang='lat' dir='ltr'><strong>(Vases)</strong></span> 
     </span>
     <span class='ocr_line' id='line_1_52' title="bbox 838 1445 1493 1500; baseline 0.002 -14"><span class='ocrx_word' id='word_1_274' title='bbox 838 1450 893 1487; x_wconf 90' lang='lat' dir='ltr'><em>Pl.</em></span> <span class='ocrx_word' id='word_1_275' title='bbox 912 1450 978 1500; x_wconf 85' lang='lat' dir='ltr'><em>lp.</em></span> <span class='ocrx_word' id='word_1_276' title='bbox 1000 1451 1024 1489; x_wconf 80' lang='grc'>3</span> <span class='ocrx_word' id='word_1_277' title='bbox 1047 1453 1085 1486; x_wconf 89' lang='lat' dir='ltr'>et</span> <span class='ocrx_word' id='word_1_278' title='bbox 1102 1450 1150 1486; x_wconf 86' lang='lat' dir='ltr'><em>ad</em></span> <span class='ocrx_word' id='word_1_279' title='bbox 1173 1445 1351 1488; x_wconf 79' lang='grc' dir='ltr'><em>θύσανοι</em></span> <span class='ocrx_word' id='word_1_280' title='bbox 1376 1450 1493 1487; x_wconf 88' lang='lat' dir='ltr'>Hein-</span> 
     </span>
     <span class='ocr_line' id='line_1_53' title="bbox 838 1505 1491 1546; baseline -0.002 -4"><span class='ocrx_word' id='word_1_281' title='bbox 838 1506 923 1542; x_wconf 88' lang='lat' dir='ltr'>rich.</span> <span class='ocrx_word' id='word_1_282' title='bbox 955 1505 1002 1542; x_wconf 88' lang='lat' dir='ltr'><em>ad</em></span> <span class='ocrx_word' id='word_1_283' title='bbox 1028 1506 1181 1542; x_wconf 87' lang='lat' dir='ltr'>Hesiod.</span> <span class='ocrx_word' id='word_1_284' title='bbox 1203 1506 1302 1543; x_wconf 87' lang='lat' dir='ltr'>Seut.</span> <span class='ocrx_word' id='word_1_285' title='bbox 1324 1519 1375 1542; x_wconf 83' lang='lat' dir='ltr'><em>vs.</em></span> <span class='ocrx_word' id='word_1_286' title='bbox 1398 1507 1491 1546; x_wconf 82' lang='grc'><em>233,</em></span> 
     </span>
     <span class='ocr_line' id='line_1_54' title="bbox 838 1561 1497 1612; baseline 0.003 -14"><span class='ocrx_word' id='word_1_287' title='bbox 838 1561 900 1599; x_wconf 90' lang='lat' dir='ltr'><em>Tu</em></span> <span class='ocrx_word' id='word_1_288' title='bbox 912 1562 1009 1598; x_wconf 77' lang='lat' dir='ltr'><em>adde</em></span> <span class='ocrx_word' id='word_1_289' title='bbox 1029 1563 1077 1598; x_wconf 83' lang='lat' dir='ltr'><em>sis</em></span> <span class='ocrx_word' id='word_1_290' title='bbox 1095 1575 1243 1610; x_wconf 89' lang='lat' dir='ltr'>quoque</span> <span class='ocrx_word' id='word_1_291' title='bbox 1254 1562 1497 1612; x_wconf 83' lang='lat' dir='ltr'><em>Pach.Voya-</em></span> 
     </span>
     <span class='ocr_line' id='line_1_55' title="bbox 837 1617 1401 1667; baseline 0 -12"><span class='ocrx_word' id='word_1_292' title='bbox 837 1631 885 1666; x_wconf 85' lang='lat' dir='ltr'><em>ge</em></span> <span class='ocrx_word' id='word_1_293' title='bbox 904 1622 971 1654; x_wconf 87' lang='lat' dir='ltr'>etc.</span> <span class='ocrx_word' id='word_1_294' title='bbox 996 1630 1080 1667; x_wconf 91' lang='lat' dir='ltr'><strong>pag.</strong></span> <span class='ocrx_word' id='word_1_295' title='bbox 1103 1620 1181 1658; x_wconf 86' lang='grc'><em>221</em></span> <span class='ocrx_word' id='word_1_296' title='bbox 1205 1617 1283 1654; x_wconf 81' lang='lat' dir='ltr'>coll.</span> <span class='ocrx_word' id='word_1_297' title='bbox 1304 1618 1401 1658; x_wconf 81' lang='lat'><strong>243.</strong></span> 
     </span>
     <span class='ocr_line' id='line_1_56' title="bbox 895 1670 1497 1725; baseline 0.005 -14"><span class='ocrx_word' id='word_1_298' title='bbox 895 1672 1028 1724; x_wconf 84' lang='grc' dir='ltr'><em>αἰγέας</em></span> <span class='ocrx_word' id='word_1_299' title='bbox 1073 1670 1150 1725; x_wconf 64' lang='grc' dir='ltr'><em>γάρ</em></span> <span class='ocrx_word' id='word_1_300' title='bbox 1191 1670 1497 1724; x_wconf 80' lang='grc' dir='ltr'><em>περιβάλλονται</em></span> 
     </span>
     <span class='ocr_line' id='line_1_57' title="bbox 835 1728 1490 1780; baseline -0.002 -11"><span class='ocrx_word' id='word_1_301' title='bbox 835 1745 870 1769; x_wconf 84' lang='grc' dir='ltr'><em>κ.</em></span> <span class='ocrx_word' id='word_1_302' title='bbox 888 1745 920 1768; x_wconf 91' lang='grc' dir='ltr'><em>τ.</em></span> <span class='ocrx_word' id='word_1_303' title='bbox 940 1728 991 1780; x_wconf 89' lang='grc' dir='ltr'><em>λ.]</em></span> <span class='ocrx_word' id='word_1_304' title='bbox 1022 1730 1044 1766; x_wconf 89' lang='lat' dir='ltr'><em>i.</em></span> <span class='ocrx_word' id='word_1_305' title='bbox 1065 1743 1097 1767; x_wconf 87' lang='lat' dir='ltr'><em>e.</em></span> <span class='ocrx_word' id='word_1_306' title='bbox 1125 1742 1273 1779; x_wconf 76' lang='lat' dir='ltr'>namque</span> <span class='ocrx_word' id='word_1_307' title='bbox 1296 1730 1406 1780; x_wconf 77' lang='lat' dir='ltr'><em>pelles</em></span> <span class='ocrx_word' id='word_1_308' title='bbox 1428 1744 1490 1768; x_wconf 81' lang='grc' dir='ltr'><em>εα-</em></span> 
     </span>
     <span class='ocr_line' id='line_1_58' title="bbox 830 1786 1492 1837; baseline 0.002 -14"><span class='ocrx_word' id='word_1_309' title='bbox 830 1788 958 1837; x_wconf 77' lang='lat' dir='ltr'><em>prinas</em></span> <span class='ocrx_word' id='word_1_310' title='bbox 986 1786 1034 1834; x_wconf 87' lang='lat' dir='ltr'><em>(s.</em></span> <span class='ocrx_word' id='word_1_311' title='bbox 1062 1786 1227 1824; x_wconf 83' lang='lat' dir='ltr'>thoraces</span> <span class='ocrx_word' id='word_1_312' title='bbox 1259 1799 1280 1823; x_wconf 89' lang='lat' dir='ltr'>e</span> <span class='ocrx_word' id='word_1_313' title='bbox 1306 1786 1403 1836; x_wconf 88' lang='lat' dir='ltr'>pelle</span> <span class='ocrx_word' id='word_1_314' title='bbox 1429 1799 1492 1824; x_wconf 85' lang='lat' dir='ltr'><em>ca-</em></span> 
     </span>
     <span class='ocr_line' id='line_1_59' title="bbox 832 1844 1493 1894; baseline 0 -15"><span class='ocrx_word' id='word_1_315' title='bbox 832 1844 968 1894; x_wconf 82' lang='lat' dir='ltr'><em>prina)</em></span> <span class='ocrx_word' id='word_1_316' title='bbox 1002 1844 1093 1878; x_wconf 77' lang='lat' dir='ltr'>vesti</span> <span class='ocrx_word' id='word_1_317' title='bbox 1121 1856 1204 1879; x_wconf 79' lang='lat' dir='ltr'><em>suae</em></span> <span class='ocrx_word' id='word_1_318' title='bbox 1235 1844 1493 1880; x_wconf 71' lang='lat' dir='ltr'><em>circumiiciuut</em></span> 
     </span>
     <span class='ocr_line' id='line_1_60' title="bbox 833 1900 1490 1948; baseline 0 -13"><span class='ocrx_word' id='word_1_319' title='bbox 833 1900 965 1945; x_wconf 64' lang='grc' dir='ltr'><em>ιιιιιίαε,</em></span> <span class='ocrx_word' id='word_1_320' title='bbox 985 1900 1205 1948; x_wconf 60' lang='lat' dir='ltr'><em>fimbriata-c,</em></span> <span class='ocrx_word' id='word_1_321' title='bbox 1226 1900 1329 1935; x_wconf 62' lang='lat' dir='ltr'><em>rubia</em></span> <span class='ocrx_word' id='word_1_322' title='bbox 1346 1901 1490 1947; x_wconf 70' lang='lat' dir='ltr'><em>tinctas,</em></span> 
     </span>
     <span class='ocr_line' id='line_1_61' title="bbox 833 1954 1491 2005; baseline 0.002 -14"><span class='ocrx_word' id='word_1_323' title='bbox 833 1955 1008 2004; x_wconf 65' lang='lat' dir='ltr'><em>Libyssae</em></span> <span class='ocrx_word' id='word_1_324' title='bbox 1031 1955 1203 1992; x_wconf 66' lang='lat' dir='ltr'><em>mulieres.</em></span> <span class='ocrx_word' id='word_1_325' title='bbox 1261 1954 1314 1991; x_wconf 93' lang='lat' dir='ltr'><em>Ac</em></span> <span class='ocrx_word' id='word_1_326' title='bbox 1343 1960 1491 2005; x_wconf 86' lang='lat' dir='ltr'>praeter</span> 
     </span>
     <span class='ocr_line' id='line_1_62' title="bbox 833 2010 1487 2060; baseline 0.003 -14"><span class='ocrx_word' id='word_1_327' title='bbox 833 2010 1000 2048; x_wconf 88' lang='lat' dir='ltr'><em>Eustath.</em></span> <span class='ocrx_word' id='word_1_328' title='bbox 1022 2010 1045 2047; x_wconf 91' lang='lat' dir='ltr'><em>l.</em></span> <span class='ocrx_word' id='word_1_329' title='bbox 1064 2012 1087 2047; x_wconf 92' lang='lat' dir='ltr'><em>l.</em></span> <span class='ocrx_word' id='word_1_330' title='bbox 1111 2014 1148 2048; x_wconf 92' lang='lat' dir='ltr'>et</span> <span class='ocrx_word' id='word_1_331' title='bbox 1165 2011 1382 2060; x_wconf 87' lang='lat' dir='ltr'><em>Harpocrat.</em></span> <span class='ocrx_word' id='word_1_332' title='bbox 1402 2024 1430 2047; x_wconf 87' lang='grc'><em>5.</em></span> <span class='ocrx_word' id='word_1_333' title='bbox 1453 2024 1487 2049; x_wconf 89' lang='lat' dir='ltr'><em>v.</em></span> 
     </span>
     <span class='ocr_line' id='line_1_63' title="bbox 834 2065 1486 2117; baseline -0.002 -13"><span class='ocrx_word' id='word_1_334' title='bbox 834 2067 949 2117; x_wconf 81' lang='grc' dir='ltr'><em>Αἰγίς</em></span> <span class='ocrx_word' id='word_1_335' title='bbox 980 2065 1036 2116; x_wconf 87' lang='lat' dir='ltr'><em>[p.</em></span> <span class='ocrx_word' id='word_1_336' title='bbox 1069 2069 1119 2106; x_wconf 92' lang='lat' dir='ltr'><em>lO</em></span> <span class='ocrx_word' id='word_1_337' title='bbox 1146 2065 1199 2103; x_wconf 89' lang='grc' dir='ltr'><em>Μ.</em></span> <span class='ocrx_word' id='word_1_338' title='bbox 1234 2079 1272 2116; x_wconf 83' lang='lat' dir='ltr'><em>p.</em></span> <span class='ocrx_word' id='word_1_339' title='bbox 1306 2070 1331 2107; x_wconf 89' lang='grc'>8</span> <span class='ocrx_word' id='word_1_340' title='bbox 1361 2065 1486 2117; x_wconf 87' lang='lat' dir='ltr'><strong>Lips]</strong></span> 
     </span>
     <span class='ocr_line' id='line_1_64' title="bbox 832 2121 1486 2174; baseline 0 -15"><span class='ocrx_word' id='word_1_341' title='bbox 832 2122 903 2159; x_wconf 86' lang='lat' dir='ltr'><em>huc</em></span> <span class='ocrx_word' id='word_1_342' title='bbox 928 2123 1091 2174; x_wconf 73' lang='lat' dir='ltr'>pertinet</span> <span class='ocrx_word' id='word_1_343' title='bbox 1114 2122 1268 2159; x_wconf 89' lang='lat' dir='ltr'>Diodori</span> <span class='ocrx_word' id='word_1_344' title='bbox 1299 2121 1396 2160; x_wconf 84' lang='lat' dir='ltr'>locus</span> <span class='ocrx_word' id='word_1_345' title='bbox 1420 2122 1486 2169; x_wconf 91' lang='grc' dir='ltr'><em>ΙΙΙ,</em></span> 
     </span>
     <span class='ocr_line' id='line_1_65' title="bbox 833 2173 1487 2229; baseline -0.003 -10"><span class='ocrx_word' id='word_1_346' title='bbox 833 2179 910 2219; x_wconf 84' lang='grc'><em>48;</em></span> <span class='ocrx_word' id='word_1_347' title='bbox 950 2176 1040 2217; x_wconf 83' lang='grc' dir='ltr'><em>οὔτε</em></span> <span class='ocrx_word' id='word_1_348' title='bbox 1061 2176 1213 2229; x_wconf 84' lang='grc' dir='ltr'><em>ημέρου</em></span> <span class='ocrx_word' id='word_1_349' title='bbox 1236 2178 1389 2228; x_wconf 86' lang='grc' dir='ltr'><em>διαίτης</em></span> <span class='ocrx_word' id='word_1_350' title='bbox 1406 2173 1487 2218; x_wconf 87' lang='grc' dir='ltr'><em>ουτ’</em></span> 
     </span>
     <span class='ocr_line' id='line_1_66' title="bbox 832 2230 1486 2300; baseline 0.002 -27"><span class='ocrx_word' id='word_1_351' title='bbox 832 2234 1006 2285; x_wconf 76' lang='grc' dir='ltr'><em>ἐσθῆτος</em></span> <span class='ocrx_word' id='word_1_352' title='bbox 1024 2233 1272 2300; x_wconf 82' lang='grc' dir='ltr'><em>μετέχουσιν,</em></span> <span class='ocrx_word' id='word_1_353' title='bbox 1302 2230 1400 2273; x_wconf 70' lang='grc' dir='ltr'><em>ἄλλα</em></span> <span class='ocrx_word' id='word_1_354' title='bbox 1420 2235 1486 2274; x_wconf 84' lang='grc' dir='ltr'><em>δο-</em></span> 
     </span>
    </p>
   </div>
   <div class='ocr_carea' id='block_1_20' title="bbox 833 2287 1555 2343">
    <p class='ocr_par' dir='ltr' id='par_1_21' title="bbox 833 2287 1555 2343">
     <span class='ocr_line' id='line_1_67' title="bbox 833 2287 1555 2343; baseline 0 -14"><span class='ocrx_word' id='word_1_355' title='bbox 833 2295 921 2343; x_wconf 82' lang='grc' dir='ltr'><em>ραῖς</em></span> <span class='ocrx_word' id='word_1_356' title='bbox 939 2291 1063 2342; x_wconf 84' lang='grc' dir='ltr'><em>αἰγων</em></span> <span class='ocrx_word' id='word_1_357' title='bbox 1082 2287 1316 2337; x_wconf 80' lang='grc' dir='ltr'><em>σκεπάζουσι</em></span> <span class='ocrx_word' id='word_1_358' title='bbox 1339 2287 1387 2329; x_wconf 74' lang='grc' dir='ltr'><em>τὰ</em></span> <span class='ocrx_word' id='word_1_359' title='bbox 1408 2287 1487 2330; x_wconf 67' lang='lat'><em>602¹-</em></span> <span class='ocrx_word' id='word_1_360' title='bbox 1528 2320 1532 2324; x_wconf 71' lang='grc'><em>.</em></span> <span class='ocrx_word' id='word_1_361' title='bbox 1553 2321 1555 2323; x_wconf 49' lang='lat'>&gt;</span> 
     </span>
    </p>
   </div>
   <div class='ocr_carea' id='block_1_21' title="bbox 830 2347 1490 2903">
    <p class='ocr_par' dir='ltr' id='par_1_22' title="bbox 830 2347 1490 2903">
     <span class='ocr_line' id='line_1_68' title="bbox 833 2347 1490 2398; baseline 0 -13"><span class='ocrx_word' id='word_1_362' title='bbox 833 2363 947 2398; x_wconf 88' lang='grc' dir='ltr'><em>ματα.</em></span> <span class='ocrx_word' id='word_1_363' title='bbox 997 2348 1070 2384; x_wconf 90' lang='lat' dir='ltr'><em>Ubi</em></span> <span class='ocrx_word' id='word_1_364' title='bbox 1098 2347 1317 2396; x_wconf 82' lang='lat' dir='ltr'>Wesseling.</span> <span class='ocrx_word' id='word_1_365' title='bbox 1345 2352 1383 2385; x_wconf 89' lang='lat' dir='ltr'>et</span> <span class='ocrx_word' id='word_1_366' title='bbox 1417 2348 1490 2385; x_wconf 83' lang='lat' dir='ltr'><em>alia</em></span> 
     </span>
     <span class='ocr_line' id='line_1_69' title="bbox 832 2404 1490 2454; baseline -0.002 -13"><span class='ocrx_word' id='word_1_367' title='bbox 832 2404 952 2441; x_wconf 81' lang='lat' dir='ltr'>attulit</span> <span class='ocrx_word' id='word_1_368' title='bbox 980 2404 1187 2441; x_wconf 84' lang='lat' dir='ltr'><em>testimonia</em></span> <span class='ocrx_word' id='word_1_369' title='bbox 1216 2408 1253 2442; x_wconf 84' lang='lat' dir='ltr'>et</span> <span class='ocrx_word' id='word_1_370' title='bbox 1274 2404 1490 2454; x_wconf 72' lang='lat' dir='ltr'><em>Hippocrat.</em></span> 
     </span>
     <span class='ocr_line' id='line_1_70' title="bbox 830 2460 1489 2510; baseline -0.003 -13"><span class='ocrx_word' id='word_1_371' title='bbox 830 2460 888 2497; x_wconf 90' lang='lat' dir='ltr'>De</span> <span class='ocrx_word' id='word_1_372' title='bbox 904 2460 1017 2497; x_wconf 90' lang='lat' dir='ltr'>morb.</span> <span class='ocrx_word' id='word_1_373' title='bbox 1038 2473 1127 2498; x_wconf 83' lang='lat' dir='ltr'><em>sacr.</em></span> <span class='ocrx_word' id='word_1_374' title='bbox 1149 2473 1233 2510; x_wconf 89' lang='lat' dir='ltr'><strong>pag.</strong></span> <span class='ocrx_word' id='word_1_375' title='bbox 1254 2462 1334 2500; x_wconf 79' lang='lat'><em>326</em></span> <span class='ocrx_word' id='word_1_376' title='bbox 1357 2472 1441 2509; x_wconf 85' lang='lat' dir='ltr'><strong>pag.</strong></span> <span class='ocrx_word' id='word_1_377' title='bbox 1463 2461 1489 2500; x_wconf 89' lang='lat'>8</span> 
     </span>
     <span class='ocr_line' id='line_1_71' title="bbox 830 2516 1489 2565; baseline -0.002 -12"><span class='ocrx_word' id='word_1_378' title='bbox 830 2516 974 2564; x_wconf 60' lang='lat' dir='ltr'>Dietz„</span> <span class='ocrx_word' id='word_1_379' title='bbox 1014 2516 1075 2565; x_wconf 85' lang='lat' dir='ltr'><em>qui</em></span> <span class='ocrx_word' id='word_1_380' title='bbox 1094 2517 1130 2552; x_wconf 87' lang='lat' dir='ltr'><em>in</em></span> <span class='ocrx_word' id='word_1_381' title='bbox 1147 2522 1224 2553; x_wconf 89' lang='lat' dir='ltr'><em>not.</em></span> <span class='ocrx_word' id='word_1_382' title='bbox 1245 2529 1282 2565; x_wconf 91' lang='lat' dir='ltr'><em>p.</em></span> <span class='ocrx_word' id='word_1_383' title='bbox 1312 2517 1389 2556; x_wconf 88' lang='grc'><em>136</em></span> <span class='ocrx_word' id='word_1_384' title='bbox 1410 2516 1489 2552; x_wconf 88' lang='lat' dir='ltr'>He-</span> 
     </span>
     <span class='ocr_line' id='line_1_72' title="bbox 831 2571 1489 2610; baseline -0.003 -1"><span class='ocrx_word' id='word_1_385' title='bbox 831 2573 975 2610; x_wconf 83' lang='lat' dir='ltr'>rodotei</span> <span class='ocrx_word' id='word_1_386' title='bbox 1002 2571 1070 2609; x_wconf 93' lang='lat' dir='ltr'>loci</span> <span class='ocrx_word' id='word_1_387' title='bbox 1097 2585 1169 2609; x_wconf 92' lang='lat' dir='ltr'><em>non</em></span> <span class='ocrx_word' id='word_1_388' title='bbox 1200 2572 1267 2609; x_wconf 85' lang='lat' dir='ltr'>fuit</span> <span class='ocrx_word' id='word_1_389' title='bbox 1288 2572 1489 2609; x_wconf 87' lang='lat' dir='ltr'>immemor.</span> 
     </span>
     <span class='ocr_line' id='line_1_73' title="bbox 832 2626 1486 2678; baseline -0.002 -13"><span class='ocrx_word' id='word_1_390' title='bbox 832 2628 925 2666; x_wconf 83' lang='lat' dir='ltr'><strong>Coll.</strong></span> <span class='ocrx_word' id='word_1_391' title='bbox 946 2627 1064 2678; x_wconf 85' lang='lat' dir='ltr'><strong>Apoll.</strong></span> <span class='ocrx_word' id='word_1_392' title='bbox 1093 2629 1213 2666; x_wconf 83' lang='lat' dir='ltr'>Rhod.</span> <span class='ocrx_word' id='word_1_393' title='bbox 1241 2627 1303 2672; x_wconf 89' lang='lat' dir='ltr'><em>lV,</em></span> <span class='ocrx_word' id='word_1_394' title='bbox 1331 2629 1394 2667; x_wconf 86' lang='lat'><em>13.</em></span> <span class='ocrx_word' id='word_1_395' title='bbox 1419 2626 1486 2667; x_wconf 77' lang='lat'><em>47.</em></span> 
     </span>
     <span class='ocr_line' id='line_1_74' title="bbox 833 2682 1489 2733; baseline -0.005 -12"><span class='ocrx_word' id='word_1_396' title='bbox 833 2684 892 2721; x_wconf 92' lang='lat' dir='ltr'>De</span> <span class='ocrx_word' id='word_1_397' title='bbox 910 2684 1137 2733; x_wconf 82' lang='lat' dir='ltr'>Cyrenaicae</span> <span class='ocrx_word' id='word_1_398' title='bbox 1155 2683 1278 2721; x_wconf 86' lang='lat' dir='ltr'>incolis</span> <span class='ocrx_word' id='word_1_399' title='bbox 1288 2682 1386 2720; x_wconf 83' lang='lat' dir='ltr'>Mela</span> <span class='ocrx_word' id='word_1_400' title='bbox 1402 2683 1489 2720; x_wconf 86' lang='lat' dir='ltr'>seri-</span> 
     </span>
     <span class='ocr_line' id='line_1_75' title="bbox 835 2738 1488 2788; baseline -0.003 -12"><span class='ocrx_word' id='word_1_401' title='bbox 835 2741 910 2786; x_wconf 86' lang='lat' dir='ltr'>bit,</span> <span class='ocrx_word' id='word_1_402' title='bbox 941 2741 970 2787; x_wconf 91' lang='lat' dir='ltr'><em>I,</em></span> <span class='ocrx_word' id='word_1_403' title='bbox 992 2743 1031 2787; x_wconf 87' lang='lat'><em>8,</em></span> <span class='ocrx_word' id='word_1_404' title='bbox 1053 2743 1105 2781; x_wconf 83' lang='lat'><em>26</em></span> <span class='ocrx_word' id='word_1_405' title='bbox 1118 2754 1127 2776; x_wconf 87' lang='lat'>:</span> <span class='ocrx_word' id='word_1_406' title='bbox 1168 2740 1370 2788; x_wconf 86' lang='lat' dir='ltr'>„primores</span> <span class='ocrx_word' id='word_1_407' title='bbox 1391 2738 1488 2787; x_wconf 84' lang='lat' dir='ltr'><strong>sagis</strong></span> 
     </span>
     <span class='ocr_line' id='line_1_76' title="bbox 835 2796 1489 2843; baseline -0.003 -10"><span class='ocrx_word' id='word_1_408' title='bbox 835 2796 1020 2843; x_wconf 85' lang='lat' dir='ltr'>velantur,</span> <span class='ocrx_word' id='word_1_409' title='bbox 1055 2796 1182 2843; x_wconf 78' lang='lat' dir='ltr'><strong>vulgus</strong></span> <span class='ocrx_word' id='word_1_410' title='bbox 1201 2796 1397 2832; x_wconf 82' lang='lat' dir='ltr'>bestiarum</span> <span class='ocrx_word' id='word_1_411' title='bbox 1423 2807 1489 2843; x_wconf 75' lang='grc' dir='ltr'><em>ρε-</em></span> 
     </span>
     <span class='ocr_line' id='line_1_77' title="bbox 835 2849 1488 2903; baseline -0.005 -13"><span class='ocrx_word' id='word_1_412' title='bbox 835 2853 1041 2903; x_wconf 88' lang='lat' dir='ltr'>cudumque</span> <span class='ocrx_word' id='word_1_413' title='bbox 1069 2852 1272 2903; x_wconf 73' lang='lat' dir='ltr'><em>peliibus.“</em></span> <span class='ocrx_word' id='word_1_414' title='bbox 1292 2872 1347 2878; x_wconf 91' lang='lat'><em>——</em></span> <span class='ocrx_word' id='word_1_415' title='bbox 1381 2849 1488 2902; x_wconf 79' lang='grc' dir='ltr'><em>ἔρευ-</em></span> 
     </span>
    </p>
   </div>
   <div class='ocr_carea' id='block_1_22' title="bbox 1501 333 1775 402">
    <p class='ocr_par' dir='ltr' id='par_1_23' title="bbox 1501 333 1775 402">
     <span class='ocr_line' id='line_1_78' title="bbox 1501 333 1775 369; baseline 0.015 -10"><span class='ocrx_word' id='word_1_416' title='bbox 1501 340 1550 369; x_wconf 80' lang='lat' dir='ltr'><em>va,</em></span> <span class='ocrx_word' id='word_1_417' title='bbox 1561 333 1669 362; x_wconf 73' lang='lat' dir='ltr'>Triton</span> <span class='ocrx_word' id='word_1_418' title='bbox 1679 334 1775 363; x_wconf 73' lang='lat' dir='ltr'>etNe-</span> 
     </span>
     <span class='ocr_line' id='line_1_79' title="bbox 1501 373 1622 402; baseline 0.017 -8"><span class='ocrx_word' id='word_1_419' title='bbox 1501 373 1533 402; x_wconf 78' lang='lat' dir='ltr'><em>pt</em></span> <span class='ocrx_word' id='word_1_420' title='bbox 1536 376 1622 396; x_wconf 75' lang='lat' dir='ltr'><strong>uuuuu</strong></span> 
     </span>
    </p>
   </div>
   <div class='ocr_carea' id='block_1_23' title="bbox 1500 616 1775 719">
    <p class='ocr_par' dir='ltr' id='par_1_24' title="bbox 1500 616 1775 719">
     <span class='ocr_line' id='line_1_80' title="bbox 1500 616 1760 657; baseline 0 -13"><span class='ocrx_word' id='word_1_421' title='bbox 1500 616 1588 657; x_wconf 35' lang='lat' dir='ltr'>‘item</span> <span class='ocrx_word' id='word_1_422' title='bbox 1579 625 1635 650; x_wconf 77' lang='lat' dir='ltr'><em>iqu</em></span> <span class='ocrx_word' id='word_1_423' title='bbox 1639 617 1702 643; x_wconf 70' lang='lat' dir='ltr'><em>mul</em></span> <span class='ocrx_word' id='word_1_424' title='bbox 1680 625 1760 651; x_wconf 69' lang='lat' dir='ltr'><em>rugas</em></span> 
     </span>
     <span class='ocr_line' id='line_1_81' title="bbox 1514 652 1775 677; baseline 0.004 -1"><span class='ocrx_word' id='word_1_425' title='bbox 1514 660 1548 676; x_wconf 82' lang='lat' dir='ltr'><em>uu</em></span> <span class='ocrx_word' id='word_1_426' title='bbox 1575 659 1607 676; x_wconf 74' lang='lat' dir='ltr'><em>cr</em></span> <span class='ocrx_word' id='word_1_427' title='bbox 1673 652 1717 676; x_wconf 65' lang='lat' dir='ltr'><em>iun</em></span> <span class='ocrx_word' id='word_1_428' title='bbox 1718 659 1775 677; x_wconf 83' lang='lat' dir='ltr'><em>eu-</em></span> 
     </span>
     <span class='ocr_line' id='line_1_82' title="bbox 1516 684 1747 719; baseline -0.004 -7"><span class='ocrx_word' id='word_1_429' title='bbox 1516 686 1548 712; x_wconf 83' lang='lat' dir='ltr'><em>tu</em></span> <span class='ocrx_word' id='word_1_430' title='bbox 1532 692 1578 712; x_wconf 91' lang='lat' dir='ltr'><em>um</em></span> <span class='ocrx_word' id='word_1_431' title='bbox 1593 684 1629 712; x_wconf 82' lang='lat' dir='ltr'><em>Li</em></span> <span class='ocrx_word' id='word_1_432' title='bbox 1621 684 1705 719; x_wconf 70' lang='lat' dir='ltr'>ibycu</span> <span class='ocrx_word' id='word_1_433' title='bbox 1708 692 1747 712; x_wconf 88' lang='lat' dir='ltr'><em>m.</em></span> 
     </span>
    </p>
   </div>
  </div>
 </body>
</html>
