1904 3304
438 253 522 293 502
835 249 1303 290 HERODOTI

438 362 526 404 τῶν
556 358 776 414 σφετέρων
806 357 973 414 οὔρων·
1011 358 1293 415 προλέγοντες
1320 358 1378 412 ὥς
1407 362 1443 405 εί
1471 361 1702 418 πειρήσον-

412 441 511 476 6ται
543 430 813 486 ἐσβαλόντες,
845 431 967 486 σφίσι
996 433 1144 485 πρῶτα
1174 430 1524 487 διαμαχήσονται.
1583 431 1702 487 Ἀγά-

440 508 605 555 θυρσοι
635 500 714 556 μὲν
743 502 1026 555 προείπαντες
1054 505 1210 553 ταῦτα,
1260 502 1473 557 ἐβοήθεον
1503 503 1570 546 ἐπὶ
1599 502 1704 553 τούς

415 571 637 626 7οὔρους,
667 569 840 626 ἐρύκειν
869 572 915 614 ἐν
933 577 997 630 νῷ
1028 573 1194 628 ἔχοντες
1221 571 1325 622 τοὺς
1357 571 1568 625 ἐπιόντας.
1620 578 1761 616 Με-25

443 644 695 697 λάγχλαινοι
734 643 779 685 δὲ
818 643 890 686 καὶ
924 642 1219 700 Ἀνδροφάγοι
1247 644 1320 686 καὶ
1350 645 1541 699 Νευροὶ,
1580 645 1705 699 ἐσβα-

442 715 610 757 λόντων
638 717 727 756 τῶν
758 714 962 769 Περσέων
993 716 1082 770 ἅμα
1109 715 1335 771 Σκύθῃσι,
1367 714 1466 757 οὔτε
1494 714 1604 768 πρὸς
1633 714 1707 758 ἀλ-

445 785 530 840 κὴν
558 783 822 838 ἐτράποντο,
854 786 1160 842 ἐπιλαθόμενοί
1188 803 1232 829 τε
1261 790 1336 842 τῆς
1354 785 1547 840 ἀπειλῆς,
1579 785 1710 840 ἔφευ-

445 872 528 911 γον
557 856 638 899 αἰεὶ
668 855 715 899 τὸ
746 856 854 910 πρὸς
895 859 1036 912 βορέω
1077 859 1118 909 ἐς
1158 858 1238 914 τὴν
1267 857 1430 913 ἐρῆμον
1459 855 1709 910 τεταραγμέ-

446 941 538 970 νοι·
581 928 625 969 οἵ
654 928 698 970 δὲ
717 927 896 972 Σκύθαι
926 929 968 980 ἐς
998 929 1076 985 μὲν
1105 929 1211 979 τούς
1239 927 1538 984 Ἀγαθύρσους
1566 925 1712 969 ου’κέτι

448 994 712 1049 ἀπείπαντας
743 998 1020 1044 ἀπικνέοντο·
1053 1001 1096 1043 οἱ
1127 1000 1172 1042 δὲ
1203 1000 1249 1043 ἐκ
1283 1003 1357 1056 τῆς
1387 1000 1603 1052 Νευρίδος
1631 996 1768 1054 χιό-30

450 1085 528 1124 ρης
555 1069 595 1119 ές
626 1070 704 1126 τήν
732 1071 945 1128 σφετέρην
974 1071 1237 1127 κατηγέοντο
1268 1076 1380 1114 τοῖσι
1411 1071 1617 1126 Πέρσῃσι.

552 1139 630 1190 ἳῼς
661 1140 707 1183 δὲ
736 1142 898 1185 πολλὸν
927 1147 1057 1186 τοῦτο
1087 1143 1270 1197 ἐγίνετο,
1300 1142 1373 1184 καὶ
1402 1140 1484 1185 οὐκ
1513 1139 1712 1192 ἐπαύετο,

449 1211 618 1265 πέμψας
647 1216 833 1267 Δαρεῖος
876 1213 1006 1256 ἱππέα
1034 1212 1153 1268 παροὲ
1182 1212 1260 1255 τὸν
1289 1211 1507 1255 Σκυθέων
1537 1211 1715 1268 βασιλέα

446 1280 755 1337 Ἰδάνθυρσον,
805 1284 918 1338 ἔλεγε
955 1284 1076 1328 τάδε·
1147 1282 1396 1340 ,,Δαιμόνιε
1434 1281 1632 1337 ἀνδρῶν,
1676 1283 1772 1325 τί35

453 1351 628 1409 φεύγεις
665 1355 768 1407 αἰεὶ,
837 1355 933 1409 ἐξόν
978 1372 1047 1399 τοι
1093 1357 1231 1399 τῶνδε
1280 1353 1333 1399 τοὶ
1372 1354 1496 1410 ἕτερα
1532 1354 1717 1405 ποιέειν;

1774 869 1855 910 336

287 1129 387 1175 126

121 1193 396 1230 Dariusldanthyr-

120 1236 183 1254 sum
202 1229 295 1263 poscit
306 1237 392 1263 prae-

120 1262 191 1288 lium
227 1266 280 1289 aut
311 1262 394 1290 dedi·

120 1295 241 1323 tionem.

400 1539 510 1577 verba
532 1539 567 1578 εἰ
584 1539 841 1591 πειρήσονται
861 1540 906 1577 cf.
921 1539 1056 1578 Matth.

1283 1541 1314 1578 C
1331 1552 1403 1591 ap.
1434 1538 1603 1577 CXXVI.

399 1610 435 1646 p.
459 1598 578 1637 1091.
611 1598 769 1634 Verbum
791 1593 1057 1647 διαμάχεσθαι

1167 1618 1236 1666 Ὡς
1257 1615 1297 1658 δὲ
1314 1615 1458 1657 πολλὸν
1476 1620 1593 1657 τοῦτο
1610 1616 1775 1670 ἐγίνετο,

401 1665 482 1689 cum
501 1653 662 1702 quadam
680 1654 712 1690 vi
731 1654 932 1690 adhibitum
953 1653 1057 1689 vide-

403 1712 483 1754 tur,
524 1713 561 1745 ut
583 1709 651 1754 lv,
683 1712 745 1750 11.
796 1710 868 1755 IX,
900 1707 966 1748 48.
991 1710 1058 1756 67,

403 1765 477 1814 qu&
502 1766 576 1802 sere
604 1771 680 1803 est:
725 1770 861 1803 strenue
882 1778 1060 1816 pugnare,

404 1821 589 1859 decertare.
620 1823 678 1859 Cf.
699 1823 794 1860 Plut.
814 1823 942 1860 Pericl.
965 1825 1032 1863 26.

461 1929 660 1984 ἐβοήθεον
685 1929 750 1972 ε’πὶ
781 1930 874 1980 τούς
898 1930 1060 1985 οὔρους]

406 1990 627 2039 Schweigh.:
665 1989 859 2039 „adfines
888 2003 973 2027 suae
1006 1990 1062 2026 cla·-

408 2048 513 2083 tz'onis
555 2049 697 2096 praesto
733 2045 896 2096 fuerunt.
909 2048 934 2067 ‘⁶
1001 2047 1064 2082 Sic

409 2103 579 2155 βοηθεῖν
600 2103 635 2148 Ι,
665 2105 729 2142 62.
769 2103 831 2152 VI,
855 2105 945 2145 103.
983 2102 1064 2148 VH,

411 2160 505 2207 158,
527 2159 623 2196 alibi.
677 2159 736 2196 Cf.
760 2160 880 2197 Sturz.
908 2160 945 2196 in
971 2158 1064 2196 Lex,

408 2216 576 2265 Xenoph.
600 2216 614 2252 Ι
634 2229 670 2266 p.
693 2214 775 2256 543
795 2230 872 2265 seq.
910 2212 1066 2264 ἐρύκειν

410 2273 570 2319 (arcere,
604 2273 813 2322 propellere)
842 2285 885 2310 ex
914 2272 1067 2309 Homeri

410 2341 476 2364 usu
489 2328 629 2364 videtur
647 2330 905 2378 repetendum3
932 2329 975 2365 cf.
992 2328 1066 2365 Od.

412 2383 442 2431 1,
467 2383 528 2424 14.
553 2384 615 2431 lv,
635 2385 728 2426 594.
754 2385 984 2432 11.xv,295
999 2389 1065 2422 etc.

464 2493 560 2546 πρὸς
581 2490 705 2545 ἀλκήν
724 2491 956 2547 ἐτράποντο]
987 2497 1010 2533 ἰ.
1035 2510 1066 2534 e.

415 2553 464 2589 (nl
482 2554 550 2589 vim
564 2553 843 2603 propulsandam
867 2567 901 2590 se
923 2566 1066 2590 conver-

416 2613 555 2654 terunt,
585 2614 627 2645 ut
645 2610 901 2659 iuterpretatur
911 2609 1066 2647 wessel.

413 2665 584 2703 nonnulla
604 2666 650 2703 de
674 2666 740 2702 hac
755 2666 899 2703 dicendi
917 2666 1070 2703 formula

414 2722 550 2768 citans,
590 2735 697 2771 quam
729 2722 910 2771 attigimus
947 2723 995 2759 ad
1024 2722 1069 2769 ΙΙ,

416 2776 482 2818 45.
528 2778 585 2815 De
616 2778 797 2828 particulis
832 2776 922 2817 οὔτε
951 2799 1007 2805 —-
1030 2792 1069 2817 τε

415 2835 459 2871 cf.
480 2834 541 2881 lv,
567 2835 629 2874 94.
676 2833 735 2871 Ad
760 2830 1003 2880 ἀπείπαντας
1024 2835 1068 2872 cf.

418 2889 482 2937 111,
496 2892 561 2939 53,
580 2891 638 2928 ubi
650 2890 752 2929 simili
765 2892 874 2930 modo
887 2887 1068 2938 ἀπείπας.

1115 1675 1181 1715 καὶ
1215 1673 1287 1714 οὐκ
1321 1671 1511 1724 ἐπαύετο]
1574 1676 1597 1711 i.
1625 1688 1655 1712 e.
1699 1687 1775 1711 cum.

1114 1734 1262 1770 mullum
1297 1732 1496 1768 traheretur
1526 1732 1687 1781 temporis
1718 1745 1777 1767 ue-

1120 1804 1184 1840 que
1226 1790 1317 1839 finis
1362 1791 1544 1838 appareret
1588 1791 1777 1836 perpetuae

1112 1845 1348 1897 profectionis.
1378 1866 1433 1871 —
1475 1844 1534 1881 De
1560 1842 1776 1894 Idaulleyrso

1120 1904 1216 1940 conf.
1238 1906 1331 1938 nott.
1349 1901 1397 1937 ad
1415 1900 1478 1948 lV,
1498 1902 1566 1941 76.

1178 1986 1387 2041 Δαιμόνιε]
1412 1990 1615 2038 Schweigh.
1637 1989 1777 2028 reddit:

1120 2050 1243 2094 miser,
1265 2049 1451 2084 miserrime
1469 2047 1663 2094 leontinum,
1690 2047 1780 2083 male

1114 2105 1247 2155 feriare
1286 2104 1391 2140 lemno.
1454 2103 1501 2139 At
1538 2103 1780 2154 compellandi

1121 2176 1164 2199 ac
1192 2161 1403 2198 blandiendi
1421 2159 1491 2196 vim
1513 2160 1647 2197 habere
1677 2160 1779 2195 vide-

1122 2223 1179 2255 tur
1198 2217 1324 2254 vocula
1343 2217 1565 2265 frequentius
1586 2217 1654 2253 hoc
1671 2227 1779 2252 sensu

1122 2274 1220 2325 apud
1258 2274 1447 2311 Platonem
1485 2273 1671 2319 adhibita3
1729 2272 1780 2308 de

1124 2344 1209 2380 qua,
1238 2343 1284 2367 ne
1305 2333 1429 2380 plura,
1460 2330 1552 2367 conf.
1568 2329 1778 2364 Buttmann.

1123 2388 1161 2424 in
1183 2387 1261 2423 lud,
1292 2386 1340 2422 ad
1370 2386 1461 2422 Plat.
1484 2385 1531 2421 lv
1559 2384 1721 2433 dialogg.
1743 2397 1780 2433 p.

1123 2445 1219 2484 226.
1245 2442 1360 2491 Gorg.
1387 2455 1423 2491 p.
1454 2439 1535 2482 489
1557 2441 1600 2478 C.
1633 2442 1713 2481 517
1736 2440 1780 2477 B.

1124 2504 1193 2537 ete.
1240 2498 1297 2535 Ex
1318 2499 1500 2543 Homero,
1532 2498 1684 2547 opinor,
1712 2498 1783 2533 ssu-

1123 2557 1197 2601 xit3
1228 2555 1320 2592 conf.
1344 2553 1382 2590 ΙΙ.
1406 2554 1451 2599 li,
1473 2555 1562 2594 190.
1603 2553 1666 2601 VI,
1686 2552 1781 2593 407.

1123 2610 1305 2661 Aristoph.
1324 2610 1389 2646 Av.
1415 2612 1496 2651 962
1515 2614 1550 2646 et
1569 2610 1686 2660 ipsum
1705 2609 1783 2646 He-

1125 2668 1244 2704 rodot.
1265 2667 1361 2713 vlu,
1391 2665 1455 2706 84.
1499 2665 1627 2715 Lange
1658 2665 1783 2703 reddi-

1126 2724 1201 2760 dit:
1252 2723 1298 2759 dn
1337 2722 1587 2759 u’nmlerlielwr
1621 2721 1782 2758 Illensch.

1125 2778 1236 2817 Italus
1257 2780 1455 2829 interpres:
1486 2779 1548 2825 „O
1564 2782 1782 2827 stravagan-

1127 2838 1258 2872 sissimo
1299 2835 1396 2883 degli
1434 2835 1602 2874 hominif‘
1631 2856 1685 2862 —
1722 2833 1781 2870 Ad

1127 2888 1217 2940 ἐξόν
1238 2891 1282 2930 cs.
1305 2892 1440 2929 Matth.
1458 2893 1523 2929 Gr.
1544 2892 1610 2930 Gr.
1631 2889 1666 2942 §.
1685 2890 1779 2932 564.
