<?xml version="1.0" encoding="UTF-8"?>
<!DOCTYPE html PUBLIC "-//W3C//DTD XHTML 1.0 Transitional//EN"
    "http://www.w3.org/TR/xhtml1/DTD/xhtml1-transitional.dtd">
<html xmlns="http://www.w3.org/1999/xhtml" xml:lang="en" lang="en">
 <head>
  <title>
</title>
<meta http-equiv="Content-Type" content="text/html;charset=utf-8" />
  <meta name='ocr-system' content='tesseract 3.04.00' />
  <meta name='ocr-capabilities' content='ocr_page ocr_carea ocr_par ocr_line ocrx_word'/>
</head>
<body>
  <div class='ocr_page' id='page_1' title='image "./musaeherodoto02hero/musaeherodoto02hero_0657.png"; bbox 0 0 1904 3304; ppageno 0'>
   <div class='ocr_carea' id='block_1_1' title="bbox 486 249 1667 296">
    <p class='ocr_par' dir='ltr' id='par_1_1' title="bbox 486 249 1667 296">
     <span class='ocr_line' id='line_1_1' title="bbox 486 249 1667 296; baseline 0.003 -8"><span class='ocrx_word' id='word_1_1' title='bbox 486 249 1351 296; x_wconf 82' lang='lat' dir='ltr'>ADHERODOT.111‚102.</span> <span class='ocrx_word' id='word_1_2' title='bbox 1582 251 1667 291; x_wconf 71' lang='lat'>649</span> 
     </span>
    </p>
   </div>
   <div class='ocr_carea' id='block_1_2' title="bbox 158 361 1673 2918">
    <p class='ocr_par' dir='ltr' id='par_1_2' title="bbox 158 361 1673 2918">
     <span class='ocr_line' id='line_1_2' title="bbox 163 361 1666 413; baseline -0.003 -10"><span class='ocrx_word' id='word_1_3' title='bbox 163 365 309 403; x_wconf 90' lang='lat' dir='ltr'>minime</span> <span class='ocrx_word' id='word_1_4' title='bbox 330 363 388 401; x_wconf 87' lang='lat' dir='ltr'>illa</span> <span class='ocrx_word' id='word_1_5' title='bbox 408 364 556 413; x_wconf 90' lang='lat' dir='ltr'>quidem</span> <span class='ocrx_word' id='word_1_6' title='bbox 573 364 831 402; x_wconf 85' lang='lat' dir='ltr'>confundenda</span> <span class='ocrx_word' id='word_1_7' title='bbox 851 375 930 400; x_wconf 90' lang='lat' dir='ltr'>cum</span> <span class='ocrx_word' id='word_1_8' title='bbox 948 362 1038 400; x_wconf 87' lang='lat' dir='ltr'>urbe</span> <span class='ocrx_word' id='word_1_9' title='bbox 1057 361 1233 411; x_wconf 85' lang='lat' dir='ltr'>Pehkely‚</span> <span class='ocrx_word' id='word_1_10' title='bbox 1258 373 1352 411; x_wconf 87' lang='lat' dir='ltr'>quae</span> <span class='ocrx_word' id='word_1_11' title='bbox 1369 361 1414 398; x_wconf 86' lang='lat' dir='ltr'>ab</span> <span class='ocrx_word' id='word_1_12' title='bbox 1431 362 1522 399; x_wconf 89' lang='lat' dir='ltr'>Indo</span> <span class='ocrx_word' id='word_1_13' title='bbox 1541 362 1666 413; x_wconf 89' lang='lat' dir='ltr'>procul</span> 
     </span>
     <span class='ocr_line' id='line_1_3' title="bbox 163 427 1667 479; baseline 0 -11"><span class='ocrx_word' id='word_1_14' title='bbox 163 433 200 469; x_wconf 92' lang='lat' dir='ltr'>in</span> <span class='ocrx_word' id='word_1_15' title='bbox 225 436 320 469; x_wconf 89' lang='lat' dir='ltr'>terra</span> <span class='ocrx_word' id='word_1_16' title='bbox 341 431 607 469; x_wconf 82' lang='lat' dir='ltr'>mediterranea</span> <span class='ocrx_word' id='word_1_17' title='bbox 630 433 699 468; x_wconf 89' lang='lat' dir='ltr'>suit</span> <span class='ocrx_word' id='word_1_18' title='bbox 726 433 806 469; x_wconf 86' lang='lat' dir='ltr'>sita.</span> <span class='ocrx_word' id='word_1_19' title='bbox 862 431 1020 468; x_wconf 89' lang='lat' dir='ltr'>Heeren.</span> <span class='ocrx_word' id='word_1_20' title='bbox 1048 429 1159 467; x_wconf 90' lang='lat' dir='ltr'>Ideen</span> <span class='ocrx_word' id='word_1_21' title='bbox 1180 429 1218 476; x_wconf 89' lang='grc' dir='ltr'>Ι,</span> <span class='ocrx_word' id='word_1_22' title='bbox 1255 432 1275 469; x_wconf 92' lang='grc'><strong>1</strong></span> <span class='ocrx_word' id='word_1_23' title='bbox 1306 442 1341 479; x_wconf 90' lang='lat' dir='ltr'>p.</span> <span class='ocrx_word' id='word_1_24' title='bbox 1364 427 1445 469; x_wconf 85' lang='lat'>355</span> <span class='ocrx_word' id='word_1_25' title='bbox 1462 442 1537 478; x_wconf 89' lang='lat' dir='ltr'>seq.</span> <span class='ocrx_word' id='word_1_26' title='bbox 1595 430 1667 468; x_wconf 86' lang='lat' dir='ltr'>Pa·</span> 
     </span>
     <span class='ocr_line' id='line_1_4' title="bbox 163 496 1666 549; baseline -0.001 -13"><span class='ocrx_word' id='word_1_27' title='bbox 163 500 314 548; x_wconf 84' lang='lat' dir='ltr'>ctyicam</span> <span class='ocrx_word' id='word_1_28' title='bbox 344 500 529 547; x_wconf 79' lang='lat' dir='ltr'><strong>regionem</strong></span> <span class='ocrx_word' id='word_1_29' title='bbox 561 512 681 549; x_wconf 90' lang='lat' dir='ltr'>neque</span> <span class='ocrx_word' id='word_1_30' title='bbox 711 500 748 536; x_wconf 91' lang='lat' dir='ltr'>in</span> <span class='ocrx_word' id='word_1_31' title='bbox 772 498 933 546; x_wconf 83' lang='lat' dir='ltr'>Pekhely</span> <span class='ocrx_word' id='word_1_32' title='bbox 961 500 1075 547; x_wconf 89' lang='lat' dir='ltr'>(quae</span> <span class='ocrx_word' id='word_1_33' title='bbox 1103 497 1327 534; x_wconf 86' lang='lat' dir='ltr'>Graecorum</span> <span class='ocrx_word' id='word_1_34' title='bbox 1359 500 1395 533; x_wconf 90' lang='lat' dir='ltr'>et</span> <span class='ocrx_word' id='word_1_35' title='bbox 1420 496 1666 534; x_wconf 86' lang='lat' dir='ltr'>Romanorum</span> 
     </span>
     <span class='ocr_line' id='line_1_5' title="bbox 158 563 1668 615; baseline -0.003 -11"><span class='ocrx_word' id='word_1_36' title='bbox 158 566 374 604; x_wconf 89' lang='lat' dir='ltr'>Peuceliotis</span> <span class='ocrx_word' id='word_1_37' title='bbox 397 567 488 613; x_wconf 88' lang='lat' dir='ltr'>fuit)</span> <span class='ocrx_word' id='word_1_38' title='bbox 502 595 512 614; x_wconf 91' lang='lat'>‚</span> <span class='ocrx_word' id='word_1_39' title='bbox 543 571 582 603; x_wconf 91' lang='lat' dir='ltr'>ut</span> <span class='ocrx_word' id='word_1_40' title='bbox 600 567 797 604; x_wconf 87' lang='lat' dir='ltr'>Rennelius</span> <span class='ocrx_word' id='word_1_41' title='bbox 818 566 1006 611; x_wconf 88' lang='lat' dir='ltr'>voluerat,</span> <span class='ocrx_word' id='word_1_42' title='bbox 1042 578 1161 615; x_wconf 89' lang='lat' dir='ltr'>neque</span> <span class='ocrx_word' id='word_1_43' title='bbox 1178 564 1215 601; x_wconf 90' lang='lat' dir='ltr'>in</span> <span class='ocrx_word' id='word_1_44' title='bbox 1235 568 1331 601; x_wconf 88' lang='lat' dir='ltr'>terra</span> <span class='ocrx_word' id='word_1_45' title='bbox 1350 563 1573 612; x_wconf 84' lang='lat' dir='ltr'>Badagshan</span> <span class='ocrx_word' id='word_1_46' title='bbox 1587 592 1597 608; x_wconf 91' lang='lat'>‚</span> <span class='ocrx_word' id='word_1_47' title='bbox 1626 568 1668 601; x_wconf 90' lang='lat' dir='ltr'>ut</span> 
     </span>
     <span class='ocr_line' id='line_1_6' title="bbox 160 632 1667 684; baseline -0.002 -14"><span class='ocrx_word' id='word_1_48' title='bbox 160 634 303 672; x_wconf 87' lang='lat' dir='ltr'>Gatter.</span> <span class='ocrx_word' id='word_1_49' title='bbox 326 635 532 684; x_wconf 77' lang='lat' dir='ltr'>placuerat,</span> <span class='ocrx_word' id='word_1_50' title='bbox 564 635 808 684; x_wconf 75' lang='lat' dir='ltr'>quaerendam</span> <span class='ocrx_word' id='word_1_51' title='bbox 828 646 908 671; x_wconf 86' lang='lat' dir='ltr'>esse</span> <span class='ocrx_word' id='word_1_52' title='bbox 932 636 1055 671; x_wconf 89' lang='lat' dir='ltr'>censet</span> <span class='ocrx_word' id='word_1_53' title='bbox 1074 661 1084 678; x_wconf 90' lang='lat'><strong>‚</strong></span> <span class='ocrx_word' id='word_1_54' title='bbox 1116 632 1182 669; x_wconf 89' lang='lat' dir='ltr'>sed</span> <span class='ocrx_word' id='word_1_55' title='bbox 1201 632 1236 668; x_wconf 91' lang='lat' dir='ltr'>in</span> <span class='ocrx_word' id='word_1_56' title='bbox 1257 632 1430 680; x_wconf 79' lang='lat' dir='ltr'>regione,</span> <span class='ocrx_word' id='word_1_57' title='bbox 1461 643 1555 681; x_wconf 88' lang='lat' dir='ltr'>quae</span> <span class='ocrx_word' id='word_1_58' title='bbox 1573 643 1667 668; x_wconf 90' lang='lat' dir='ltr'>nunc</span> 
     </span>
     <span class='ocr_line' id='line_1_7' title="bbox 159 699 1667 753; baseline -0.003 -15"><span class='ocrx_word' id='word_1_59' title='bbox 159 706 309 739; x_wconf 85' lang='lat' dir='ltr'>vocatur</span> <span class='ocrx_word' id='word_1_60' title='bbox 334 701 479 750; x_wconf 70' lang='lat' dir='ltr'>Kahat,</span> <span class='ocrx_word' id='word_1_61' title='bbox 520 716 635 753; x_wconf 85' lang='lat' dir='ltr'>prope</span> <span class='ocrx_word' id='word_1_62' title='bbox 661 715 769 751; x_wconf 88' lang='lat' dir='ltr'>quam</span> <span class='ocrx_word' id='word_1_63' title='bbox 797 700 924 738; x_wconf 71' lang='lat' dir='ltr'>Palma</span> <span class='ocrx_word' id='word_1_64' title='bbox 955 700 1154 747; x_wconf 85' lang='lat' dir='ltr'>invenitur,</span> <span class='ocrx_word' id='word_1_65' title='bbox 1199 700 1346 737; x_wconf 88' lang='lat' dir='ltr'>nomine</span> <span class='ocrx_word' id='word_1_66' title='bbox 1371 699 1451 750; x_wconf 90' lang='lat' dir='ltr'>ipso</span> <span class='ocrx_word' id='word_1_67' title='bbox 1476 699 1667 747; x_wconf 88' lang='lat' dir='ltr'>vestigium</span> 
     </span>
     <span class='ocr_line' id='line_1_8' title="bbox 158 766 1667 820; baseline -0.002 -14"><span class='ocrx_word' id='word_1_68' title='bbox 158 770 346 818; x_wconf 81' lang='lat' dir='ltr'><strong>quoddam</strong></span> <span class='ocrx_word' id='word_1_69' title='bbox 368 770 533 807; x_wconf 80' lang='lat' dir='ltr'>Graecae</span> <span class='ocrx_word' id='word_1_70' title='bbox 560 769 810 820; x_wconf 82' lang='lat' dir='ltr'>appellationis</span> <span class='ocrx_word' id='word_1_71' title='bbox 840 768 1030 806; x_wconf 82' lang='lat' dir='ltr'>retinente.</span> <span class='ocrx_word' id='word_1_72' title='bbox 1090 767 1218 817; x_wconf 87' lang='lat' dir='ltr'>Itaque</span> <span class='ocrx_word' id='word_1_73' title='bbox 1242 768 1484 817; x_wconf 87' lang='lat' dir='ltr'>Caspatyrum</span> <span class='ocrx_word' id='word_1_74' title='bbox 1507 780 1574 817; x_wconf 92' lang='lat' dir='ltr'>pro</span> <span class='ocrx_word' id='word_1_75' title='bbox 1597 766 1667 804; x_wconf 89' lang='lat' dir='ltr'>Ca-</span> 
     </span>
     <span class='ocr_line' id='line_1_9' title="bbox 160 835 1670 887; baseline -0.001 -14"><span class='ocrx_word' id='word_1_76' title='bbox 160 836 219 873; x_wconf 79' lang='lat' dir='ltr'>bul</span> <span class='ocrx_word' id='word_1_77' title='bbox 243 837 392 887; x_wconf 85' lang='lat' dir='ltr'>accipit,</span> <span class='ocrx_word' id='word_1_78' title='bbox 420 837 643 885; x_wconf 84' lang='lat' dir='ltr'>Indumque,</span> <span class='ocrx_word' id='word_1_79' title='bbox 682 838 739 873; x_wconf 89' lang='lat' dir='ltr'>cui</span> <span class='ocrx_word' id='word_1_80' title='bbox 758 837 845 873; x_wconf 90' lang='lat' dir='ltr'>haec</span> <span class='ocrx_word' id='word_1_81' title='bbox 865 835 949 872; x_wconf 88' lang='lat' dir='ltr'>urbs</span> <span class='ocrx_word' id='word_1_82' title='bbox 971 835 1140 885; x_wconf 87' lang='lat' dir='ltr'>apposita</span> <span class='ocrx_word' id='word_1_83' title='bbox 1164 841 1264 883; x_wconf 89' lang='lat' dir='ltr'>erat,</span> <span class='ocrx_word' id='word_1_84' title='bbox 1303 836 1349 872; x_wconf 89' lang='lat' dir='ltr'>ab</span> <span class='ocrx_word' id='word_1_85' title='bbox 1367 835 1560 873; x_wconf 89' lang='lat' dir='ltr'>Herodoto</span> <span class='ocrx_word' id='word_1_86' title='bbox 1582 835 1670 885; x_wconf 88' lang='lat' dir='ltr'>poni</span> 
     </span>
     <span class='ocr_line' id='line_1_10' title="bbox 158 902 1671 954; baseline 0 -15"><span class='ocrx_word' id='word_1_87' title='bbox 158 903 236 940; x_wconf 75' lang='lat' dir='ltr'>vult</span> <span class='ocrx_word' id='word_1_88' title='bbox 255 917 322 954; x_wconf 91' lang='lat' dir='ltr'>pro</span> <span class='ocrx_word' id='word_1_89' title='bbox 347 905 462 941; x_wconf 73' lang='lat' dir='ltr'>Gureo</span> <span class='ocrx_word' id='word_1_90' title='bbox 483 918 512 941; x_wconf 90' lang='lat' dir='ltr'>s.</span> <span class='ocrx_word' id='word_1_91' title='bbox 531 904 665 940; x_wconf 60' lang='lat' dir='ltr'>Kamels</span> <span class='ocrx_word' id='word_1_92' title='bbox 680 931 688 946; x_wconf 88' lang='lat'><em>,</em></span> <span class='ocrx_word' id='word_1_93' title='bbox 720 905 828 940; x_wconf 77' lang='lat' dir='ltr'>fluvio</span> <span class='ocrx_word' id='word_1_94' title='bbox 852 904 889 939; x_wconf 92' lang='lat' dir='ltr'>in</span> <span class='ocrx_word' id='word_1_95' title='bbox 905 903 1034 939; x_wconf 83' lang='lat' dir='ltr'>Indum</span> <span class='ocrx_word' id='word_1_96' title='bbox 1056 902 1274 949; x_wconf 87' lang='lat' dir='ltr'>delabente,</span> <span class='ocrx_word' id='word_1_97' title='bbox 1313 904 1363 939; x_wconf 89' lang='lat' dir='ltr'>ita</span> <span class='ocrx_word' id='word_1_98' title='bbox 1385 906 1423 939; x_wconf 94' lang='lat' dir='ltr'>ut</span> <span class='ocrx_word' id='word_1_99' title='bbox 1446 902 1584 940; x_wconf 87' lang='lat' dir='ltr'>Noster</span> <span class='ocrx_word' id='word_1_100' title='bbox 1602 903 1671 939; x_wconf 87' lang='lat' dir='ltr'>flu-</span> 
     </span>
     <span class='ocr_line' id='line_1_11' title="bbox 159 970 1670 1021; baseline -0.001 -14"><span class='ocrx_word' id='word_1_101' title='bbox 159 971 277 1018; x_wconf 90' lang='lat' dir='ltr'>vium,</span> <span class='ocrx_word' id='word_1_102' title='bbox 308 973 370 1021; x_wconf 92' lang='lat' dir='ltr'>qui</span> <span class='ocrx_word' id='word_1_103' title='bbox 389 973 479 1008; x_wconf 86' lang='lat' dir='ltr'>Indo</span> <span class='ocrx_word' id='word_1_104' title='bbox 503 983 615 1020; x_wconf 86' lang='lat' dir='ltr'>aquas</span> <span class='ocrx_word' id='word_1_105' title='bbox 641 983 724 1008; x_wconf 89' lang='lat' dir='ltr'>suas</span> <span class='ocrx_word' id='word_1_106' title='bbox 748 970 939 1016; x_wconf 86' lang='lat' dir='ltr'>immittat,</span> <span class='ocrx_word' id='word_1_107' title='bbox 979 983 1058 1007; x_wconf 92' lang='lat' dir='ltr'>cum</span> <span class='ocrx_word' id='word_1_108' title='bbox 1086 970 1166 1020; x_wconf 88' lang='lat' dir='ltr'>ipso</span> <span class='ocrx_word' id='word_1_109' title='bbox 1196 970 1287 1007; x_wconf 88' lang='lat' dir='ltr'>Indo</span> <span class='ocrx_word' id='word_1_110' title='bbox 1313 971 1522 1008; x_wconf 89' lang='lat' dir='ltr'>confudisse</span> <span class='ocrx_word' id='word_1_111' title='bbox 1550 970 1670 1007; x_wconf 88' lang='lat' dir='ltr'>existi-</span> 
     </span>
     <span class='ocr_line' id='line_1_12' title="bbox 159 1036 1672 1089; baseline -0.001 -13"><span class='ocrx_word' id='word_1_112' title='bbox 159 1040 312 1076; x_wconf 88' lang='lat' dir='ltr'>mandus</span> <span class='ocrx_word' id='word_1_113' title='bbox 330 1041 384 1077; x_wconf 91' lang='lat' dir='ltr'>sit.</span> <span class='ocrx_word' id='word_1_114' title='bbox 444 1039 524 1077; x_wconf 91' lang='lat' dir='ltr'>Nec</span> <span class='ocrx_word' id='word_1_115' title='bbox 547 1039 650 1077; x_wconf 81' lang='lat' dir='ltr'>aliter</span> <span class='ocrx_word' id='word_1_116' title='bbox 670 1038 853 1075; x_wconf 86' lang='lat' dir='ltr'>Mannert.</span> <span class='ocrx_word' id='word_1_117' title='bbox 872 1037 1012 1086; x_wconf 85' lang='lat' dir='ltr'>Geogr.</span> <span class='ocrx_word' id='word_1_118' title='bbox 1038 1038 1073 1074; x_wconf 94' lang='lat' dir='ltr'>d.</span> <span class='ocrx_word' id='word_1_119' title='bbox 1095 1037 1160 1074; x_wconf 91' lang='lat' dir='ltr'>Gr.</span> <span class='ocrx_word' id='word_1_120' title='bbox 1184 1051 1218 1074; x_wconf 93' lang='lat' dir='ltr'>u.</span> <span class='ocrx_word' id='word_1_121' title='bbox 1239 1037 1347 1074; x_wconf 69' lang='lat' dir='ltr'>Rom.</span> <span class='ocrx_word' id='word_1_122' title='bbox 1368 1038 1413 1085; x_wconf 87' lang='lat' dir='ltr'>V,</span> <span class='ocrx_word' id='word_1_123' title='bbox 1444 1041 1462 1078; x_wconf 92' lang='lat'>1</span> <span class='ocrx_word' id='word_1_124' title='bbox 1484 1052 1519 1089; x_wconf 87' lang='lat' dir='ltr'>p.</span> <span class='ocrx_word' id='word_1_125' title='bbox 1543 1036 1569 1077; x_wconf 82' lang='grc'><strong>4</strong></span> <span class='ocrx_word' id='word_1_126' title='bbox 1597 1042 1672 1075; x_wconf 90' lang='lat' dir='ltr'>ter-</span> 
     </span>
     <span class='ocr_line' id='line_1_13' title="bbox 158 1104 1668 1156; baseline -0.001 -12"><span class='ocrx_word' id='word_1_127' title='bbox 158 1119 234 1144; x_wconf 90' lang='lat' dir='ltr'>ram</span> <span class='ocrx_word' id='word_1_128' title='bbox 257 1107 461 1156; x_wconf 77' lang='lat' dir='ltr'>Pactyicam</span> <span class='ocrx_word' id='word_1_129' title='bbox 497 1107 533 1143; x_wconf 92' lang='lat' dir='ltr'>in</span> <span class='ocrx_word' id='word_1_130' title='bbox 566 1107 716 1155; x_wconf 83' lang='lat' dir='ltr'>regione</span> <span class='ocrx_word' id='word_1_131' title='bbox 743 1106 846 1155; x_wconf 91' lang='lat' dir='ltr'>ponit</span> <span class='ocrx_word' id='word_1_132' title='bbox 870 1106 963 1141; x_wconf 86' lang='lat' dir='ltr'>intra</span> <span class='ocrx_word' id='word_1_133' title='bbox 983 1104 1190 1155; x_wconf 87' lang='lat' dir='ltr'>Choaspem</span> <span class='ocrx_word' id='word_1_134' title='bbox 1215 1108 1251 1141; x_wconf 89' lang='lat' dir='ltr'>et</span> <span class='ocrx_word' id='word_1_135' title='bbox 1270 1104 1401 1142; x_wconf 91' lang='lat' dir='ltr'>Indum</span> <span class='ocrx_word' id='word_1_136' title='bbox 1428 1110 1463 1143; x_wconf 91' lang='lat' dir='ltr'>et</span> <span class='ocrx_word' id='word_1_137' title='bbox 1483 1107 1668 1155; x_wconf 86' lang='lat' dir='ltr'>Caspaty-</span> 
     </span>
     <span class='ocr_line' id='line_1_14' title="bbox 159 1172 1669 1225; baseline -0.001 -14"><span class='ocrx_word' id='word_1_138' title='bbox 159 1187 236 1211; x_wconf 91' lang='lat' dir='ltr'>rum</span> <span class='ocrx_word' id='word_1_139' title='bbox 262 1175 299 1211; x_wconf 90' lang='lat' dir='ltr'>in</span> <span class='ocrx_word' id='word_1_140' title='bbox 320 1174 438 1212; x_wconf 89' lang='lat' dir='ltr'>Cabul</span> <span class='ocrx_word' id='word_1_141' title='bbox 461 1175 541 1225; x_wconf 86' lang='lat' dir='ltr'>ipsa</span> <span class='ocrx_word' id='word_1_142' title='bbox 561 1178 625 1210; x_wconf 86' lang='lat' dir='ltr'>aut</span> <span class='ocrx_word' id='word_1_143' title='bbox 648 1178 746 1211; x_wconf 88' lang='lat' dir='ltr'>certe</span> <span class='ocrx_word' id='word_1_144' title='bbox 767 1174 805 1210; x_wconf 91' lang='lat' dir='ltr'>in</span> <span class='ocrx_word' id='word_1_145' title='bbox 827 1174 902 1210; x_wconf 89' lang='lat' dir='ltr'>eius</span> <span class='ocrx_word' id='word_1_146' title='bbox 923 1173 1061 1209; x_wconf 89' lang='lat' dir='ltr'>vicinia.</span> <span class='ocrx_word' id='word_1_147' title='bbox 1120 1172 1211 1209; x_wconf 87' lang='lat' dir='ltr'>Post</span> <span class='ocrx_word' id='word_1_148' title='bbox 1232 1173 1368 1210; x_wconf 81' lang='lat' dir='ltr'>exstitit</span> <span class='ocrx_word' id='word_1_149' title='bbox 1388 1173 1508 1211; x_wconf 81' lang='lat' dir='ltr'>wahl.</span> <span class='ocrx_word' id='word_1_150' title='bbox 1526 1173 1669 1210; x_wconf 89' lang='lat' dir='ltr'>Erdbe-</span> 
     </span>
     <span class='ocr_line' id='line_1_15' title="bbox 159 1240 1668 1292; baseline -0.001 -12"><span class='ocrx_word' id='word_1_151' title='bbox 159 1242 251 1280; x_wconf 87' lang='lat' dir='ltr'>schr.</span> <span class='ocrx_word' id='word_1_152' title='bbox 269 1254 302 1278; x_wconf 86' lang='lat' dir='ltr'>v.</span> <span class='ocrx_word' id='word_1_153' title='bbox 320 1241 465 1279; x_wconf 88' lang='lat' dir='ltr'>Ostind.</span> <span class='ocrx_word' id='word_1_154' title='bbox 489 1255 523 1292; x_wconf 90' lang='lat' dir='ltr'>p.</span> <span class='ocrx_word' id='word_1_155' title='bbox 544 1240 627 1283; x_wconf 78' lang='lat'>469</span> <span class='ocrx_word' id='word_1_156' title='bbox 651 1254 725 1290; x_wconf 88' lang='lat' dir='ltr'>seq.</span> <span class='ocrx_word' id='word_1_157' title='bbox 740 1269 750 1287; x_wconf 94' lang='lat'>‚</span> <span class='ocrx_word' id='word_1_158' title='bbox 787 1241 850 1290; x_wconf 92' lang='lat' dir='ltr'>qui</span> <span class='ocrx_word' id='word_1_159' title='bbox 870 1244 908 1278; x_wconf 92' lang='lat' dir='ltr'>et</span> <span class='ocrx_word' id='word_1_160' title='bbox 922 1240 1096 1278; x_wconf 84' lang='lat' dir='ltr'>Heerenii</span> <span class='ocrx_word' id='word_1_161' title='bbox 1119 1244 1155 1278; x_wconf 87' lang='lat' dir='ltr'>et</span> <span class='ocrx_word' id='word_1_162' title='bbox 1175 1253 1297 1277; x_wconf 84' lang='lat' dir='ltr'>eorum</span> <span class='ocrx_word' id='word_1_163' title='bbox 1319 1242 1503 1278; x_wconf 87' lang='lat' dir='ltr'>sententia</span> <span class='ocrx_word' id='word_1_164' title='bbox 1521 1243 1668 1288; x_wconf 87' lang='lat' dir='ltr'>reiecta,</span> 
     </span>
     <span class='ocr_line' id='line_1_16' title="bbox 159 1307 1669 1359; baseline 0 -14"><span class='ocrx_word' id='word_1_165' title='bbox 159 1309 222 1359; x_wconf 88' lang='lat' dir='ltr'>qui</span> <span class='ocrx_word' id='word_1_166' title='bbox 241 1309 446 1358; x_wconf 76' lang='lat' dir='ltr'>Pactyicam</span> <span class='ocrx_word' id='word_1_167' title='bbox 468 1309 504 1346; x_wconf 91' lang='lat' dir='ltr'>in</span> <span class='ocrx_word' id='word_1_168' title='bbox 524 1311 674 1358; x_wconf 84' lang='lat' dir='ltr'>regione</span> <span class='ocrx_word' id='word_1_169' title='bbox 692 1309 899 1358; x_wconf 87' lang='lat' dir='ltr'>Kaschmyr</span> <span class='ocrx_word' id='word_1_170' title='bbox 920 1307 1118 1355; x_wconf 89' lang='lat' dir='ltr'>collocant,</span> <span class='ocrx_word' id='word_1_171' title='bbox 1157 1309 1262 1346; x_wconf 86' lang='lat' dir='ltr'>unice</span> <span class='ocrx_word' id='word_1_172' title='bbox 1294 1308 1350 1346; x_wconf 85' lang='lat' dir='ltr'>hic</span> <span class='ocrx_word' id='word_1_173' title='bbox 1382 1309 1532 1358; x_wconf 85' lang='lat' dir='ltr'>cogitari</span> <span class='ocrx_word' id='word_1_174' title='bbox 1558 1321 1669 1359; x_wconf 90' lang='lat' dir='ltr'>posse</span> 
     </span>
     <span class='ocr_line' id='line_1_17' title="bbox 159 1374 1669 1427; baseline 0 -14"><span class='ocrx_word' id='word_1_175' title='bbox 159 1380 267 1427; x_wconf 87' lang='lat' dir='ltr'>putat</span> <span class='ocrx_word' id='word_1_176' title='bbox 296 1377 343 1415; x_wconf 92' lang='lat' dir='ltr'>de</span> <span class='ocrx_word' id='word_1_177' title='bbox 370 1381 466 1415; x_wconf 88' lang='lat' dir='ltr'>terra</span> <span class='ocrx_word' id='word_1_178' title='bbox 496 1376 804 1424; x_wconf 75' lang='grc' dir='ltr'><em>ΒαᾱαεΙιεεΙιααη,</em></span> <span class='ocrx_word' id='word_1_179' title='bbox 844 1378 919 1413; x_wconf 87' lang='lat' dir='ltr'>sive</span> <span class='ocrx_word' id='word_1_180' title='bbox 939 1374 1127 1412; x_wconf 77' lang='grc' dir='ltr'><em>Βαίαηίαη</em></span> <span class='ocrx_word' id='word_1_181' title='bbox 1159 1377 1219 1424; x_wconf 88' lang='lat' dir='ltr'>(ut</span> <span class='ocrx_word' id='word_1_182' title='bbox 1238 1376 1364 1414; x_wconf 87' lang='lat' dir='ltr'>Marco</span> <span class='ocrx_word' id='word_1_183' title='bbox 1385 1376 1476 1413; x_wconf 91' lang='lat' dir='ltr'>Polo</span> <span class='ocrx_word' id='word_1_184' title='bbox 1502 1389 1582 1414; x_wconf 87' lang='lat' dir='ltr'>eam</span> <span class='ocrx_word' id='word_1_185' title='bbox 1603 1389 1669 1427; x_wconf 90' lang='lat' dir='ltr'>ap-</span> 
     </span>
     <span class='ocr_line' id='line_1_18' title="bbox 159 1443 1670 1496; baseline 0 -14"><span class='ocrx_word' id='word_1_186' title='bbox 159 1444 313 1496; x_wconf 87' lang='lat' dir='ltr'>pellat),</span> <span class='ocrx_word' id='word_1_187' title='bbox 344 1446 443 1482; x_wconf 92' lang='lat' dir='ltr'>cuius</span> <span class='ocrx_word' id='word_1_188' title='bbox 463 1446 546 1483; x_wconf 86' lang='lat' dir='ltr'>urbs</span> <span class='ocrx_word' id='word_1_189' title='bbox 572 1445 796 1495; x_wconf 84' lang='lat' dir='ltr'>cognominis</span> <span class='ocrx_word' id='word_1_190' title='bbox 816 1443 864 1481; x_wconf 87' lang='lat' dir='ltr'>ad</span> <span class='ocrx_word' id='word_1_191' title='bbox 885 1444 1006 1481; x_wconf 79' lang='lat' dir='ltr'>Oxum</span> <span class='ocrx_word' id='word_1_192' title='bbox 1028 1444 1074 1481; x_wconf 88' lang='lat' dir='ltr'>sit</span> <span class='ocrx_word' id='word_1_193' title='bbox 1093 1445 1173 1481; x_wconf 90' lang='lat' dir='ltr'>sita.</span> <span class='ocrx_word' id='word_1_194' title='bbox 1220 1443 1281 1481; x_wconf 91' lang='lat' dir='ltr'>Ad</span> <span class='ocrx_word' id='word_1_195' title='bbox 1302 1444 1394 1482; x_wconf 87' lang='lat' dir='ltr'>fines</span> <span class='ocrx_word' id='word_1_196' title='bbox 1415 1445 1518 1481; x_wconf 90' lang='lat' dir='ltr'>huius</span> <span class='ocrx_word' id='word_1_197' title='bbox 1538 1448 1670 1492; x_wconf 85' lang='lat' dir='ltr'>terrae,</span> 
     </span>
     <span class='ocr_line' id='line_1_19' title="bbox 160 1511 1670 1563; baseline 0 -14"><span class='ocrx_word' id='word_1_198' title='bbox 160 1512 210 1549; x_wconf 82' lang='lat' dir='ltr'>ad</span> <span class='ocrx_word' id='word_1_199' title='bbox 228 1513 350 1550; x_wconf 88' lang='lat' dir='ltr'>sontes</span> <span class='ocrx_word' id='word_1_200' title='bbox 370 1513 558 1563; x_wconf 86' lang='lat' dir='ltr'>primarios</span> <span class='ocrx_word' id='word_1_201' title='bbox 581 1513 659 1550; x_wconf 88' lang='lat' dir='ltr'>Indi</span> <span class='ocrx_word' id='word_1_202' title='bbox 682 1514 718 1549; x_wconf 91' lang='lat' dir='ltr'>in</span> <span class='ocrx_word' id='word_1_203' title='bbox 738 1517 836 1549; x_wconf 85' lang='lat' dir='ltr'>terra</span> <span class='ocrx_word' id='word_1_204' title='bbox 858 1513 1126 1550; x_wconf 87' lang='lat' dir='ltr'>Gandariorum</span> <span class='ocrx_word' id='word_1_205' title='bbox 1140 1541 1150 1560; x_wconf 94' lang='lat'>‚</span> <span class='ocrx_word' id='word_1_206' title='bbox 1179 1525 1274 1562; x_wconf 84' lang='lat' dir='ltr'>quae</span> <span class='ocrx_word' id='word_1_207' title='bbox 1294 1524 1389 1548; x_wconf 89' lang='lat' dir='ltr'>nunc</span> <span class='ocrx_word' id='word_1_208' title='bbox 1410 1511 1557 1549; x_wconf 80' lang='lat' dir='ltr'>Kutwer</span> <span class='ocrx_word' id='word_1_209' title='bbox 1576 1525 1670 1549; x_wconf 88' lang='lat' dir='ltr'>nun-</span> 
     </span>
     <span class='ocr_line' id='line_1_20' title="bbox 160 1579 1671 1631; baseline -0.001 -14"><span class='ocrx_word' id='word_1_210' title='bbox 160 1584 337 1630; x_wconf 84' lang='lat' dir='ltr'>cupatur,</span> <span class='ocrx_word' id='word_1_211' title='bbox 374 1581 482 1618; x_wconf 79' lang='lat' dir='ltr'>sitam</span> <span class='ocrx_word' id='word_1_212' title='bbox 513 1581 623 1618; x_wconf 91' lang='lat' dir='ltr'>fuisse</span> <span class='ocrx_word' id='word_1_213' title='bbox 653 1581 729 1617; x_wconf 81' lang='lat' dir='ltr'>vult</span> <span class='ocrx_word' id='word_1_214' title='bbox 757 1580 1001 1631; x_wconf 77' lang='lat' dir='ltr'>Caspatyrum</span> <span class='ocrx_word' id='word_1_215' title='bbox 1038 1580 1174 1619; x_wconf 85' lang='lat' dir='ltr'>urbem.</span> <span class='ocrx_word' id='word_1_216' title='bbox 1239 1580 1291 1617; x_wconf 91' lang='lat' dir='ltr'>Ac</span> <span class='ocrx_word' id='word_1_217' title='bbox 1327 1579 1536 1630; x_wconf 85' lang='lat' dir='ltr'>Stephanus</span> <span class='ocrx_word' id='word_1_218' title='bbox 1565 1580 1671 1629; x_wconf 64' lang='lat' dir='ltr'>Byz„</span> 
     </span>
     <span class='ocr_line' id='line_1_21' title="bbox 161 1643 1668 1700; baseline 0.001 -16"><span class='ocrx_word' id='word_1_219' title='bbox 161 1648 223 1698; x_wconf 89' lang='lat' dir='ltr'>qui</span> <span class='ocrx_word' id='word_1_220' title='bbox 251 1660 294 1685; x_wconf 85' lang='lat' dir='ltr'>ex</span> <span class='ocrx_word' id='word_1_221' title='bbox 313 1647 503 1685; x_wconf 86' lang='lat' dir='ltr'>Hecataeo</span> <span class='ocrx_word' id='word_1_222' title='bbox 537 1648 646 1686; x_wconf 87' lang='lat' dir='ltr'>affert</span> <span class='ocrx_word' id='word_1_223' title='bbox 677 1643 954 1700; x_wconf 73' lang='grc' dir='ltr'><em>Κασποὲπυρος</em></span> <span class='ocrx_word' id='word_1_224' title='bbox 984 1651 1021 1686; x_wconf 89' lang='lat' dir='ltr'>et</span> <span class='ocrx_word' id='word_1_225' title='bbox 1049 1660 1133 1685; x_wconf 86' lang='lat' dir='ltr'>mox</span> <span class='ocrx_word' id='word_1_226' title='bbox 1162 1660 1205 1685; x_wconf 87' lang='lat' dir='ltr'>ex</span> <span class='ocrx_word' id='word_1_227' title='bbox 1223 1647 1406 1685; x_wconf 89' lang='lat' dir='ltr'>Herodoti</span> <span class='ocrx_word' id='word_1_228' title='bbox 1435 1646 1565 1684; x_wconf 88' lang='lat' dir='ltr'>Thalia</span> <span class='ocrx_word' id='word_1_229' title='bbox 1586 1643 1668 1686; x_wconf 74' lang='grc' dir='ltr'>Κά-</span> 
     </span>
     <span class='ocr_line' id='line_1_22' title="bbox 161 1714 1670 1767; baseline -0.002 -13"><span class='ocrx_word' id='word_1_230' title='bbox 161 1727 341 1767; x_wconf 82' lang='grc' dir='ltr'><em>σπειρος,</em></span> <span class='ocrx_word' id='word_1_231' title='bbox 380 1714 524 1753; x_wconf 86' lang='lat' dir='ltr'>Wahlio</span> <span class='ocrx_word' id='word_1_232' title='bbox 549 1717 695 1754; x_wconf 87' lang='lat' dir='ltr'>videtur</span> <span class='ocrx_word' id='word_1_233' title='bbox 721 1716 921 1754; x_wconf 84' lang='lat' dir='ltr'>Ptolemaei</span> <span class='ocrx_word' id='word_1_234' title='bbox 944 1716 1068 1754; x_wconf 89' lang='lat' dir='ltr'>urbem</span> <span class='ocrx_word' id='word_1_235' title='bbox 1091 1715 1275 1766; x_wconf 65' lang='lat' dir='ltr'>Caspz&#39;ram</span> <span class='ocrx_word' id='word_1_236' title='bbox 1294 1728 1322 1754; x_wconf 91' lang='lat' dir='ltr'>s.</span> <span class='ocrx_word' id='word_1_237' title='bbox 1347 1714 1530 1764; x_wconf 80' lang='lat' dir='ltr'>Caspz‘rum</span> <span class='ocrx_word' id='word_1_238' title='bbox 1554 1719 1591 1753; x_wconf 90' lang='lat' dir='ltr'>et</span> <span class='ocrx_word' id='word_1_239' title='bbox 1611 1728 1670 1751; x_wconf 90' lang='lat' dir='ltr'>ur-</span> 
     </span>
     <span class='ocr_line' id='line_1_23' title="bbox 159 1782 1670 1834; baseline 0.001 -15"><span class='ocrx_word' id='word_1_240' title='bbox 159 1782 243 1820; x_wconf 91' lang='lat' dir='ltr'>bem</span> <span class='ocrx_word' id='word_1_241' title='bbox 267 1782 500 1832; x_wconf 76' lang='lat' dir='ltr'>Caspatyrum</span> <span class='ocrx_word' id='word_1_242' title='bbox 531 1797 598 1834; x_wconf 90' lang='lat' dir='ltr'>pro</span> <span class='ocrx_word' id='word_1_243' title='bbox 619 1796 694 1820; x_wconf 87' lang='lat' dir='ltr'>uua</span> <span class='ocrx_word' id='word_1_244' title='bbox 715 1786 918 1834; x_wconf 89' lang='lat' dir='ltr'>eademque</span> <span class='ocrx_word' id='word_1_245' title='bbox 938 1785 1134 1831; x_wconf 88' lang='lat' dir='ltr'>habuisse,</span> <span class='ocrx_word' id='word_1_246' title='bbox 1173 1783 1390 1834; x_wconf 86' lang='lat' dir='ltr'>praesertim</span> <span class='ocrx_word' id='word_1_247' title='bbox 1416 1794 1495 1818; x_wconf 90' lang='lat' dir='ltr'>cum</span> <span class='ocrx_word' id='word_1_248' title='bbox 1516 1786 1670 1832; x_wconf 87' lang='lat' dir='ltr'>utraque</span> 
     </span>
     <span class='ocr_line' id='line_1_24' title="bbox 160 1848 1672 1900; baseline 0 -12"><span class='ocrx_word' id='word_1_249' title='bbox 160 1848 359 1900; x_wconf 85' lang='lat' dir='ltr'>appellatio</span> <span class='ocrx_word' id='word_1_250' title='bbox 392 1851 522 1888; x_wconf 90' lang='lat' dir='ltr'>eodem</span> <span class='ocrx_word' id='word_1_251' title='bbox 559 1853 674 1890; x_wconf 85' lang='lat' dir='ltr'>ferme</span> <span class='ocrx_word' id='word_1_252' title='bbox 704 1853 840 1890; x_wconf 85' lang='lat' dir='ltr'>redeat.</span> <span class='ocrx_word' id='word_1_253' title='bbox 908 1851 1006 1890; x_wconf 90' lang='lat' dir='ltr'>Nam</span> <span class='ocrx_word' id='word_1_254' title='bbox 1046 1865 1173 1890; x_wconf 91' lang='lat' dir='ltr'>vocem</span> <span class='ocrx_word' id='word_1_255' title='bbox 1202 1851 1294 1900; x_wconf 83' lang='lat' dir='ltr'>Casp</span> <span class='ocrx_word' id='word_1_256' title='bbox 1320 1863 1348 1887; x_wconf 91' lang='lat' dir='ltr'>s.</span> <span class='ocrx_word' id='word_1_257' title='bbox 1380 1849 1515 1900; x_wconf 75' lang='lat' dir='ltr'>Caschp</span> <span class='ocrx_word' id='word_1_258' title='bbox 1545 1857 1672 1889; x_wconf 88' lang='lat' dir='ltr'>monet</span> 
     </span>
     <span class='ocr_line' id='line_1_25' title="bbox 160 1916 1671 1969; baseline 0.001 -14"><span class='ocrx_word' id='word_1_259' title='bbox 160 1916 339 1965; x_wconf 84' lang='lat' dir='ltr'>Wahl.(1.</span> <span class='ocrx_word' id='word_1_260' title='bbox 357 1917 378 1954; x_wconf 90' lang='lat' dir='ltr'>l.</span> <span class='ocrx_word' id='word_1_261' title='bbox 397 1918 430 1954; x_wconf 91' lang='lat' dir='ltr'>II</span> <span class='ocrx_word' id='word_1_262' title='bbox 452 1931 538 1968; x_wconf 86' lang='lat' dir='ltr'>pag.</span> <span class='ocrx_word' id='word_1_263' title='bbox 558 1921 640 1960; x_wconf 80' lang='lat'>323</span> <span class='ocrx_word' id='word_1_264' title='bbox 661 1933 736 1969; x_wconf 88' lang='lat' dir='ltr'>seq.</span> <span class='ocrx_word' id='word_1_265' title='bbox 758 1920 840 1961; x_wconf 86' lang='lat'>479</span> <span class='ocrx_word' id='word_1_266' title='bbox 862 1919 942 1957; x_wconf 91' lang='lat' dir='ltr'>coll.</span> <span class='ocrx_word' id='word_1_267' title='bbox 962 1920 978 1954; x_wconf 94' lang='grc' dir='ltr'>Ι</span> <span class='ocrx_word' id='word_1_268' title='bbox 1006 1932 1043 1968; x_wconf 92' lang='lat' dir='ltr'>p.</span> <span class='ocrx_word' id='word_1_269' title='bbox 1064 1921 1158 1959; x_wconf 88' lang='grc'>679.</span> <span class='ocrx_word' id='word_1_270' title='bbox 1187 1919 1290 1966; x_wconf 85' lang='grc'>793)</span> <span class='ocrx_word' id='word_1_271' title='bbox 1311 1918 1358 1955; x_wconf 88' lang='lat' dir='ltr'>ad</span> <span class='ocrx_word' id='word_1_272' title='bbox 1378 1918 1554 1956; x_wconf 88' lang='lat' dir='ltr'>montium</span> <span class='ocrx_word' id='word_1_273' title='bbox 1586 1920 1671 1969; x_wconf 85' lang='lat' dir='ltr'>iuga</span> 
     </span>
     <span class='ocr_line' id='line_1_26' title="bbox 161 1985 1671 2037; baseline 0.001 -14"><span class='ocrx_word' id='word_1_274' title='bbox 161 1997 322 2034; x_wconf 86' lang='lat' dir='ltr'>saxaque</span> <span class='ocrx_word' id='word_1_275' title='bbox 351 1992 549 2037; x_wconf 88' lang='lat' dir='ltr'>praerupta</span> <span class='ocrx_word' id='word_1_276' title='bbox 576 1986 729 2037; x_wconf 89' lang='lat' dir='ltr'>locaque</span> <span class='ocrx_word' id='word_1_277' title='bbox 760 1988 860 2025; x_wconf 88' lang='lat' dir='ltr'>edita</span> <span class='ocrx_word' id='word_1_278' title='bbox 889 1990 1056 2036; x_wconf 86' lang='lat' dir='ltr'>spectare</span> <span class='ocrx_word' id='word_1_279' title='bbox 1082 1985 1276 2034; x_wconf 88' lang='lat' dir='ltr'>multisque</span> <span class='ocrx_word' id='word_1_280' title='bbox 1309 1997 1389 2022; x_wconf 89' lang='lat' dir='ltr'>cum</span> <span class='ocrx_word' id='word_1_281' title='bbox 1418 1985 1497 2022; x_wconf 85' lang='lat' dir='ltr'>aliis</span> <span class='ocrx_word' id='word_1_282' title='bbox 1522 1987 1671 2024; x_wconf 87' lang='lat' dir='ltr'>vocibus</span> 
     </span>
     <span class='ocr_line' id='line_1_27' title="bbox 162 2052 1673 2104; baseline 0.001 -13"><span class='ocrx_word' id='word_1_283' title='bbox 162 2053 314 2103; x_wconf 89' lang='lat' dir='ltr'>reperiri</span> <span class='ocrx_word' id='word_1_284' title='bbox 330 2053 579 2101; x_wconf 77' lang='lat' dir='ltr'>coniunctam3</span> <span class='ocrx_word' id='word_1_285' title='bbox 617 2054 779 2092; x_wconf 74' lang='lat' dir='ltr'>voculam</span> <span class='ocrx_word' id='word_1_286' title='bbox 803 2054 879 2104; x_wconf 72' lang='lat' dir='ltr'>Tyr</span> <span class='ocrx_word' id='word_1_287' title='bbox 902 2054 950 2101; x_wconf 92' lang='lat' dir='ltr'>(s.</span> <span class='ocrx_word' id='word_1_288' title='bbox 973 2052 1069 2100; x_wconf 81' lang='lat' dir='ltr'>Tur,</span> <span class='ocrx_word' id='word_1_289' title='bbox 1106 2053 1221 2102; x_wconf 71' lang='lat' dir='ltr'>Ther)</span> <span class='ocrx_word' id='word_1_290' title='bbox 1238 2054 1417 2091; x_wconf 89' lang='lat' dir='ltr'>denotare</span> <span class='ocrx_word' id='word_1_291' title='bbox 1439 2067 1577 2102; x_wconf 82' lang='lat' dir='ltr'>arcem,</span> <span class='ocrx_word' id='word_1_292' title='bbox 1607 2068 1673 2092; x_wconf 87' lang='lat' dir='ltr'>vo-</span> 
     </span>
     <span class='ocr_line' id='line_1_28' title="bbox 162 2121 1673 2173; baseline 0 -13"><span class='ocrx_word' id='word_1_293' title='bbox 162 2122 278 2160; x_wconf 88' lang='lat' dir='ltr'>culam</span> <span class='ocrx_word' id='word_1_294' title='bbox 294 2136 365 2173; x_wconf 75' lang='lat' dir='ltr'>pyr</span> <span class='ocrx_word' id='word_1_295' title='bbox 385 2122 502 2159; x_wconf 83' lang='lat' dir='ltr'>urbem</span> <span class='ocrx_word' id='word_1_296' title='bbox 527 2123 602 2160; x_wconf 90' lang='lat' dir='ltr'>sive</span> <span class='ocrx_word' id='word_1_297' title='bbox 623 2123 757 2170; x_wconf 79' lang='lat' dir='ltr'>sedem,</span> <span class='ocrx_word' id='word_1_298' title='bbox 785 2134 920 2169; x_wconf 78' lang='lat' dir='ltr'>arcem,</span> <span class='ocrx_word' id='word_1_299' title='bbox 968 2122 1020 2158; x_wconf 86' lang='lat' dir='ltr'>ita</span> <span class='ocrx_word' id='word_1_300' title='bbox 1048 2125 1088 2158; x_wconf 91' lang='lat' dir='ltr'>ut</span> <span class='ocrx_word' id='word_1_301' title='bbox 1112 2121 1268 2159; x_wconf 89' lang='lat' dir='ltr'>nominis</span> <span class='ocrx_word' id='word_1_302' title='bbox 1296 2121 1488 2172; x_wconf 86' lang='lat' dir='ltr'>Caspatyri</span> <span class='ocrx_word' id='word_1_303' title='bbox 1518 2123 1673 2171; x_wconf 87' lang='lat' dir='ltr'>vestigia</span> 
     </span>
     <span class='ocr_line' id='line_1_29' title="bbox 162 2188 1673 2239; baseline 0 -11"><span class='ocrx_word' id='word_1_304' title='bbox 162 2191 280 2228; x_wconf 87' lang='lat' dir='ltr'>adhuc</span> <span class='ocrx_word' id='word_1_305' title='bbox 306 2190 456 2227; x_wconf 86' lang='lat' dir='ltr'>forsitan</span> <span class='ocrx_word' id='word_1_306' title='bbox 476 2191 660 2239; x_wconf 86' lang='lat' dir='ltr'>supersint</span> <span class='ocrx_word' id='word_1_307' title='bbox 682 2191 719 2227; x_wconf 90' lang='lat' dir='ltr'>in</span> <span class='ocrx_word' id='word_1_308' title='bbox 746 2191 837 2227; x_wconf 87' lang='lat' dir='ltr'>urbe</span> <span class='ocrx_word' id='word_1_309' title='bbox 855 2189 1024 2236; x_wconf 83' lang='lat' dir='ltr'>Kutwer,</span> <span class='ocrx_word' id='word_1_310' title='bbox 1066 2189 1212 2226; x_wconf 81' lang='lat' dir='ltr'>Katwer</span> <span class='ocrx_word' id='word_1_311' title='bbox 1230 2202 1259 2226; x_wconf 89' lang='lat' dir='ltr'>s.</span> <span class='ocrx_word' id='word_1_312' title='bbox 1280 2188 1436 2237; x_wconf 86' lang='lat' dir='ltr'>Katoor,</span> <span class='ocrx_word' id='word_1_313' title='bbox 1466 2202 1562 2239; x_wconf 86' lang='lat' dir='ltr'>quae</span> <span class='ocrx_word' id='word_1_314' title='bbox 1581 2189 1673 2228; x_wconf 88' lang='lat' dir='ltr'>Indo</span> 
     </span>
     <span class='ocr_line' id='line_1_30' title="bbox 161 2256 1673 2307; baseline 0.001 -12"><span class='ocrx_word' id='word_1_315' title='bbox 161 2258 270 2295; x_wconf 76' lang='lat' dir='ltr'>fluvio</span> <span class='ocrx_word' id='word_1_316' title='bbox 288 2258 439 2295; x_wconf 86' lang='lat' dir='ltr'>adiacet.</span> <span class='ocrx_word' id='word_1_317' title='bbox 500 2256 592 2294; x_wconf 84' lang='lat' dir='ltr'>Post</span> <span class='ocrx_word' id='word_1_318' title='bbox 612 2256 796 2294; x_wconf 89' lang='lat' dir='ltr'>Wahlium</span> <span class='ocrx_word' id='word_1_319' title='bbox 825 2257 1006 2307; x_wconf 87' lang='lat' dir='ltr'>copiosius</span> <span class='ocrx_word' id='word_1_320' title='bbox 1038 2256 1238 2307; x_wconf 88' lang='lat' dir='ltr'>disputavit</span> <span class='ocrx_word' id='word_1_321' title='bbox 1262 2258 1309 2295; x_wconf 88' lang='lat' dir='ltr'>de</span> <span class='ocrx_word' id='word_1_322' title='bbox 1330 2258 1461 2295; x_wconf 87' lang='lat' dir='ltr'>eadem</span> <span class='ocrx_word' id='word_1_323' title='bbox 1478 2271 1518 2295; x_wconf 91' lang='lat' dir='ltr'>re</span> <span class='ocrx_word' id='word_1_324' title='bbox 1540 2257 1673 2297; x_wconf 85' lang='lat' dir='ltr'>Malte-</span> 
     </span>
     <span class='ocr_line' id='line_1_31' title="bbox 160 2322 1672 2376; baseline 0.001 -14"><span class='ocrx_word' id='word_1_325' title='bbox 160 2326 264 2362; x_wconf 92' lang='lat' dir='ltr'>brun.</span> <span class='ocrx_word' id='word_1_326' title='bbox 294 2324 457 2373; x_wconf 83' lang='lat' dir='ltr'>(Annall.</span> <span class='ocrx_word' id='word_1_327' title='bbox 486 2324 640 2362; x_wconf 90' lang='lat' dir='ltr'>nouvell.</span> <span class='ocrx_word' id='word_1_328' title='bbox 671 2325 707 2362; x_wconf 90' lang='lat' dir='ltr'>d.</span> <span class='ocrx_word' id='word_1_329' title='bbox 727 2336 856 2373; x_wconf 77' lang='lat' dir='ltr'>voyag.</span> <span class='ocrx_word' id='word_1_330' title='bbox 878 2324 911 2360; x_wconf 94' lang='lat' dir='ltr'>II</span> <span class='ocrx_word' id='word_1_331' title='bbox 934 2338 973 2375; x_wconf 86' lang='lat' dir='ltr'>p.</span> <span class='ocrx_word' id='word_1_332' title='bbox 994 2324 1086 2366; x_wconf 85' lang='lat'>334.</span> <span class='ocrx_word' id='word_1_333' title='bbox 1109 2322 1191 2365; x_wconf 78' lang='lat'>344</span> <span class='ocrx_word' id='word_1_334' title='bbox 1216 2326 1361 2374; x_wconf 72' lang='lat' dir='ltr'>seqq),</span> <span class='ocrx_word' id='word_1_335' title='bbox 1399 2326 1462 2375; x_wconf 90' lang='lat' dir='ltr'>qui</span> <span class='ocrx_word' id='word_1_336' title='bbox 1492 2325 1672 2376; x_wconf 90' lang='lat' dir='ltr'>duplicem</span> 
     </span>
     <span class='ocr_line' id='line_1_32' title="bbox 161 2391 1672 2443; baseline 0 -13"><span class='ocrx_word' id='word_1_337' title='bbox 161 2391 368 2443; x_wconf 77' lang='lat' dir='ltr'>Pactyicam</span> <span class='ocrx_word' id='word_1_338' title='bbox 394 2392 506 2429; x_wconf 87' lang='lat' dir='ltr'>fuisse</span> <span class='ocrx_word' id='word_1_339' title='bbox 534 2405 673 2442; x_wconf 89' lang='lat' dir='ltr'>negans</span> <span class='ocrx_word' id='word_1_340' title='bbox 694 2392 844 2442; x_wconf 73' lang='lat' dir='ltr'>Pactyes</span> <span class='ocrx_word' id='word_1_341' title='bbox 864 2393 1045 2430; x_wconf 90' lang='lat' dir='ltr'>Herodoti</span> <span class='ocrx_word' id='word_1_342' title='bbox 1073 2391 1150 2429; x_wconf 89' lang='lat' dir='ltr'>vult</span> <span class='ocrx_word' id='word_1_343' title='bbox 1176 2393 1326 2431; x_wconf 90' lang='lat' dir='ltr'>eosdem</span> <span class='ocrx_word' id='word_1_344' title='bbox 1352 2405 1433 2431; x_wconf 87' lang='lat' dir='ltr'>esse</span> <span class='ocrx_word' id='word_1_345' title='bbox 1461 2397 1570 2442; x_wconf 90' lang='lat' dir='ltr'>atque</span> <span class='ocrx_word' id='word_1_346' title='bbox 1597 2406 1672 2440; x_wconf 84' lang='lat' dir='ltr'>eos,</span> 
     </span>
     <span class='ocr_line' id='line_1_33' title="bbox 165 2460 1670 2511; baseline 0.001 -15"><span class='ocrx_word' id='word_1_347' title='bbox 165 2472 256 2509; x_wconf 90' lang='lat' dir='ltr'>quos</span> <span class='ocrx_word' id='word_1_348' title='bbox 283 2472 378 2496; x_wconf 89' lang='lat' dir='ltr'>nunc</span> <span class='ocrx_word' id='word_1_349' title='bbox 401 2465 535 2497; x_wconf 88' lang='lat' dir='ltr'>vocant</span> <span class='ocrx_word' id='word_1_350' title='bbox 554 2460 762 2510; x_wconf 77' lang='lat' dir='ltr'>Afghanen,</span> <span class='ocrx_word' id='word_1_351' title='bbox 793 2461 848 2498; x_wconf 83' lang='lat' dir='ltr'>vel</span> <span class='ocrx_word' id='word_1_352' title='bbox 873 2464 972 2498; x_wconf 91' lang='lat' dir='ltr'>certe</span> <span class='ocrx_word' id='word_1_353' title='bbox 993 2473 1102 2497; x_wconf 86' lang='lat' dir='ltr'>unam</span> <span class='ocrx_word' id='word_1_354' title='bbox 1131 2473 1252 2498; x_wconf 90' lang='lat' dir='ltr'>eorum</span> <span class='ocrx_word' id='word_1_355' title='bbox 1280 2461 1436 2507; x_wconf 80' lang='lat' dir='ltr'>tribum,</span> <span class='ocrx_word' id='word_1_356' title='bbox 1469 2473 1563 2511; x_wconf 86' lang='lat' dir='ltr'>quae</span> <span class='ocrx_word' id='word_1_357' title='bbox 1590 2474 1670 2498; x_wconf 89' lang='lat' dir='ltr'>enm</span> 
     </span>
     <span class='ocr_line' id='line_1_34' title="bbox 164 2527 1670 2579; baseline 0.003 -17"><span class='ocrx_word' id='word_1_358' title='bbox 164 2527 311 2576; x_wconf 90' lang='lat' dir='ltr'>proprie</span> <span class='ocrx_word' id='word_1_359' title='bbox 329 2532 477 2565; x_wconf 81' lang='lat' dir='ltr'>vocetur</span> <span class='ocrx_word' id='word_1_360' title='bbox 497 2527 705 2579; x_wconf 74' lang='lat' dir='ltr'>Pouctany,</span> <span class='ocrx_word' id='word_1_361' title='bbox 746 2541 767 2565; x_wconf 90' lang='lat' dir='ltr'>a</span> <span class='ocrx_word' id='word_1_362' title='bbox 797 2528 916 2566; x_wconf 89' lang='lat' dir='ltr'>Persis</span> <span class='ocrx_word' id='word_1_363' title='bbox 943 2528 1108 2566; x_wconf 86' lang='lat' dir='ltr'>dictitata</span> <span class='ocrx_word' id='word_1_364' title='bbox 1133 2529 1241 2567; x_wconf 84' lang='lat' dir='ltr'>fuerit</span> <span class='ocrx_word' id='word_1_365' title='bbox 1268 2527 1458 2578; x_wconf 75' lang='lat' dir='ltr'>Pactmzy,</span> <span class='ocrx_word' id='word_1_366' title='bbox 1502 2529 1548 2566; x_wconf 91' lang='lat' dir='ltr'>ab</span> <span class='ocrx_word' id='word_1_367' title='bbox 1571 2528 1670 2566; x_wconf 84' lang='lat' dir='ltr'>Indis</span> 
     </span>
     <span class='ocr_line' id='line_1_35' title="bbox 168 2592 1667 2647; baseline 0.001 -16"><span class='ocrx_word' id='word_1_368' title='bbox 168 2592 306 2631; x_wconf 80' lang='lat' dir='ltr'>Patans</span> <span class='ocrx_word' id='word_1_369' title='bbox 327 2599 363 2632; x_wconf 89' lang='lat' dir='ltr'>et</span> <span class='ocrx_word' id='word_1_370' title='bbox 387 2595 561 2633; x_wconf 74' lang='lat' dir='ltr'>Pz&#39;tlians:</span> <span class='ocrx_word' id='word_1_371' title='bbox 591 2597 628 2634; x_wconf 91' lang='lat' dir='ltr'>in</span> <span class='ocrx_word' id='word_1_372' title='bbox 651 2610 722 2646; x_wconf 90' lang='lat' dir='ltr'>quo</span> <span class='ocrx_word' id='word_1_373' title='bbox 741 2597 820 2646; x_wconf 87' lang='lat' dir='ltr'>ipso</span> <span class='ocrx_word' id='word_1_374' title='bbox 840 2597 1015 2634; x_wconf 86' lang='lat' dir='ltr'>contineri</span> <span class='ocrx_word' id='word_1_375' title='bbox 1034 2596 1213 2633; x_wconf 86' lang='lat' dir='ltr'>existimat</span> <span class='ocrx_word' id='word_1_376' title='bbox 1234 2595 1452 2634; x_wconf 88' lang='lat' dir='ltr'>Maltebrnn.</span> <span class='ocrx_word' id='word_1_377' title='bbox 1474 2600 1617 2647; x_wconf 87' lang='lat' dir='ltr'>partem</span> <span class='ocrx_word' id='word_1_378' title='bbox 1639 2610 1667 2633; x_wconf 85' lang='lat' dir='ltr'>s.</span> 
     </span>
     <span class='ocr_line' id='line_1_36' title="bbox 166 2662 1668 2714; baseline 0.002 -15"><span class='ocrx_word' id='word_1_379' title='bbox 166 2662 323 2699; x_wconf 85' lang='lat' dir='ltr'>radicem</span> <span class='ocrx_word' id='word_1_380' title='bbox 353 2665 560 2713; x_wconf 83' lang='lat' dir='ltr'>primariam</span> <span class='ocrx_word' id='word_1_381' title='bbox 587 2665 683 2701; x_wconf 88' lang='lat' dir='ltr'>vocis</span> <span class='ocrx_word' id='word_1_382' title='bbox 715 2663 901 2714; x_wconf 79' lang='lat' dir='ltr'>Pactyum.</span> <span class='ocrx_word' id='word_1_383' title='bbox 971 2664 1028 2702; x_wconf 90' lang='lat' dir='ltr'>De</span> <span class='ocrx_word' id='word_1_384' title='bbox 1063 2664 1317 2713; x_wconf 87' lang='lat' dir='ltr'>Afghanorum</span> <span class='ocrx_word' id='word_1_385' title='bbox 1357 2663 1580 2713; x_wconf 80' lang='lat' dir='ltr'>originibus,</span> <span class='ocrx_word' id='word_1_386' title='bbox 1622 2677 1668 2702; x_wconf 88' lang='lat' dir='ltr'>ne</span> 
     </span>
     <span class='ocr_line' id='line_1_37' title="bbox 167 2729 1668 2782; baseline 0.001 -16"><span class='ocrx_word' id='word_1_387' title='bbox 167 2730 293 2781; x_wconf 86' lang='lat' dir='ltr'>plura,</span> <span class='ocrx_word' id='word_1_388' title='bbox 336 2729 395 2767; x_wconf 88' lang='lat' dir='ltr'>Tu</span> <span class='ocrx_word' id='word_1_389' title='bbox 414 2733 507 2768; x_wconf 90' lang='lat' dir='ltr'>conf.</span> <span class='ocrx_word' id='word_1_390' title='bbox 528 2731 696 2769; x_wconf 84' lang='lat' dir='ltr'>Malcolm</span> <span class='ocrx_word' id='word_1_391' title='bbox 717 2731 814 2768; x_wconf 89' lang='lat' dir='ltr'>Hist.</span> <span class='ocrx_word' id='word_1_392' title='bbox 836 2731 936 2769; x_wconf 89' lang='lat' dir='ltr'>Pers.</span> <span class='ocrx_word' id='word_1_393' title='bbox 961 2731 991 2768; x_wconf 87' lang='lat'>11</span> <span class='ocrx_word' id='word_1_394' title='bbox 1023 2745 1107 2782; x_wconf 83' lang='lat' dir='ltr'>pag.</span> <span class='ocrx_word' id='word_1_395' title='bbox 1130 2734 1183 2772; x_wconf 90' lang='lat'>77</span> <span class='ocrx_word' id='word_1_396' title='bbox 1208 2732 1264 2769; x_wconf 90' lang='lat' dir='ltr'>ed.</span> <span class='ocrx_word' id='word_1_397' title='bbox 1285 2744 1424 2769; x_wconf 84' lang='lat' dir='ltr'>vernae.</span> <span class='ocrx_word' id='word_1_398' title='bbox 1475 2732 1668 2770; x_wconf 87' lang='lat' dir='ltr'>Caeterum</span> 
     </span>
     <span class='ocr_line' id='line_1_38' title="bbox 167 2797 1669 2850; baseline 0 -16"><span class='ocrx_word' id='word_1_399' title='bbox 167 2797 373 2846; x_wconf 85' lang='lat' dir='ltr'>Pactyicam</span> <span class='ocrx_word' id='word_1_400' title='bbox 404 2802 442 2835; x_wconf 88' lang='lat' dir='ltr'>et</span> <span class='ocrx_word' id='word_1_401' title='bbox 462 2799 706 2836; x_wconf 87' lang='lat' dir='ltr'>Gandaricam</span> <span class='ocrx_word' id='word_1_402' title='bbox 734 2800 831 2837; x_wconf 90' lang='lat' dir='ltr'>idem</span> <span class='ocrx_word' id='word_1_403' title='bbox 850 2799 1071 2837; x_wconf 87' lang='lat' dir='ltr'>Maltebrun.</span> <span class='ocrx_word' id='word_1_404' title='bbox 1097 2812 1164 2850; x_wconf 90' lang='lat' dir='ltr'>pro</span> <span class='ocrx_word' id='word_1_405' title='bbox 1199 2812 1271 2836; x_wconf 88' lang='lat' dir='ltr'>una</span> <span class='ocrx_word' id='word_1_406' title='bbox 1297 2800 1500 2849; x_wconf 87' lang='lat' dir='ltr'>eademque</span> <span class='ocrx_word' id='word_1_407' title='bbox 1520 2798 1669 2847; x_wconf 86' lang='lat' dir='ltr'>regione</span> 
     </span>
     <span class='ocr_line' id='line_1_39' title="bbox 168 2865 1670 2918; baseline 0.001 -16"><span class='ocrx_word' id='word_1_408' title='bbox 168 2865 301 2912; x_wconf 86' lang='lat' dir='ltr'>habet,</span> <span class='ocrx_word' id='word_1_409' title='bbox 342 2877 450 2915; x_wconf 84' lang='lat' dir='ltr'>quam</span> <span class='ocrx_word' id='word_1_410' title='bbox 473 2865 611 2904; x_wconf 87' lang='lat' dir='ltr'>alluant</span> <span class='ocrx_word' id='word_1_411' title='bbox 634 2879 751 2917; x_wconf 88' lang='lat' dir='ltr'>aquae</span> <span class='ocrx_word' id='word_1_412' title='bbox 777 2867 971 2918; x_wconf 88' lang='lat' dir='ltr'>superioris</span> <span class='ocrx_word' id='word_1_413' title='bbox 993 2867 1072 2906; x_wconf 90' lang='lat' dir='ltr'>Indi</span> <span class='ocrx_word' id='word_1_414' title='bbox 1098 2871 1132 2904; x_wconf 91' lang='lat' dir='ltr'>et</span> <span class='ocrx_word' id='word_1_415' title='bbox 1151 2867 1340 2905; x_wconf 86' lang='lat' dir='ltr'>fluviorum</span> <span class='ocrx_word' id='word_1_416' title='bbox 1357 2867 1478 2914; x_wconf 84' lang='lat' dir='ltr'>Suad,</span> <span class='ocrx_word' id='word_1_417' title='bbox 1509 2865 1670 2904; x_wconf 89' lang='lat' dir='ltr'>Causch-</span> 
     </span>
    </p>
   </div>
  </div>
 </body>
</html>
