1904 3304
441 252 524 292 118

833 246 1311 286 HERODOTI

411 362 530 401 8τῶν
560 357 734 407 οἰκίων,
766 355 840 398 καὶ
870 355 894 399 ὁ
922 354 1092 399 ἐκείνου
1122 354 1334 411 οἷδελφεός
1364 357 1570 410 Σμέρδις.
1629 356 1708 399 τὸν

439 429 518 485 μέν
546 444 630 470 νυν
659 425 843 483 μάλιστα
871 429 1004 482 χρῆν,
1035 425 1136 480 ἐμεῦ
1167 427 1321 482 αἰσχρὰ
1351 426 1462 481 πρὸς
1489 431 1577 469 τῶν
1608 425 1707 469 Μά-
1723 433 1765 468 15

438 515 531 555 νων
560 497 859 548 πεπονθότος,
888 495 1111 552 τιμωρέειν
1141 497 1260 552 ἐμοὶ,
1292 493 1422 549 οὗτος
1443 497 1522 553 μὲν
1543 496 1708 555 ἀνοσίῳ

441 569 561 627 μόρῳ
611 567 879 624 τετελεύτηκε
925 566 1012 611 ὑπὸ
1059 572 1149 611 τῶν
1191 568 1357 612 ἑωυτοῦ
1411 567 1708 624 οἰκηιοτάτων.

411 648 432 681 9
450 642 624 683 Τούτου
644 651 645 654 ’
668 640 713 683 δὲ
760 639 910 696 μηκέτι
952 638 1102 690 ἐόντος
1116 672 1127 691 ,

1187 637 1367 693 δεύτερα
1412 642 1502 682 τῶν
1543 643 1711 683 λοιπῶν

438 709 568 766 ὑμῖν,
609 705 643 753 ὦ
675 709 864 765 Πέρσαι,
902 711 1067 767 γίνεταί
1096 727 1171 766 μοι
1207 709 1550 765 ἀναγκαιότατον
1577 709 1768 754 ἐντέλ-Ξο

440 787 614 830 λεσθαι,
658 781 711 824 τά
738 783 852 825 θέλω
881 798 956 837 μοι
985 781 1207 838 γενέσθαι,
1248 785 1460 825 τελευτῶν
1489 780 1568 824 τόν
1596 783 1711 838 βίον.

386 853 513 897 ἱοκαὶ
542 852 595 908 δή
626 851 733 908 ὑμῖν
761 852 863 896 τάδε
893 851 1168 908 ἐπισκήπτω,
1206 853 1341 904 θεοὺς
1379 851 1484 911 τούς
1521 855 1712 910 βασιληΐ-

441 941 520 976 ovs
548 923 805 975 ἐπικαλέων,
839 924 911 968 καὶ
936 927 1070 966 πᾶσιν
1099 921 1228 979 ὑμῖν,
1267 924 1340 966 καὶ
1368 923 1554 978 μάλιστα
1580 924 1715 980 Ἀχαι-

441 995 651 1052 μενιδέων
680 999 794 1037 τοῖσι
821 998 1058 1048 παρεοῦσι,
1105 994 1162 1051 μή
1195 997 1408 1049 περιϊδεῖν
1440 995 1520 1051 τὴν
1556 993 1715 1051 ἡγεμο-

440 1068 541 1122 νίην
587 1061 709 1115 αὖτις
748 1064 790 1116 ἐς
827 1064 1014 1121 Μήδους
1059 1070 1405 1120 περιελθοῦσαν·
1465 1063 1590 1118 ἀλλ’,
1633 1067 1770 1109 εἴτε25

442 1137 557 1194 δόλῳ
599 1137 743 1191 ἔχουσι
778 1135 915 1191 αὐτὴν
951 1137 1232 1192 κτησάμενοι,
1275 1136 1389 1194 δόλῳ
1421 1136 1716 1192 ἀπαιρεθῆναι

440 1207 530 1252 ὑπὸ
562 1205 736 1262 ὑμέων·
796 1209 877 1251 εἴτε
917 1208 991 1251 καὶ
1029 1208 1182 1251 σθένεΐ
1211 1225 1293 1267 τεῳ
1333 1207 1714 1264 κατεργασάμενοι,

387 1279 591 1322 1Ῑσθένεϊ
618 1276 727 1321 κατοὶ
756 1276 804 1321 τὸ
836 1279 1047 1334 καρτερὸν
1077 1277 1401 1322 ἀνασώσασθαι.

442 1350 521 1406 μὲν
550 1352 724 1392 ποιεῦσι
764 1347 872 1404 ὑμῖν
907 1353 963 1407 γῆ
1000 1367 1044 1394 τε
1080 1348 1254 1406 καρπόν
1291 1349 1494 1405 ἐκφέροι,
1536 1348 1611 1392 καὶ
1638 1365 1718 1405 γυ-

440 1419 586 1472 ναῖκές
614 1435 658 1463 τε
687 1420 760 1464 καὶ
793 1421 974 1477 ποίμνια
993 1423 1201 1475 τίκτοιεν,
1232 1419 1354 1464 ἐοῦσι
1378 1420 1421 1472 ἐς
1441 1420 1520 1464 τὸν
1543 1419 1715 1463 ἅπαντα

441 1577 555 1628 χρῆν,
585 1573 681 1626 ἐμεῦ
702 1596 757 1604 —
780 1569 1049 1621 πεπονθότος,

385 1631 589 1684 τιμωρέειν
611 1629 714 1682 ἐμοὶ]
755 1631 841 1669 Non
858 1632 936 1669 sine
957 1643 1050 1680 qua-

386 1690 470 1727 dam
492 1689 525 1725 vi
545 1689 677 1725 dictum
695 1701 762 1737 pro
784 1686 872 1737 ἐμοὶ
904 1709 949 1715 —
983 1701 1049 1726 πε-

386 1740 571 1784 πονθότι.
602 1744 664 1781 Tu
674 1744 746 1781 vid.
758 1744 891 1781 Matth.
904 1745 967 1781 Gr.
983 1744 1048 1780 Gr.

386 1801 424 1853 ἓ.
447 1801 526 1842 561
548 1814 634 1851 pag·
658 1802 780 1846 1108,
811 1801 872 1849 qui
891 1801 987 1838 idem
1009 1797 1048 1849 ἓ.

387 1861 484 1904 622,
499 1858 523 1898 5
544 1870 628 1908 pag.
651 1858 757 1897 1263
779 1856 825 1893 de
846 1869 913 1893 usu
933 1858 1048 1907 parti-

386 1914 548 1952 cularum
573 1910 645 1962 μὲν
676 1916 714 1950 et
746 1909 789 1950 δὲ
816 1913 853 1949 in
885 1914 1048 1963 proxime

387 1983 492 2020 seqq.
505 1970 624 2008 verbis
646 1969 846 2006 admonuit.
863 1989 918 1996 —
941 1969 1048 2018 οἰκη-

389 2023 560 2067 ϊοτάτων
579 2039 659 2063 cum
672 2025 790 2065 Gaisf.
805 2025 971 2076 rescripsi
982 2038 1049 2076 pro

388 2078 692 2133 οἰκηϊωτάτων.
750 2081 791 2118 Ιη
809 2082 990 2119 Sancrosti
1007 2081 1050 2118 li-

387 2141 454 2178 bro
476 2147 512 2178 et
529 2139 628 2189 apud
640 2138 812 2175 Priscian.
832 2138 951 2176 XVIII
964 2151 1049 2190 pag.

391 2199 498 2238 1206
518 2199 637 2233 exstat
659 2194 758 2233 οἰκει
772 2189 944 2234 οτάτων.

446 2247 610 2303 δεύτερα
636 2253 715 2289 τῶν
748 2253 902 2290 λοιπῶν
934 2249 1046 2302 ὑμῖν]

388 2308 589 2346 Larcherus
608 2309 687 2346 τῶν
705 2309 855 2346 λοιπῶν
869 2309 904 2345 h.
919 2308 940 2345 l.
953 2309 1050 2345 idem

387 2365 512 2402 valere
532 2368 667 2410 censet,
683 2368 794 2412 atque
813 2366 884 2402 τοῦ
907 2365 1052 2403 λοιποῦ

387 2421 575 2468 (tandem,
608 2421 746 2469 enfin),
776 2433 978 2469 provocans
1003 2420 1049 2456 ad

388 2477 593 2514 Marcland.
613 2476 883 2513 Animadverss.
902 2477 950 2514 ad
969 2476 1052 2512 Ma-

388 2535 471 2571 xim.
501 2532 590 2581 Tyr.
623 2532 719 2569 Diss.
753 2532 854 2568 XVll
887 2547 922 2583 p.
957 2535 1051 2572 682.

388 2589 570 2638 Equidem
592 2601 670 2624 cum
693 2587 946 2638 Schweigh.in
962 2588 1050 2626 Lex.

389 2646 532 2683 Herod.
554 2658 581 2681 s.
603 2658 650 2691 v.,
670 2644 783 2681 verba
803 2647 882 2683 τῶν
900 2647 1052 2683 λοιπῶν

390 2703 527 2739 referre
556 2700 675 2737 malim
708 2700 755 2736 ad
791 2702 1053 2751 superiativum

391 2753 718 2810 ἀναγκαιότατον.
778 2757 848 2794 Hie
868 2759 962 2795 enim
984 2757 1053 2794 loci

391 2819 447 2852 est
487 2826 633 2852 sensus:
686 2812 776 2849 Tum
817 2813 973 2855 (mortuo
1006 2826 1054 2849 sc.

392 2871 553 2919 Smerdi)
576 2870 799 2919 reliquorum,
819 2871 934 2920 (quae
951 2870 1054 2907 vobis

1105 1587 1153 1612 sc.
1174 1574 1291 1611 habeo
1315 1573 1544 1621 mandanda)
1571 1573 1634 1610 hoc
1652 1574 1771 1609 maxi-

1104 1644 1155 1668 me
1172 1632 1402 1667 necessarium
1413 1631 1510 1667 vobis
1530 1629 1772 1667 mandandum

1104 1688 1223 1725 liabeo.

1105 1759 1215 1850 0225?
1234 1742 1772 1846 13052‘505530mss55552302.

1108 1860 1212 1899 1203
1244 1856 1291 1892 de
1314 1860 1534 1904 argumento
1553 1854 1649 1892 conf.
1678 1858 1770 1891 nott.

1104 1914 1153 1950 ad
1183 1912 1248 1959 111,
1280 1913 1345 1952 30.
1376 1915 1443 1953 61.
1491 1911 1534 1948 In
1557 1923 1660 1960 seqq.
1691 1923 1771 1948 cum

1106 1969 1223 2006 Gaisf.
1244 1968 1374 2017 reliqui
1401 1963 1695 2018 ἀπαιρεθῆναι,
1725 1968 1771 2006 cf.

1106 2026 1135 2072 1,
1156 2027 1221 2064 70.
1240 2024 1304 2070 ΙΙΙ,
1329 2026 1421 2065 126.
1473 2023 1648 2062 Formula
1671 2018 1771 2062 κατὰ

1105 2078 1150 2120 το“
1185 2077 1376 2133 καρτερόν
1409 2085 1529 2118 exstat
1564 2092 1712 2129 quoque
1742 2079 1772 2126 Ι,

1108 2140 1202 2179 212.
1260 2136 1342 2175 Nec
1363 2137 1538 2175 dissimile
1557 2132 1655 2174 κατὰ
1678 2131 1773 2184 κρά-

1106 2209 1183 2241 τος,
1206 2195 1254 2232 de
1270 2207 1342 2242 quo
1364 2194 1437 2230 vid.
1456 2193 1503 2230 ad
1516 2193 1678 2231 Ctesiam
1695 2191 1772 2229 Ex-

1106 2255 1237 2301 cerptt.
1256 2249 1376 2289 Perss.
1402 2248 1440 2300 ἓ.
1462 2252 1488 2289 7
1508 2262 1593 2300 pag.
1618 2250 1714 2289 112.

1164 2307 1332 2355 ποίμνια
1363 2303 1555 2356 τίκτοιεν]
1605 2304 1773 2355 ποίμνια

1108 2376 1191 2401 cum
1213 2362 1384 2411 Schwgh.
1411 2367 1447 2399 et
1459 2363 1576 2399 Gaisf.
1597 2362 1684 2399 dedi
1704 2372 1773 2410 pro

1107 2422 1297 2469 ποῖμναι,
1337 2419 1438 2467 qnod
1464 2418 1613 2454 retinuit
1639 2416 1772 2454 Matth.

1107 2476 1166 2513 Ad
1189 2474 1404 2513 sententiam
1430 2474 1604 2511 Valcken.
1632 2474 1774 2510 confert

1109 2531 1280 2581 Sophocl.
1302 2530 1397 2567 Oed.
1426 2529 1516 2578 Tyr.
1541 2531 1638 2576 277,
1664 2542 1773 2579 quem

1107 2588 1248 2625 Herod.
1262 2592 1299 2624 et
1312 2587 1345 2623 h.
1357 2586 1378 2623 l.
1402 2591 1437 2623 et
1450 2586 1512 2633 vl,
1529 2587 1607 2626 139
1620 2586 1771 2623 forsitan

1110 2642 1406 2693 respexerit,coll.
1421 2642 1625 2679 Philostrat.
1635 2643 1709 2679 vit.
1720 2640 1772 2678 A·

1109 2700 1195 2750 poll.
1211 2699 1272 2746 ΙΙΙ,
1285 2702 1351 2740 20.
1381 2699 1536 2749 Saepius
1547 2703 1667 2736 autem
1685 2698 1771 2735 talia

1111 2757 1146 2792 in
1172 2756 1334 2792 formulis
1355 2756 1653 2806 imprecationum
1673 2754 1771 2805 apud

1111 2816 1253 2849 veteres
1280 2811 1353 2860 legi
1384 2813 1479 2849 idem
1499 2811 1671 2849 Valcken.
1691 2822 1772 2848 mo-

1113 2873 1186 2906 net.
1209 2891 1263 2896 —
1292 2868 1439 2906 Verba:
1469 2864 1598 2920 πρὸς
1626 2862 1670 2906 δ’
1697 2864 1771 2906 ἔτι

1474 1278 1547 1322 καὶ
1576 1281 1715 1321 ταῦτα
1777 1292 1861 1333 230
