1904 3304
365 252 694 291 EXCURSUS
724 254 758 291 X
788 255 864 293 AD
893 255 1315 304 HERODOT.1V‚
1346 256 1410 299 44.
1557 262 1638 302 671

134 363 290 401 solidum
319 369 572 413 argumentum
605 366 676 403 huc
699 379 815 416 usque
845 368 1053 418 oppositum
1082 369 1214 416 fuisse,
1256 370 1293 406 id
1311 382 1397 407 vero
1416 371 1532 421 ipsum
1554 373 1641 411 nihil

134 433 344 478 continere,
374 433 473 481 quod
491 446 564 469 non
585 434 632 471 sit
648 434 938 472 verisimillimum
964 436 1107 485 riteque
1127 437 1283 485 cognitis
1304 437 1352 475 de
1370 438 1502 487 quibus
1519 441 1640 489 agitur

134 499 357 550 temporibus
377 505 415 538 ct
433 501 519 538 locis
537 514 684 551 prorsus
707 506 988 540 consentaneum
1004 517 1014 549 3
1043 503 1132 539 adeo
1149 507 1190 539 ut
1208 506 1283 542 iure
1301 518 1368 542 non
1390 507 1506 542 minus
1522 518 1639 544 veram

130 570 292 616 putemus
313 571 551 605 narrationem
573 569 747 606 Herodoti·
775 569 817 606 cle
835 569 963 620 Africa
984 573 1118 619 viginti
1138 575 1171 608 et
1197 573 1287 622 quod
1308 575 1464 610 excurrit
1491 576 1639 612 saeculis

132 639 213 671 ante
236 635 423 673 Vasconem
447 638 488 674 ‹le'
503 638 618 674 Gama
638 640 944 687 cz'rcmmzavegata
957 667 967 686 ‚
1000 651 1102 689 quam
1121 653 1210 690 quae
1230 641 1271 678 (le
1291 641 1395 678 liuius
1412 643 1641 690 navigatione

131 701 341 751 reseruntur.
354 705 378 723 “
408 704 520 754 (pag.
539 706 594 745 30
613 705 726 751 ibid.)

602 1092 1082 1142 EXCURSUS
1131 1098 1174 1142 X

457 1212 1362 1263 A1›HERODOT.1V‚44.

291 1424 369 1465 Ad
408 1424 570 1465 verba:
622 1422 833 1467 Σκύλακα
864 1422 1007 1479 ἄνδρα
1037 1425 1302 1478 Καρυανδέα
1331 1442 1357 1468 κ
1401 1442 1434 1468 τ.
1464 1430 1501 1469 λ.

235 1514 379 1563 Adhuc,
407 1517 507 1565 quod
528 1529 635 1554 nemo
656 1518 784 1564 nescit,
813 1522 935 1555 exstat
956 1517 1113 1567 Scylacis
1125 1519 1397 1566 Caryandensis
1419 1520 1564 1558 nomine
1582 1521 1636 1558 in-

123 1584 281 1634 scriptus
323 1585 549 1636 Περίπλους
588 1587 659 1634 τῆς
697 1581 905 1636 θαλάσσης
940 1588 1011 1637 τῆς
1048 1584 1286 1637 οἰκουμένης
1325 1582 1532 1638 Εὐρώπης·
1568 1587 1636 1627 καὶ

123 1645 255 1698 Ἀσίας
278 1650 346 1690 καὶ
370 1646 554 1702 Λιβύηςς
592 1653 690 1688 cuius
716 1653 796 1690 libri
828 1659 1013 1691 auctorem
1034 1655 1190 1691 eundem
1220 1667 1301 1691 esse
1325 1658 1436 1703 atque
1452 1656 1634 1693 Herodoti

124 1718 309 1770 Scylacem
336 1725 420 1770 post
445 1719 582 1757 Lucam
609 1720 778 1758 Holsten.
809 1723 865 1769 (in
893 1722 1077 1759 Bredowii
1108 1721 1242 1772 Epistt.
1274 1722 1408 1758 Patiss.
1437 1736 1523 1773 pag.
1552 1725 1636 1772 13),

121 1788 326 1824 Fabricium
348 1787 458 1838 (Bibl.
472 1788 537 1824 Gr.
555 1788 603 1824 lV
622 1801 706 1838 pag.
730 1791 811 1829 606
832 1789 1019 1837 Harles.)‚
1050 1788 1162 1835 alios,
1192 1793 1474 1827 commonstrare
1497 1792 1636 1828 studuit

122 1855 428 1892 santo-crucias
457 1856 513 1903 (in
535 1855 647 1892 Mem.
667 1857 714 1893 de
736 1856 872 1893 l'Acad.
894 1857 929 1893 d.
952 1857 1061 1893 lnscr.
1089 1856 1197 1893 Tom.
1217 1856 1319 1893 XLII
1338 1869 1423 1906 pag.
1447 1859 1527 1899 350
1550 1872 1632 1909 sqq.

122 1921 204 1959 coll.
220 1923 386 1960 Examen
411 1925 527 1972 critiq.
559 1924 625 1960 des
650 1923 732 1959 hist.
759 1924 990 1960 d’Alexandr.
1015 1936 1099 1973 pag.
1130 1925 1253 1969 730),
1295 1936 1401 1972 quem
1430 1930 1633 1973 sequuntur

122 1990 327 2028 Larcherus
353 1991 389 2027 in
423 1991 659 2027 annotatione
693 1991 741 2026 ad
766 1990 948 2027 Herodoti
981 1990 1096 2027 locum
1132 1994 1171 2026 et
1200 1990 1351 2027 Dureau
1380 1991 1426 2028 de
1453 1992 1487 2028 la
1521 1993 1632 2031 Malle

121 2057 379 2108 (Geographie
399 2058 578 2109 physique
599 2059 645 2096 de
665 2059 699 2095 la
723 2071 798 2095 mer
817 2058 920 2094 noire
941 2061 1009 2094 etc.
1029 2070 1113 2107 pag.
1129 2059 1180 2097 67
1200 2058 1277 2094 coll.
1298 2058 1487 2095 Mazocchi
1506 2060 1629 2097 Teubb.

120 2125 280 2163 Heracll.
304 2138 390 2176 pag.
415 2129 515 2173 101,
542 2126 602 2175 qui
624 2126 810 2176 Scylacem
833 2125 941 2176 paulo
962 2130 1047 2175 post
1068 2126 1299 2162 Herodotum
1331 2127 1517 2176 scripsisse
1545 2140 1630 2164 cen-

121 2195 209 2243 set).
268 2193 317 2230 At
343 2194 450 2231 alium
482 2207 562 2231 esse
593 2194 776 2244 Scylacem
806 2195 939 2244 primus
972 2193 1155 2229 contendit
1192 2192 1236 2228 ls.
1262 2192 1364 2229 Voss.
1401 2195 1437 2230 in
1469 2193 1630 2231 praefat.

121 2263 226 2311 (pag.
247 2262 328 2302 153
350 2260 395 2298 T.
413 2262 428 2297 Ι
451 2262 607 2310 Geogrr.
626 2263 735 2299 minu.
759 2264 816 2299 ed.
836 2262 961 2310 Gaii).
1024 2260 1110 2297 Tres
1132 2261 1278 2296 omnino
1301 2261 1497 2309 antiquitus
1520 2262 1630 2299 fuisse

124 2328 291 2379 Scylaces
311 2328 370 2366 ille
389 2330 514 2379 ponit,
545 2330 638 2368 bene
662 2330 963 2379 distinguendos3
1005 2341 1157 2377 quorum
1186 2328 1322 2377 primus
1346 2328 1515 2377 idemque
1536 2329 1630 2366 anti-

120 2397 311 2446 quissimus
331 2396 377 2433 ab
394 2397 585 2435 Herodoto
603 2403 924 2444 commemoretur,
962 2396 1064 2433 Darii
1090 2396 1286 2445 Hystaspis
1315 2395 1498 2445 aequalis3
1536 2396 1628 2434 alter

122 2465 188 2502 sub
214 2465 327 2502 Dario
357 2464 484 2501 Notho
515 2464 662 2512 vixerit,
711 2465 840 2502 tertius
874 2463 1016 2512 Polybi}
1049 2467 1181 2500 aetate.
1240 2463 1363 2513 Ipsum
1399 2463 1624 2513 opusculum,

122 2532 224 2581 quod
240 2532 400 2581 Scylacis
421 2532 487 2569 sub
504 2533 652 2570 nomine
677 2533 798 2570 adhuc
830 2532 964 2578 fertur,
1003 2528 1194 2581 ἐπιτομὴν
1214 2535 1252 2568 et
1271 2531 1524 2580 compendium
1548 2544 1626 2568 ma-

122 2598 206 2635 ioris
223 2600 341 2649 operis
366 2600 480 2637 fuisse
494 2599 610 2636 nullus
627 2600 778 2637 dubitat.
837 2598 944 2642 Quae
963 2598 1068 2636 valde
1086 2599 1312 2649 displicuisse
1330 2598 1400 2635 Iac.
1423 2599 1623 2645 Gronovio,

123 2679 168 2704 ex
190 2667 267 2704 eius
285 2667 509 2716 praefatione
529 2668 576 2704 ad
595 2668 709 2705 Henr.
732 2667 779 2704 de
797 2665 1012 2715 Bleyswyck
1032 2670 1186 2716 apparet
1199 2668 1303 2715 (pag.
1328 2665 1406 2706 155
1423 2679 1526 2715 seqq.
1544 2666 1621 2706 158

123 2746 200 2782 seq.
222 2733 282 2770 ed.
301 2733 440 2783 Gail.);
480 2736 537 2773 cui
562 2734 806 2786 adstipulatur
828 2734 966 2771 Coraes
995 2734 1042 2770 ad
1070 2733 1240 2769 strabon.
1260 2732 1346 2769 Xlll
1373 2746 1457 2782 pag.
1486 2734 1566 2773 583
1590 2745 1618 2767 s.

123 2802 206 2842 873
228 2800 271 2838 C.
295 2801 387 2837 trad.
412 2802 522 2852 franc.
581 2803 716 2840 Postea
732 2801 871 2839 exstitit
887 2801 1001 2838 Henr.
1020 2799 1220 2846 Dodwell.,
1256 2799 1318 2848 qui
1335 2799 1469 2850 Peripli
1494 2803 1619 2837 aucto-

122 2880 198 2905 rem
216 2869 263 2905 ab
283 2867 498 2906 Herodoteo
519 2869 670 2918 Scylace
690 2870 872 2906 diversum
892 2867 1079 2917 multoque
1098 2867 1273 2904 iuniorem
1291 2879 1333 2903 ac
1352 2867 1490 2915 Polybii
1506 2868 1618 2904 ferme

178 2935 386 2972 Hznonow.
427 2937 473 2973 ΙΙ.
1319 2932 1371 2972 43
