1904 3304
491 231 1170 270 MELPOMENE.1Y.

1385 234 1468 274 277

197 341 510 397 ἀπαρύσαντες,
541 340 747 396 ἡγεῦνται
778 339 889 385 εἶναι
918 339 1196 398 τιμιώτερον·
1230 340 1278 385 τό
1308 340 1343 384 δ’
1372 340 1468 385 ὑπι-

167 412 432 468 δστάμενον,
474 408 612 468 ἧσσον
652 417 736 456 τοῦ
775 412 936 468 ἑτέρου.
995 411 1167 456 τούτων
1208 413 1287 468 μὲν
1321 414 1463 456 εἵνεκα

194 484 364 528 ἅπαντα
390 483 469 526 τὸν
499 482 554 526 ἂν
580 483 747 539 λάβωσι
778 487 821 527 οἱ
851 484 1045 532 Σκύθαι,
1080 483 1366 538 ἐκτυφλοῦσι·
1407 482 1462 527 οὐ
1475 490 1519 525 35

108 558 138 601 3
192 554 276 611 γάρ
308 552 463 609 ἀρόται
493 555 592 607 εἰσὶ,
625 553 733 598 ἀλλὰ
761 554 958 611 νομάδες.
1015 553 1088 598 Ἐκ
1116 554 1287 599 τούτων
1316 554 1369 611 δή
1401 549 1464 598 οἷν

192 638 272 682 σφι
299 629 388 668 τῶν
416 625 591 670 δούλων
613 627 685 670 καὶ
707 630 794 669 τῶν
815 630 1038 682 γυναικῶν
1061 626 1279 682 ἐπετράφη
1302 626 1463 683 νεότης·

190 701 234 741 οἳ
262 697 354 740 ἐπεί
382 712 426 740 τε
457 697 623 752 ἔμαθον
652 696 733 753 τὴν
763 697 980 753 σφετέρην
1008 697 1198 753 γένεσιν,
1227 696 1460 754 ἠντιοῦντο

163 768 369 813 Ξαύτοῖσι
406 772 605 811 κατιοῦσι
648 768 694 811 ἐκ
730 773 818 811 τῶν
860 768 1042 824 Μήδων.

1101 769 1174 812 καὶ
1200 773 1351 824 πρῶτα
1382 769 1462 824 μὲν

185 841 264 898 τὴν
294 840 442 896 χώρην
471 838 764 896 ἀπετάμοντο,
795 837 966 895 τάφρον
996 838 1257 896 ὀρυξάμενοι
1287 837 1458 897 εὐρέαν,

130 1031 204 1054 non
222 1018 398 1067 praebere
418 1018 601 1065 butyrum.
641 1016 690 1053 At
707 1016 791 1053 Rit-

129 1080 196 1112 ter.
225 1074 393 1111 Vorhalle
413 1087 448 1124 p.
470 1074 565 1119 357,
587 1074 654 1109 hoc
671 1074 789 1122 ipsum

128 1132 175 1168 ad
222 1131 343 1180 butyri
388 1131 499 1168 refert
545 1131 789 1180 parationem,

127 1200 224 1236 quae
257 1187 409 1224 Graecis
447 1190 558 1224 antea
603 1186 789 1235 incognita

128 1243 271 1293 Scythis
302 1243 412 1279 Ponti
440 1244 568 1279 accolis
601 1244 700 1293 prius
731 1243 787 1278 in-

127 1301 288 1337 notuisse
308 1300 489 1347 videatur,
509 1312 677 1348 quaeque
690 1299 788 1349 apud

130 1357 294 1393 Graecos
334 1353 501 1392 Aristeae
547 1356 787 1393 adscribatur.

128 1412 185 1450 De
205 1412 349 1449 Ariste&
370 1413 464 1448 conf.
487 1412 549 1458 lv,
573 1414 623 1452 13
646 1425 722 1461 seq.

172 1465 220 1507 ου’
240 1465 314 1520 γάρ
335 1464 473 1517 α’ρόται
496 1467 585 1514 εἰσὶ,
603 1464 700 1506 άλλοῖ
717 1483 785 1507 νο-

126 1522 261 1575 μάδες]
302 1525 483 1574 „Nempe
516 1538 590 1561 non
619 1525 687 1561 nisi
718 1538 786 1562 no-

124 1582 250 1619 mades
278 1583 320 1628 (i.
343 1594 372 1618 e.
402 1582 590 1631 pastores)
624 1581 785 1631 Scythae

124 1642 321 1676 excaecant
339 1650 485 1682 servos3
516 1650 606 1686 agro
631 1638 784 1676 colendo

123 1697 220 1731 caeci
243 1707 370 1744 parum
392 1694 530 1731 habiles
554 1700 660 1732 erant
688 1695 785 1732 futu-

121 1752 161 1788 ri.
173 1753 198 1771 “
231 1751 553 1799 Schweighaeuser.

353 1809 460 1857 Cap.
493 1807 554 1844 lll.

176 1859 241 1902 Ἐκ
260 1860 458 1902 τούτων-
472 1858 674 1915 ἐπετράφη
695 1859 784 1902 νεό-

123 1921 206 1970 της]
239 1916 390 1958 τούτων
414 1933 480 1970 pro
504 1919 674 1959 τουτέων
697 1921 783 1957 scri-

123 1977 180 2026 psi
230 1989 308 2013 cum
351 1977 468 2014 Gaisf.
511 1981 548 2014 et
589 1976 782 2023 Matthiae,

123 2034 282 2082 itemque
304 2028 506 2083 ἐπετράφη
523 2047 601 2070 cum
612 2033 780 2081 Schwgh.

123 2093 159 2126 et
189 2089 305 2125 Gaisf.
339 2103 405 2139 pro
438 2089 572 2137 vulgat.
613 2084 781 2140 ἐτράφη,

122 2147 223 2194 quod
240 2147 397 2182 servavit
418 2146 552 2182 Matth.
573 2158 646 2181 non
666 2146 782 2196 respi-

122 2202 218 2239 ciens
238 2203 369 2252 opinor
396 2215 474 2239 eam
498 2203 591 2248 vim,
632 2215 724 2251 quae
746 2202 779 2238 h.

121 2257 143 2294 l.
163 2259 199 2295 in
218 2259 492 2308 praepositione
513 2257 575 2297 ἐπὶ
596 2258 715 2295 inesse
728 2259 781 2294 vi-

121 2314 240 2352 detur.
300 2316 412 2358 Quod
442 2316 605 2364 sequitur
635 2315 692 2362 οἳ,
732 2316 781 2351 ad

122 2367 259 2420 νεότης
300 2372 551 2418 referendum,
603 2371 781 2408 structura

123 2427 169 2463 ad
191 2440 335 2464 sensum
366 2441 460 2477 quae
488 2429 641 2474 dicitur,
682 2428 780 2464 haud

123 2483 352 2532 infrequenti.
380 2505 434 2511 —
479 2485 615 2522 Servos
657 2489 779 2521 autem

123 2537 250 2586 hosce,
299 2554 372 2576 non
418 2540 507 2578 alios
544 2554 624 2578 esse
668 2545 779 2590 atque

126 2594 256 2631 Sindos
279 2597 469 2644 ignobiles,
509 2611 601 2646 quos
620 2610 780 2634 comme-

123 2656 239 2686 morat
287 2653 494 2690 Ammianus
545 2653 778 2691 Marcellinus

122 2706 239 2752 XXII,
262 2708 299 2753 8,
331 2710 456 2746 statuit
474 2710 515 2746 P.
538 2711 585 2747 de
603 2711 776 2759 Kbppen.

123 2763 159 2798 in
180 2762 283 2810 libro,
313 2765 374 2812 qui
396 2765 622 2803 inscribitur:
660 2766 779 2804 Alter—

122 2818 262 2856 thiimer
314 2833 370 2856 am
408 2820 667 2870 Nordgestade
713 2823 776 2861 des

122 2874 259 2912 Pontus
281 2876 418 2921 (Wien.
442 2879 568 2926 1823)
593 2891 679 2929 pag.
700 2881 777 2925 ὁδ’,

849 1014 956 1052 Plinii
971 1028 1118 1065 quoque
1136 1016 1206 1053 huc
1220 1016 1369 1054 trahens
1387 1017 1509 1064 regio-

848 1085 930 1109 nem
963 1071 1136 1123 Scythiae
1159 1071 1372 1120 Swzdicam,
1410 1073 1509 1110 Hist.

846 1128 937 1166 Nat.
963 1129 1024 1176 lV,
1048 1131 1111 1170 12.

903 1182 978 1236 τήν
996 1181 1130 1237 χώρην
1149 1181 1412 1236 α’πετάμοντο]
1435 1185 1457 1221 i.
1475 1198 1506 1222 e.

848 1246 999 1290 terram,
1030 1255 1135 1292 quam
1158 1243 1345 1288 tenebant,
1375 1243 1508 1279 abscis-

849 1303 969 1335 serzmt
1011 1298 1060 1348 (a
1091 1299 1231 1349 reliqua
1262 1298 1337 1336 scil.
1368 1299 1509 1347 terra),

841 1354 950 1405 fossat
988 1355 1110 1393 ιῖιιεΐᾶ,
1181 1355 1238 1393 De
1275 1368 1364 1392 voce
1406 1349 1509 1394 οἷπο-

845 1410 1062 1461 τέμνεσθαι
1093 1412 1272 1462 quaedam
1303 1412 1508 1448 notavimus

844 1469 893 1505 ad
910 1468 1092 1506 Plutarchi
1120 1468 1348 1519 Philopoem.
1380 1481 1415 1518 p.
1442 1470 1508 1508 60.

843 1546 899 1553 —
930 1525 1051 1575 Ipsam
1087 1530 1210 1562 autem
1247 1525 1382 1561 fossam
1412 1525 1507 1561 infra

842 1594 990 1630 quoque
1013 1582 1077 1627 lv,
1096 1584 1150 1622 20
1181 1580 1261 1618 coll.
1283 1583 1337 1620 28
1367 1579 1505 1618 Noster

841 1642 1112 1684 commemorat,
1145 1639 1304 1686 itemque
1324 1637 1504 1674 Tauricos

841 1699 983 1732 montes
1018 1707 1062 1731 ex
1094 1695 1162 1731 hoc
1195 1695 1275 1744 ipso
1303 1693 1383 1731 loco
1415 1694 1503 1730 citat

840 1751 1057 1788 Eustathius
1097 1752 1145 1788 ad
1176 1751 1328 1801 Dionys.
1358 1749 1501 1799 Perieg.

844 1811 947 1856 163,
992 1808 1029 1844 in
1071 1807 1302 1845 Chersoneso
1341 1806 1502 1843 Taurica

840 1865 916 1902 sive
949 1864 1158 1902 Crimmaea
1197 1869 1234 1902 et
1272 1864 1419 1913 quidem
1458 1876 1502 1900 ea

839 1925 969 1971 parte,
1007 1921 1079 1969 qua
1103 1921 1303 1957 continenti
1329 1921 1502 1969 iungitur,

839 1976 1081 2026 probabiliter
1100 1978 1342 2026 quaerendos.
1374 1976 1431 2013 Ab
1444 1976 1500 2012 his

839 2034 950 2081 igitur
986 2034 1169 2069 montibus
1199 2046 1294 2081 quae
1324 2034 1422 2069 fossa
1453 2033 1500 2068 ad

839 2089 953 2126 lacum
985 2089 1206 2126 Maeoticum
1236 2102 1352 2138 usque
1381 2089 1499 2126 dedu-

840 2150 897 2182 cta
927 2145 1078 2190 dicitur,
1118 2145 1266 2182 minime
1302 2144 1383 2181 talis
1418 2157 1499 2182 esse

838 2202 977 2251 potuit,
1015 2202 1096 2238 mea
1117 2203 1263 2251 quidem
1288 2214 1330 2239 ex
1352 2205 1500 2238 senten-

838 2258 908 2305 tia,
939 2271 1035 2307 quae
1058 2258 1254 2305 Isthmum,
1282 2257 1497 2306 angustissi-

838 2328 937 2352 mum
957 2315 1053 2351 illum
1074 2315 1243 2363 quidem,
1283 2327 1356 2363 quo
1381 2314 1497 2351 Cher-

838 2384 990 2409 sonesus
1016 2384 1097 2408 cum
1125 2371 1323 2408 continenti
1350 2371 1497 2408 coniun-

837 2429 956 2477 gitur,
1011 2428 1244 2478 interciperet
1285 2428 1497 2476 aditumque

837 2485 873 2521 in
904 2485 1022 2535 ipsam
1053 2484 1249 2521 Tauricam
1276 2483 1497 2521 interclude-

836 2544 902 2578 ret.
962 2542 1196 2589 Quamquam
1224 2540 1307 2577 olim
1334 2539 1404 2577 illic
1435 2553 1496 2577 ex-

837 2598 972 2635 stitisse
993 2598 1162 2634 dicuntur
1180 2597 1419 2643 munimenta,
1449 2597 1498 2633 ad

835 2653 1084 2691 Romanorum
1123 2658 1281 2691 aetatem
1313 2653 1500 2703 pertinen⁶

835 2710 915 2756 tia·‚
943 2711 1042 2748 unde
1067 2711 1134 2759 ipsi
1158 2710 1238 2747 loco
1261 2722 1395 2747 nomen
1425 2708 1500 2746 Ta-

832 2766 946 2816 phrae
966 2766 1172 2816 (Taphros)
1193 2771 1288 2804 teste
1311 2766 1430 2802 Plinio
1449 2766 1498 2801 H.

835 2822 883 2860 N.
907 2823 970 2870 IV,
995 2825 1049 2863 26
1069 2819 1164 2875 (12)
1185 2822 1262 2859 coll.
1285 2822 1406 2858 Strab.
1426 2820 1494 2858 Vll

834 2893 869 2929 p.
891 2881 973 2921 308
1000 2893 1025 2916 s.
1047 2893 1081 2930 p.
1112 2878 1194 2920 473
1222 2879 1281 2925 B.,
1315 2891 1387 2927 quo
1414 2877 1495 2914 loco

1519 552 1664 594 laventur}
1691 562 1709 582 e
1733 562 1796 581 ser-

1520 590 1709 649 ὶὶέἱὲἒέἐὲῗ,
1722 588 1795 623 ⁵⁰y‘
