1904 3304
121 354 208 374 num:
233 345 275 373 ibt
294 345 400 373 {kam-

124 389 199 416 paeo
219 380 301 407 fonte
322 380 402 407 infe-

123 418 206 447 ctus,
226 413 267 440 lV
284 412 400 441 dierum

122 448 315 482 navigatione
334 456 400 482 pcr-

123 489 245 508 amarus
260 481 297 508 ad
318 489 401 508 mare

124 515 245 542 defluit:
279 514 400 541 minimo

124 549 204 582 apud
222 548 367 575 Alazonas
384 556 404 575 a

125 584 171 623 [ry
177 591 211 610 ra
227 582 325 616 spatio
343 582 403 609 dis-

125 621 258 644 iunctus.

454 243 540 283 386

853 237 1323 277 HERODOTI

458 347 676 405 ποταμὸς,
709 346 795 404 ῥέει
824 347 894 391 ἐπὶ
923 347 1002 404 μὲν
1023 345 1149 391 πέντε
1167 345 1366 403 ἡμερέων
1386 345 1525 390 πλόον
1552 343 1727 402 βραχύς,

457 421 531 465 καὶ
549 417 712 476 γλυκύς
736 418 821 461 ἔτι·
870 417 955 462 ἀπὸ
982 418 1027 462 δὲ
1048 417 1229 470 τούτου,
1258 417 1367 472 πρὸς
1387 417 1611 473 θαλάσσης
1632 427 1728 460 τεσ-

431 491 604 544 Βσέρων
625 487 824 546 ἡμερέων
844 488 986 533 πλόον
1000 521 1010 538 ,
1040 487 1196 543 πικρός
1219 490 1361 540 αἰνῶς.
1399 489 1568 532 ἐκδιδοῖ
1582 490 1666 543 γὰρ
1687 487 1728 537 ἐς

405 736 590 788 Μαιῆτίς
608 751 648 776 τε
666 735 846 776 καλέεται
873 735 942 775 καὶ
968 731 1066 787 μή·

403 810 493 846 τηρ
518 795 606 833 τοῦ
641 790 862 840 Πόντου,
904 807 977 843 quo
1005 806 1068 830 eo-

405 852 490 889 dem
521 851 633 888 modo
668 850 808 888 loeutus
835 854 891 888 est
911 851 1066 899 Dionys.

404 908 550 957 Perieg.
587 907 665 948 165
699 907 776 944 coll.
807 906 898 944 Plin.
932 907 980 943 H.
1018 905 1066 942 N.

406 964 477 1010 VI,
509 967 546 1003 7.
598 962 727 1001 Avien.
760 963 941 1014 Descript.
974 963 1065 999 Orb.

406 1019 501 1061 245.
536 1020 600 1057 Or.
634 1021 752 1058 marit.
777 1021 871 1061 393.
924 1019 954 1055 A
995 1031 1068 1067 quo

406 1089 479 1113 non
499 1076 635 1122 differt,
652 1077 752 1126 quod
773 1080 869 1113 teste
886 1075 1070 1112 Strabone

406 1133 438 1168 V
465 1145 550 1183 pag.
574 1132 658 1173 214
686 1146 722 1182 p.
758 1133 837 1172 109
863 1131 1070 1168 Tzsch'uck.

405 1188 545 1225 Timavi
571 1189 716 1226 accolae
744 1201 845 1224 suam
879 1188 1070 1235 regionem

406 1241 543 1295 πηγήν
573 1243 639 1283 καὶ
674 1242 820 1294 μητέρα
859 1239 1069 1292 θαλάσσης

405 1301 678 1351 perhibuerunt.
710 1300 832 1349 Atque
853 1300 998 1350 saepius
1019 1300 1069 1336 sic

404 1362 597 1394 occurrunt
613 1360 738 1407 pater,
768 1359 899 1402 mater,
926 1369 1067 1406 parem,

406 1418 447 1450 ut
467 1413 607 1450 monuit
629 1413 848 1451 Tzschucke
876 1413 923 1450 ad
947 1412 1069 1449 Melae

406 1470 428 1507 l.
448 1469 470 1508 l.
503 1482 590 1520 pag.
616 1472 669 1510 37
701 1474 795 1506 nott.
824 1482 954 1518 exegg.
985 1468 1067 1505 vol.

404 1525 456 1563 ΙΙΙ
480 1526 522 1562 P.
546 1526 602 1573 ll,
643 1524 804 1562 BIaeotis
833 1531 954 1563 autem
976 1524 1068 1561 ,Μα-

405 1585 459 1619 ter
478 1580 589 1619 Ponti
617 1582 710 1618 hanc
730 1583 778 1618 ob
799 1594 945 1619 causam
969 1582 1069 1618 dice-

404 1639 531 1684 batur,
562 1638 663 1687 quod
686 1638 790 1674 huius
806 1637 865 1675 ille
886 1638 990 1687 quasi
1012 1638 1069 1686 gi-

405 1695 530 1744 gnitur
549 1695 653 1744 aquis
678 1699 715 1732 et
734 1694 837 1731 alitur
855 1694 930 1731 sive
950 1695 1066 1731 incre-

406 1755 532 1788 menta
565 1751 672 1801 capit.
729 1751 862 1788 Ritter.
895 1749 1066 1787 Vorhalle

405 1819 492 1857 pag.
509 1807 563 1847 57
584 1820 663 1856 seq.
682 1806 762 1844 coll.
786 1806 865 1847 185
883 1806 1069 1844 huiusmo-

407 1864 444 1900 di
464 1862 725 1914 appellationes
746 1863 794 1900 ad
814 1863 966 1901 Veneris
992 1864 1068 1900 sive

405 1919 570 1969 Magnae
597 1920 756 1957 omnium
787 1920 823 1956 in
855 1924 983 1957 natura
1007 1932 1066 1956 re-

406 1989 486 2013 rum
524 1975 657 2013 Matris
700 1976 835 2013 cultum
878 1977 927 2013 ad
959 1976 1067 2013 Ponti

406 2045 492 2069 oras
511 2045 555 2070 ex
567 2033 670 2069 India
689 2032 836 2069 allatum
858 2033 981 2069 refert.
1010 2032 1067 2069 De

407 2101 480 2139 quo
505 2089 583 2139 ipse
603 2089 736 2126 viderit
753 2089 807 2126 vir
825 2089 1067 2126 doctissimus.

464 2143 530 2184 ἐπὶ
588 2141 660 2195 μὲν
719 2143 836 2184 πέντε
885 2143 1068 2196 ἡμερέων

405 2197 550 2250 πλόον]
584 2201 752 2246 Quatuor
769 2203 908 2240 dierum
925 2202 1069 2249 itinera,

405 2270 502 2307 quae
528 2270 611 2294 mox
632 2259 891 2308 proferuntur,
921 2259 951 2295 si
974 2258 1068 2296 adii-

407 2313 575 2359 ciantur,
615 2326 745 2352 novem
774 2315 914 2352 dierum
944 2315 1069 2352 existit

408 2370 500 2416 iter,
538 2371 639 2418 quod
666 2383 744 2407 cum
773 2371 872 2407 fluvii
903 2371 1066 2420 longitu-

406 2426 511 2471 dine,
563 2438 660 2475 quae
683 2431 739 2463 est
770 2427 958 2475 octoginta
989 2427 1068 2464 mil-

405 2481 525 2527 liarr.‚
573 2484 766 2520 convenire
802 2488 927 2520 monet
959 2483 1067 2520 Man-

405 2543 499 2576 nert.
523 2537 571 2574 IV
598 2550 681 2588 pag.
704 2540 770 2579 75.
799 2560 854 2566 ——
892 2539 933 2576 In
964 2553 1066 2589 seqq.

406 2595 533 2645 scripsi
561 2607 641 2631 cum
661 2595 865 2644 Scliweigh.
891 2600 928 2633 et
950 2596 1067 2633 Gaisf.

408 2647 558 2702 βραχιῖς
589 2649 657 2689 καὶ
696 2649 842 2702 γλυκύς
875 2651 965 2698 ἔτι,
1007 2652 1066 2689 ubi

407 2720 474 2758 pro
495 2706 550 2745 ἔτι
568 2707 676 2756 vulgo
697 2707 797 2754 ἐστι’,
823 2709 922 2757 quod
947 2709 1066 2757 ipsum

407 2764 552 2801 retinuit
573 2763 769 2801 Matthiae.
799 2763 909 2814 Apud
929 2763 1065 2801 Melam

405 2818 426 2857 l.
456 2819 478 2856 l.
507 2820 679 2867 legimus:
739 2847 764 2866 „
778 2821 986 2871 (Hypanis)
1027 2826 1066 2858 et

404 2875 491 2922 diu,
530 2876 648 2926 qualis
675 2881 781 2914 natus
805 2882 883 2923 est,
923 2877 1063 2914 defluit.

462 559 599 604 αὐτόν
638 560 777 617 κρήνη
815 560 972 618 πικρὴ,
1014 560 1132 604 οὕτω
1168 557 1222 614 δὴ
1259 575 1300 601 τι
1331 559 1466 603 ἐοῦσα
1494 559 1649 615 πικρὴ,
1699 558 1728 615 ἢ

1126 734 1297 772 Tandem
1327 746 1401 771 non
1428 734 1540 782 longe
1571 748 1593 772 a
1623 736 1714 772 mari
1739 747 1783 772 ex

1124 804 1237 842 parvo
1259 791 1382 838 fonte,
1416 792 1472 828 cui
1495 790 1705 842 Exampaeo
1723 804 1784 828 co-

1125 860 1284 897 gnomen
1306 852 1372 893 est,
1395 848 1488 885 adeo
1507 859 1649 885 amaras
1671 859 1784 896 aquas

1125 905 1277 954 accipit,
1308 909 1344 939 ut
1367 905 1444 954 ipse
1464 916 1612 954 quoque
1636 905 1708 940 iam
1728 905 1784 941 sui

1125 960 1306 997 dissimilis
1329 965 1364 997 et
1385 974 1457 997 nou
1485 960 1598 998 dulcis
1618 959 1701 998 hinc
1720 961 1786 997 ‹le-

1126 1019 1265 1053 ssuat.“

1183 1069 1324 1122 πικρὸς
1345 1072 1481 1122 αἰνῶς]
1523 1071 1707 1122 Hesychio
1727 1071 1784 1107 in-

1126 1135 1286 1179 terprete
1308 1129 1320 1165 l
1342 1143 1425 1179 pag.
1453 1129 1528 1170 164
1548 1129 1672 1175 αἰνῶς
1690 1127 1785 1166 valet

1128 1187 1267 1231 δεινῶς
1290 1185 1354 1223 καὶ
1376 1188 1574 1234 χαλεπῶς,
1604 1184 1671 1223 καὶ
1695 1185 1784 1222 λίαν

1126 1238 1154 1291 ἢ
1174 1236 1350 1291 μάλιστα.
1383 1242 1440 1278 Cf.
1465 1242 1525 1288 IV,
1545 1244 1597 1283 61
1617 1241 1695 1278 coll.
1720 1242 1785 1280 76.

1126 1298 1294 1349 Apollon.
1313 1298 1432 1334 Rhod.
1458 1298 1520 1343 ill,
1547 1298 1611 1344 15,
1632 1296 1726 1338 480.

1185 1350 1289 1393 οὕτω
1318 1349 1368 1403 δή
1399 1369 1435 1392 τι
1459 1353 1579 1394 ἐοῦσα
1606 1369 1640 1392 κ.
1668 1369 1701 1392 τ.
1734 1352 1782 1404 λ.]

1126 1410 1185 1447 Ad
1209 1410 1274 1447 loci
1300 1416 1518 1448 structuram
1538 1412 1582 1450 cf.
1604 1410 1786 1448 Matthiae

1127 1467 1192 1503 Gr.
1212 1468 1277 1504 Gr.
1299 1466 1336 1518 ᾖ.
1357 1467 1439 1508 479
1458 1474 1535 1504 not.
1559 1470 1579 1508 1
1601 1480 1687 1518 pag.
1703 1467 1786 1508 895

1126 1521 1164 1573 ἓ.
1185 1522 1280 1569 487,
1303 1526 1329 1564 4
1347 1537 1382 1573 p.
1407 1526 1500 1564 912.
1553 1524 1694 1567 Quibus
1718 1523 1783 1560 Cr.

1126 1580 1344 1629 adscripsit:
1410 1581 1556 1626 „Confi
1599 1580 1786 1617 Schaeseri

1124 1635 1266 1673 Melett.
1294 1649 1330 1685 p.
1349 1639 1413 1676 71.
1451 1636 1573 1673 Fluxit
1590 1641 1710 1673 autem
1730 1635 1786 1672 hic

1124 1705 1210 1728 usus
1249 1692 1487 1729 Herodoteus
1527 1705 1570 1730 ex
1607 1692 1784 1730 Homero.

1123 1749 1206 1785 Vid.
1226 1749 1361 1798 Odyss.
1381 1748 1478 1795 XlV‚
1499 1747 1582 1790 402
1600 1770 1642 1775 -
1659 1749 1785 1790 404.“

1124 1804 1363 1842 Valckenaer.
1373 1805 1530 1842 afferens
1543 1806 1642 1842 locos
1655 1806 1682 1851 1,
1695 1805 1784 1846 163.

1125 1861 1189 1907 Ill,
1212 1863 1302 1901 120.
1324 1861 1385 1906 lV,
1409 1863 1473 1903 28.
1499 1861 1591 1908 184,
1603 1861 1704 1911 fons,
1721 1861 1785 1906 ait,

1125 1918 1210 1954 adeo
1231 1921 1306 1953 erat
1322 1930 1478 1962 amarus,
1507 1921 1561 1964 ut,
1583 1931 1688 1969 quum
1710 1919 1785 1954 exi-

1124 1987 1219 2023 guus
1238 1978 1344 2022 esset,
1382 1973 1560 2025 Hypanin
1583 1976 1721 2026 flumen
1746 1975 1786 2011 in

1120 2033 1250 2081 paucis
1277 2043 1445 2079 magnum
1471 2033 1616 2069 vitiaret
1650 2032 1786 2068 amari-

1126 2088 1285 2125 tudinem
1303 2101 1403 2124 suam
1420 2088 1605 2126 miscendo.
1662 2087 1785 2137 Atque

1125 2147 1244 2199 κιρνᾷ
1290 2146 1386 2183 idem
1432 2145 1510 2183 vult
1549 2158 1631 2184 esse
1672 2149 1785 2193 atque

1127 2198 1279 2241 ἄποτον
1299 2199 1443 2247 ποιέει,
1474 2206 1514 2238 ut
1534 2202 1627 2238 infra
1646 2199 1784 2239 Noster

1125 2257 1285 2308 loquitur
1315 2258 1383 2305 lv,
1419 2260 1468 2298 81
1486 2286 1496 2303 ,
1533 2258 1696 2299 eiusdem
1732 2256 1783 2293 rei

1125 2314 1346 2352 mentionem
1364 2315 1510 2352 faciens.
1542 2313 1660 2356 Quem
1678 2325 1784 2363 prae-

1125 2375 1181 2408 ter
1207 2370 1294 2408 Mel.
1327 2370 1348 2410 l.
1381 2369 1404 2406 l.
1434 2375 1672 2419 respexerunt
1709 2370 1785 2406 Eu-

1124 2427 1232 2464 stath.
1255 2427 1301 2463 ad
1320 2426 1474 2474 Dionys.
1495 2426 1637 2475 Perieg.
1662 2425 1782 2471 1143,

1124 2484 1259 2521 Athen.
1282 2483 1312 2519 ll
1343 2496 1377 2531 p.
1399 2483 1451 2523 43
1472 2483 1514 2519 C.
1539 2482 1584 2520 D.
1625 2482 1783 2520 Pausan.

1126 2539 1267 2586 lV,35,
1293 2538 1363 2575 alii.
1397 2538 1515 2588 lpsum
1541 2540 1681 2577 sontem
1698 2551 1787 2589 pro-
1856 2571 1862 2577 .

1123 2609 1171 2647 pc
1193 2596 1317 2632 urbem
1336 2595 1513 2641 Braclow,
1544 2601 1584 2632 ut
1602 2609 1698 2633 nunc
1719 2608 1783 2632 vo·

1123 2657 1246 2698 catur,
1288 2653 1537 2700 quaerendum
1562 2665 1641 2690 esse
1661 2656 1784 2689 censet

1123 2708 1305 2745 Mannert.
1332 2708 1378 2743 lV
1405 2721 1441 2758 p.
1475 2708 1540 2750 94.
1583 2708 1778 2746 Reichard.

1122 2778 1158 2814 p.
1182 2765 1234 2805 25
1262 2764 1391 2814 respici
1414 2770 1518 2814 putat
1535 2765 1650 2802 locum
1664 2776 1779 2814 quen-

1123 2821 1208 2857 dam
1238 2820 1434 2867 Podoliae,
1474 2822 1621 2859 nomine
1648 2820 1780 2871 Lady-

1122 2877 1244 2922 schin,
1278 2877 1327 2913 ad
1352 2877 1623 2915 meridionalem
1650 2878 1782 2928 Hypa-
