1904 3304
485 289 569 329 532
891 283 1360 322 HERODOTI

492 396 736 447 Φοινίκων,
767 392 840 436 καὶ
871 390 924 448 δή
956 392 1030 434 καὶ
1058 396 1147 435 τῶν
1176 393 1348 436 ἑωυτοῦ
1379 391 1623 448 συγγενέων
1645 394 1764 447 Μεμ-
1776 398 1820 433 55

492 470 696 523 βλίαρον·
728 461 854 507 οὗτοι
884 462 1088 516 ἐνέμοντο
1118 462 1197 518 τὴν
1228 465 1470 519 Καλλίστην
1499 463 1765 518 καλεομένην

495 539 561 582 ἐπὶ
592 535 768 593 γενεάς,
799 535 904 590 πρὶν
933 532 961 588 ἢ
995 531 1144 589 Θήραν
1173 533 1316 576 ἐλθεῖν
1348 535 1394 577 ἐκ
1427 535 1763 589 Λακεδαίμονος,

337 614 437 659 148
497 608 610 652 ὀκτώ
643 605 831 662 ἀνδρῶν.
888 606 982 648 Ἐπὶ
1013 605 1196 655 τούτους
1223 603 1274 658 δή
1309 598 1370 646 ὧν
1401 602 1424 646 ὁ
1460 603 1626 660 Θήρας,
1657 602 1766 647 λαόν

162 680 443 742 ,Ιὲᾖῑρζζζζιζιξξῑάζ
503 679 612 734 ἔχων
641 676 727 720 ἀπὸ
764 682 853 720 τῶν
892 675 1091 731 φυλέων,
1130 675 1317 725 ἔστελλε,
1362 675 1636 731 συνοικήσων
1671 674 1768 718 τού-

164 745 446 816 Ἰέιρξῧῖζζῗζξξόἶιξῇ,
504 760 640 801 τοισι,
693 748 768 791 καὶ
814 746 1017 802 οὐδαμῶς
1059 745 1211 797 ἐξελῶν
1250 743 1435 798 αὐτοὺς,
1484 744 1592 789 ἀλλὰ
1631 746 1825 800 κᾶρταὸο

166 811 446 879 ξ’,ῗὶῑῖοῗξῖωζξξψῐάῧ
473 818 818 876 Ξοίκηϊεύμενος.
863 817 980 861 Ἐπεί
1009 832 1053 859 τε
1087 816 1131 858 ὁὲ
1161 816 1234 858 καὶ
1268 817 1311 858 οἱ
1340 816 1514 859 Μινύαι
1544 817 1769 872 ἐκδράντες

500 890 547 934 ἐκ
589 893 663 945 τῆς
705 889 855 945 ἑρκτῆς
893 890 1038 942 ἵζοντο
1077 886 1119 936 ἐς
1155 887 1203 929 τό
1239 886 1482 943 Τηΰγετον,
1521 892 1609 931 τῶν
1638 892 1772 931 Λακε·

503 962 745 1017 δαιμονίων
784 959 1119 1016 βουλευομένων
1151 957 1286 1013 σφέας
1313 955 1576 1009 ἀπολλύναι,
1615 974 1771 1013 παραι-

502 1033 639 1076 τέεται
669 1031 693 1075 ὁ
727 1031 872 1087 Θήρας
902 1029 1015 1080 ὅκως
1045 1028 1147 1086 μήτε
1178 1029 1316 1084 φόνος
1343 1028 1536 1084 γένηται,
1567 1028 1699 1080 αὐτός
1727 1045 1772 1072 τε

475 1101 735 1146 ὃὺπεδέκετό
779 1114 914 1158 σφεας
951 1100 1110 1152 ἐξάξειν
1146 1100 1193 1143 ἐκ
1231 1104 1306 1156 τῆς
1333 1099 1486 1156 χώρης.
1546 1105 1826 1157 συγχωρη-65

506 1277 570 1319 ἐπὶ
589 1271 908 1330 γενεὰς-ὀκτώ
931 1270 1108 1326 ἀνδρῶν]
1165 1273 1253 1310 tium
1285 1273 1322 1310 in
1347 1274 1553 1311 universum
1588 1277 1730 1311 tantum
1757 1272 1827 1310 hoc

453 1335 584 1376 Novem
605 1335 755 1385 proprie
777 1346 858 1370 esse
875 1329 1013 1384 γενεάς
1032 1343 1110 1368 mo-
1166 1331 1277 1368 modo
1298 1331 1473 1368 indicans.

453 1394 532 1431 nuit
565 1392 608 1429 C.
638 1391 684 1428 O.
716 1390 859 1428 Mulier.
889 1389 1109 1426 Orchomen.

452 1463 539 1501 pag.
558 1449 640 1489 325
664 1446 742 1484 coll.
763 1446 868 1493 468,
908 1446 970 1482 ubi
998 1440 1108 1482 stem-

454 1519 513 1544 ma
533 1505 652 1554 gentis
675 1503 886 1549 exhibetur,
916 1515 1024 1551 quam
1042 1513 1109 1538 nos

455 1562 683 1601 exhibuimus
722 1560 770 1596 ad
800 1559 873 1606 111,
912 1560 1004 1600 147.
1063 1556 1117 1594 Ae

457 1619 606 1656 Therae
631 1617 722 1653 filius
751 1615 962 1665 perhibetur
981 1613 1118 1663 Oeoly-

457 1688 542 1720 cus,
578 1685 694 1724 nepos
722 1671 893 1719 Aegeus,
929 1672 1026 1708 unde
1045 1670 1117 1707 Ae-

457 1732 590 1780 gidae,
643 1741 796 1778 quorum
834 1733 987 1765 stemma
1020 1727 1116 1763 idern

457 1787 600 1824 Miiiler.
637 1784 867 1835 persequitur
904 1797 989 1835 pag.
1022 1781 1116 1823 469.

459 1844 534 1887 Qui
565 1842 666 1891 quod
693 1853 837 1878 omnem
862 1840 956 1877 hanc
977 1852 1115 1889 suppu-

457 1900 636 1937 tationem
657 1897 785 1934 salsam
813 1897 927 1934 videri
954 1908 1117 1946 pronun-

459 1957 551 2000 tiat,
582 1966 692 2003 supra
714 1954 783 1989 iam
806 1953 893 1989 illud
917 1953 1119 2001 attigimus,

460 2012 507 2049 de
536 2010 711 2048 Larcheri
749 2022 896 2058 quoque
933 2009 1142 2046 sententia‘

460 2075 676 2112 monenteS‚
714 2078 786 2114 quo
807 2070 914 2116 pacto
935 2064 1008 2102 scil.
1035 2070 1117 2102 octo

459 2125 529 2161 hae
587 2120 718 2175 γενεαὶ
775 2122 889 2172 accipi
947 2122 1118 2159 debeant.

460 2180 632 2228 Namque
653 2191 741 2216 voce
763 2175 877 2230 γενεὰ
902 2178 960 2215 vix
981 2182 1120 2215 certum

462 2236 647 2285 quendam
698 2247 874 2272 annorum
932 2246 1119 2271 numerum

461 2297 630 2329 accurate
649 2292 798 2328 indicari
820 2291 1019 2328 existimem
1040 2304 1119 2328 cum

462 2349 540 2385 viro
584 2349 692 2385 docto
731 2346 811 2396 Ley
845 2348 882 2384 in
911 2348 1119 2384 Comment.

462 2405 520 2442 De
553 2404 690 2440 condit.
716 2407 753 2440 et
783 2405 843 2439 sat.
864 2403 1021 2453 Aegypt.
1053 2403 1120 2439 sub

465 2460 584 2497 Perss.
611 2472 696 2509 pag.
722 2461 799 2505 70,
845 2461 1008 2508 quamvis
1035 2472 1122 2509 sup-

464 2517 690 2567 putationem
724 2516 909 2564 quandam
940 2517 1024 2566 ,Ipse
1045 2516 1122 2552 No-

466 2578 540 2609 ster
558 2573 724 2608 indicarit
746 2571 798 2615 II,
834 2572 934 2619 142,
967 2573 1028 2609 ubi
1050 2572 1120 2608 vid.

465 2632 556 2666 nott.
592 2628 743 2664 Homeri
765 2628 860 2664 enim
884 2629 957 2665 sere
978 2629 1025 2665 ad
1045 2641 1121 2664 mo-

467 2686 553 2721 dum
576 2683 712 2720 Noster
738 2696 794 2720 res
819 2689 944 2731 gestas
966 2685 1014 2721 ad
1036 2697 1122 2734 pro-

465 2741 608 2790 geniem
635 2740 912 2776 clarissimorum
934 2741 1119 2778 hominum

461 2797 714 2833 accommodat
753 2809 950 2844 eorumque
986 2810 1118 2834 secun-

460 2853 546 2889 dum
570 2853 705 2902 stirpes
725 2852 800 2889 sive
824 2849 960 2903 yevso'g*
980 2866 1037 2889 res
1054 2865 1118 2901 ge-

459 2914 534 2946 stas
571 2914 768 2960 supputat,
820 2910 992 2959 temporis
1030 2921 1115 2958 spa-

1324 1419 1356 1456 C
1370 1432 1390 1456 a
1402 1433 1438 1471 p.
1471 1419 1667 1458 CXLVIII.

1225 1495 1321 1538 λαόν
1338 1497 1435 1548 ἔχων
1459 1495 1537 1539 οἷπὸ
1552 1502 1633 1539 ταῖν
1650 1498 1824 1551 φυλέων]

1173 1556 1196 1593 i.
1216 1569 1246 1593 e.
1279 1555 1539 1593 multitudinem
1564 1570 1676 1594 secum
1703 1557 1829 1594 ducens

1174 1626 1191 1648 e
1220 1625 1358 1648 numero
1389 1615 1535 1660 civium,
1585 1615 1647 1663 qui
1675 1615 1725 1651 ad
1753 1618 1828 1651 tres

1174 1668 1252 1705 illas
1294 1670 1559 1718 Spartanorum
1596 1671 1830 1720 pertinebant

1173 1726 1312 1771 tribus,
1342 1726 1508 1770 elec-mm,-
1539 1739 1611 1775 quo
1634 1727 1727 1776 ipso,
1749 1727 1830 1777 opi-

1174 1795 1262 1828 nor,
1292 1782 1492 1828 indicatur,
1532 1795 1619 1830 eos,
1657 1796 1748 1831 quos
1772 1795 1833 1820 se-

1172 1851 1252 1875 cum
1275 1838 1377 1875 duxit
1397 1838 1433 1875 'f
1436 1839 1540 1876 heras
1573 1839 1609 1876 in
1637 1838 1830 1886 coloniam,

1174 1907 1212 1931 re
1246 1907 1329 1931 vera
1364 1896 1484 1945 stirpis
1513 1895 1719 1945 Spartanae
1754 1896 1831 1933 sive

1173 1951 1330 1989 Doricae
1377 1952 1500 1989 fuisse.
1586 1952 1645 1988 Ad
1681 1951 1831 1989 verbum

1176 2006 1323 2046 ἔστελλε
1349 2009 1444 2044 conf.
1464 2012 1559 2045 nott.
1581 2009 1630 2045 ad
1654 2008 1717 2054 IV,
1738 2007 1829 2049 147.

1176 2064 1287 2108 Quod
1312 2065 1484 2101 continuo
1501 2065 1667 2114 sequitur
1695 2077 1832 2104 συνοι-

1176 2115 1313 2167 κήσων
1350 2121 1392 2168 (i.
1419 2133 1450 2158 e.
1475 2125 1515 2157 ut
1549 2134 1624 2158 una
1653 2133 1727 2158 cum
1755 2120 1831 2158 illis

1176 2177 1393 2225 habitaret),
1435 2178 1582 2215 minime
1616 2178 1831 2215 mutandum

1176 2234 1212 2270 in
1246 2234 1506 2281 συνοικίσων,
1551 2234 1649 2283 quod
1683 2233 1829 2282 quidam

1178 2289 1334 2326 afferunt
1360 2290 1451 2327 libri.
1499 2290 1556 2326 Ad
1579 2291 1728 2326 sormam
1752 2288 1830 2335 ἐξε-

1177 2348 1259 2384 λῶν
1291 2347 1384 2383 conf.
1421 2346 1551 2384 Matth.
1581 2345 1645 2382 Gr.
1683 2345 1748 2381 Gr.
1791 2343 1828 2395 ἓ.

1902 441 1904 503 i

1896 1554 1904 1819 —n-——.—-—
1902 1532 1904 1542 -
1902 1517 1904 1526 ᾈ

1182 2404 1281 2448 181,
1316 2406 1360 2448 2,
1381 2415 1413 2440 a.
1437 2415 1519 2452 pag.
1543 2402 1625 2441 323
1647 2405 1680 2438 et
1702 2402 1748 2437 ad
1772 2401 1831 2439 υἱ·
1893 2435 1896 2440 ,

1178 2455 1424 2508 κηϊειῗμειός,
1453 2459 1551 2507 quod
1570 2458 1685 2506 ipsum
1705 2470 1831 2495 omnes

1179 2515 1246 2552 hoc
1274 2515 1352 2552 Ioco
1385 2514 1463 2550 libri
1501 2513 1623 2563 scripti
1661 2513 1833 2560 afferunt,

1178 2575 1271 2608 nott.
1295 2571 1342 2606 ad
1361 2571 1422 2618 111,
1446 2573 1480 2610 3.
1503 2592 1559 2597 —
1590 2570 1628 2606 ln
1649 2582 1752 2619 seqq.
1772 2583 1831 2608 re-

1179 2628 1270 2663 tinui
1301 2625 1624 2676 βουλευομένων,
1675 2629 1833 2676 optimo-

1177 2696 1252 2719 rum
1301 2683 1472 2719 librorum
1514 2696 1557 2720 ex
1596 2683 1833 2729 auctoritate3

1176 2738 1236 2775 alii
1266 2738 1532 2788 βουλομένων.
1590 2738 1648 2775 Ad
1693 2753 1833 2789 παραι-

1176 2793 1299 2833 τέεται
1332 2797 1424 2834 conf.
1458 2801 1551 2832 nott.
1582 2795 1629 2831 ad
1653 2794 1722 2841 IV,
1753 2793 1832 2835 146

1175 2857 1213 2888 et
1247 2853 1293 2888 ad
1328 2851 1475 2891 ἔπλωσε
1504 2851 1635 2889 Matth.
1671 2851 1736 2887 Gr.
1765 2850 1831 2887 Gr.

1173 2920 1259 2957 pag.
1283 2907 1377 2949 485.
