<?xml version="1.0" encoding="UTF-8"?>
<!DOCTYPE html PUBLIC "-//W3C//DTD XHTML 1.0 Transitional//EN"
    "http://www.w3.org/TR/xhtml1/DTD/xhtml1-transitional.dtd">
<html xmlns="http://www.w3.org/1999/xhtml" xml:lang="en" lang="en">
 <head>
  <title>
</title>
<meta http-equiv="Content-Type" content="text/html;charset=utf-8" />
  <meta name='ocr-system' content='tesseract 3.04.00' />
  <meta name='ocr-capabilities' content='ocr_page ocr_carea ocr_par ocr_line ocrx_word'/>
</head>
<body>
  <div class='ocr_page' id='page_1' title='image "./musaeherodoto02hero_0603.png"; bbox 0 0 1904 3304; ppageno 0'>
   <div class='ocr_carea' id='block_1_1' title="bbox 466 279 1438 326">
    <p class='ocr_par' dir='ltr' id='par_1_1' title="bbox 466 279 1438 326">
     <span class='ocr_line' id='line_1_1' title="bbox 466 279 1438 326; baseline 0.007 -7"><span class='ocrx_word' id='word_1_1' title='bbox 466 279 1147 321; x_wconf 86' lang='lat' dir='ltr'>MELPOMENE.IV.</span> <span class='ocrx_word' id='word_1_2' title='bbox 1353 286 1438 326; x_wconf 79' lang='lat'>595</span> 
     </span>
    </p>
   </div>
   <div class='ocr_carea' id='block_1_2' title="bbox 150 386 1499 1083">
    <p class='ocr_par' dir='ltr' id='par_1_2' title="bbox 150 386 1499 1083">
     <span class='ocr_line' id='line_1_2' title="bbox 180 386 1440 448; baseline 0.001 -13"><span class='ocrx_word' id='word_1_3' title='bbox 180 393 381 446; x_wconf 80' lang='grc' dir='ltr'><em>λέγουσαι</em></span> <span class='ocrx_word' id='word_1_4' title='bbox 417 388 470 432; x_wconf 78' lang='grc' dir='ltr'>τὰ</span> <span class='ocrx_word' id='word_1_5' title='bbox 499 386 658 443; x_wconf 80' lang='grc' dir='ltr'><em>πάτρια</em></span> <span class='ocrx_word' id='word_1_6' title='bbox 688 386 954 441; x_wconf 69' lang='grc' dir='ltr'><strong><em>ἀποτελέειν,</em></strong></span> <span class='ocrx_word' id='word_1_7' title='bbox 997 389 1078 447; x_wconf 73' lang='grc' dir='ltr'>τήν</span> <span class='ocrx_word' id='word_1_8' title='bbox 1104 389 1338 448; x_wconf 80' lang='grc' dir='ltr'>Ἀθηναίην</span> <span class='ocrx_word' id='word_1_9' title='bbox 1367 407 1440 436; x_wconf 87' lang='grc' dir='ltr'>κα-</span> 
     </span>
     <span class='ocr_line' id='line_1_3' title="bbox 151 459 1441 516; baseline 0.002 -11"><span class='ocrx_word' id='word_1_10' title='bbox 151 462 347 516; x_wconf 84' lang='grc' dir='ltr'><em>4λέομεν.</em></span> <span class='ocrx_word' id='word_1_11' title='bbox 404 460 479 510; x_wconf 81' lang='grc' dir='ltr'><em>τοὶς</em></span> <span class='ocrx_word' id='word_1_12' title='bbox 516 459 561 503; x_wconf 78' lang='grc' dir='ltr'>δὲ</span> <span class='ocrx_word' id='word_1_13' title='bbox 598 459 965 516; x_wconf 68' lang='grc' dir='ltr'><em>ἀποθνησκούσας</em></span> <span class='ocrx_word' id='word_1_14' title='bbox 998 466 1087 504; x_wconf 79' lang='grc' dir='ltr'>τῶν</span> <span class='ocrx_word' id='word_1_15' title='bbox 1123 463 1356 516; x_wconf 88' lang='grc' dir='ltr'><em>παρθένων</em></span> <span class='ocrx_word' id='word_1_16' title='bbox 1393 465 1441 508; x_wconf 77' lang='grc' dir='ltr'>ἐκ</span> 
     </span>
     <span class='ocr_line' id='line_1_4' title="bbox 150 531 1442 588; baseline 0.003 -16"><span class='ocrx_word' id='word_1_17' title='bbox 150 536 268 574; x_wconf 77' lang='grc' dir='ltr'>ὅτῶν</span> <span class='ocrx_word' id='word_1_18' title='bbox 297 531 547 586; x_wconf 79' lang='grc' dir='ltr'><em>τρωμάτων,</em></span> <span class='ocrx_word' id='word_1_19' title='bbox 574 531 961 585; x_wconf 72' lang='grc' dir='ltr'><em>ψευδοπαρθένους</em></span> <span class='ocrx_word' id='word_1_20' title='bbox 990 532 1208 576; x_wconf 83' lang='grc' dir='ltr'><em>καλέουσι.</em></span> <span class='ocrx_word' id='word_1_21' title='bbox 1265 534 1369 588; x_wconf 85' lang='grc' dir='ltr'><em>πρὶν</em></span> <span class='ocrx_word' id='word_1_22' title='bbox 1395 534 1442 577; x_wconf 83' lang='grc' dir='ltr'>δὲ</span> 
     </span>
     <span class='ocr_line' id='line_1_5' title="bbox 178 601 1442 660; baseline 0.002 -16"><span class='ocrx_word' id='word_1_23' title='bbox 178 601 346 645; x_wconf 74' lang='grc' dir='ltr'><em>ἀνεῖναι</em></span> <span class='ocrx_word' id='word_1_24' title='bbox 377 601 512 653; x_wconf 79' lang='grc' dir='ltr'><em>αὐτας</em></span> <span class='ocrx_word' id='word_1_25' title='bbox 548 601 786 658; x_wconf 78' lang='grc' dir='ltr'><em>μάχεσθαι,</em></span> <span class='ocrx_word' id='word_1_26' title='bbox 815 601 916 645; x_wconf 76' lang='grc' dir='ltr'><em>τάδε</em></span> <span class='ocrx_word' id='word_1_27' title='bbox 946 607 1139 646; x_wconf 82' lang='grc' dir='ltr'><em>ποιεῦσι·</em></span> <span class='ocrx_word' id='word_1_28' title='bbox 1168 609 1295 660; x_wconf 80' lang='grc' dir='ltr'><em>κοινῇ</em></span> <span class='ocrx_word' id='word_1_29' title='bbox 1326 621 1442 657; x_wconf 92' lang='grc' dir='ltr'><em>παρ-</em></span> 
     </span>
     <span class='ocr_line' id='line_1_6' title="bbox 178 671 1442 730; baseline 0.002 -14"><span class='ocrx_word' id='word_1_30' title='bbox 178 672 314 716; x_wconf 79' lang='grc' dir='ltr'><em>θένον</em></span> <span class='ocrx_word' id='word_1_31' title='bbox 359 671 439 729; x_wconf 70' lang='grc' dir='ltr'>τὴν</span> <span class='ocrx_word' id='word_1_32' title='bbox 487 672 857 716; x_wconf 75' lang='grc' dir='ltr'><em>καλλιστεύουσαν</em></span> <span class='ocrx_word' id='word_1_33' title='bbox 899 673 1100 717; x_wconf 72' lang='grc' dir='ltr'><em>ἑκάστοτε</em></span> <span class='ocrx_word' id='word_1_34' title='bbox 1146 674 1442 730; x_wconf 79' lang='grc' dir='ltr'><em>κοσμήσαντες</em></span> 
     </span>
     <span class='ocr_line' id='line_1_7' title="bbox 179 743 1499 801; baseline -0.001 -14"><span class='ocrx_word' id='word_1_35' title='bbox 179 748 295 801; x_wconf 80' lang='grc' dir='ltr'><em>κυνῇ</em></span> <span class='ocrx_word' id='word_1_36' title='bbox 323 761 367 787; x_wconf 91' lang='grc' dir='ltr'><em>τε</em></span> <span class='ocrx_word' id='word_1_37' title='bbox 397 747 617 801; x_wconf 76' lang='grc' dir='ltr'><em>Κορινθίῃ</em></span> <span class='ocrx_word' id='word_1_38' title='bbox 648 746 721 788; x_wconf 84' lang='grc' dir='ltr'>καὶ</span> <span class='ocrx_word' id='word_1_39' title='bbox 749 747 965 801; x_wconf 80' lang='grc' dir='ltr'><em>πανοπλίῃ</em></span> <span class='ocrx_word' id='word_1_40' title='bbox 990 743 1241 801; x_wconf 74' lang='grc' dir='ltr'><em>Ἑλληνικῇ,</em></span> <span class='ocrx_word' id='word_1_41' title='bbox 1271 746 1343 788; x_wconf 83' lang='grc' dir='ltr'>καὶ</span> <span class='ocrx_word' id='word_1_42' title='bbox 1374 743 1499 788; x_wconf 78' lang='grc' dir='ltr'><em>ἐπ’3ο</em></span> 
     </span>
     <span class='ocr_line' id='line_1_8' title="bbox 182 813 1443 872; baseline 0.002 -15"><span class='ocrx_word' id='word_1_43' title='bbox 182 815 299 869; x_wconf 79' lang='grc' dir='ltr'><em>ἅρμα</em></span> <span class='ocrx_word' id='word_1_44' title='bbox 349 813 712 871; x_wconf 75' lang='grc' dir='ltr'><em>ἀναβιβάσαντες,</em></span> <span class='ocrx_word' id='word_1_45' title='bbox 761 816 1013 871; x_wconf 75' lang='grc' dir='ltr'><em>περιάγουσι</em></span> <span class='ocrx_word' id='word_1_46' title='bbox 1050 818 1128 871; x_wconf 66' lang='grc' dir='ltr'>τήν</span> <span class='ocrx_word' id='word_1_47' title='bbox 1172 819 1329 872; x_wconf 83' lang='grc' dir='ltr'><em>λίμνην</em></span> <span class='ocrx_word' id='word_1_48' title='bbox 1370 817 1443 860; x_wconf 85' lang='grc' dir='ltr'>κύ-</span> 
     </span>
     <span class='ocr_line' id='line_1_9' title="bbox 153 885 1444 942; baseline 0.004 -16"><span class='ocrx_word' id='word_1_49' title='bbox 153 890 288 942; x_wconf 83' lang='grc' dir='ltr'><em>6κλῳ.</em></span> <span class='ocrx_word' id='word_1_50' title='bbox 333 886 492 930; x_wconf 82' lang='grc' dir='ltr'><em>ὁτέοισι</em></span> <span class='ocrx_word' id='word_1_51' title='bbox 525 887 569 929; x_wconf 73' lang='grc' dir='ltr'>δὲ</span> <span class='ocrx_word' id='word_1_52' title='bbox 599 885 647 929; x_wconf 89' lang='grc' dir='ltr'>τὸ</span> <span class='ocrx_word' id='word_1_53' title='bbox 676 885 811 930; x_wconf 77' lang='grc' dir='ltr'><em>πάλαι</em></span> <span class='ocrx_word' id='word_1_54' title='bbox 839 886 1047 942; x_wconf 79' lang='grc' dir='ltr'><em>ἐκόσμεον</em></span> <span class='ocrx_word' id='word_1_55' title='bbox 1077 887 1152 937; x_wconf 83' lang='grc' dir='ltr'>τὰς</span> <span class='ocrx_word' id='word_1_56' title='bbox 1181 888 1444 941; x_wconf 79' lang='grc' dir='ltr'><em>παρθένους,</em></span> 
     </span>
     <span class='ocr_line' id='line_1_10' title="bbox 179 957 1442 1014; baseline 0.001 -14"><span class='ocrx_word' id='word_1_57' title='bbox 179 958 285 1011; x_wconf 86' lang='grc' dir='ltr'><em>πρὶν</em></span> <span class='ocrx_word' id='word_1_58' title='bbox 315 957 342 1012; x_wconf 82' lang='grc' dir='ltr'><em>ἤ</em></span> <span class='ocrx_word' id='word_1_59' title='bbox 372 970 450 1012; x_wconf 82' lang='grc' dir='ltr'>σφι</span> <span class='ocrx_word' id='word_1_60' title='bbox 467 957 677 1013; x_wconf 70' lang='grc' dir='ltr'><em>’Έλληνας</em></span> <span class='ocrx_word' id='word_1_61' title='bbox 705 962 1065 1014; x_wconf 83' lang='grc' dir='ltr'><em>παροικισθῆναι,</em></span> <span class='ocrx_word' id='word_1_62' title='bbox 1098 957 1180 1000; x_wconf 80' lang='grc' dir='ltr'>οὐκ</span> <span class='ocrx_word' id='word_1_63' title='bbox 1206 958 1286 1013; x_wconf 72' lang='grc' dir='ltr'>ἔχω</span> <span class='ocrx_word' id='word_1_64' title='bbox 1309 957 1442 1002; x_wconf 82' lang='grc' dir='ltr'><em>εἶπαι·</em></span> 
     </span>
     <span class='ocr_line' id='line_1_11' title="bbox 184 1024 1446 1083; baseline 0.002 -13"><span class='ocrx_word' id='word_1_65' title='bbox 184 1027 320 1071; x_wconf 85' lang='grc' dir='ltr'><em>δοκέω</em></span> <span class='ocrx_word' id='word_1_66' title='bbox 362 1027 404 1070; x_wconf 82' lang='grc' dir='ltr'>δ’</span> <span class='ocrx_word' id='word_1_67' title='bbox 447 1024 507 1071; x_wconf 72' lang='grc' dir='ltr'>ὧν</span> <span class='ocrx_word' id='word_1_68' title='bbox 545 1030 822 1083; x_wconf 84' lang='grc' dir='ltr'><em>Αἰγυπτίοισι</em></span> <span class='ocrx_word' id='word_1_69' title='bbox 865 1028 1036 1072; x_wconf 83' lang='grc' dir='ltr'><em>ὅπλοισι</em></span> <span class='ocrx_word' id='word_1_70' title='bbox 1072 1029 1334 1083; x_wconf 84' lang='grc' dir='ltr'><em>κοσμέεσθαι</em></span> <span class='ocrx_word' id='word_1_71' title='bbox 1369 1028 1446 1073; x_wconf 78' lang='grc' dir='ltr'>αὐ-</span> 
     </span>
    </p>
   </div>
   <div class='ocr_carea' id='block_1_3' title="bbox 152 1099 272 1150">
    <p class='ocr_par' dir='ltr' id='par_1_3' title="bbox 152 1099 272 1150">
     <span class='ocr_line' id='line_1_12' title="bbox 152 1099 272 1150; baseline 0 -10"><span class='ocrx_word' id='word_1_72' title='bbox 152 1099 272 1150; x_wconf 68' lang='grc' dir='ltr'><em>Ίτάς</em></span> 
     </span>
    </p>
   </div>
   <div class='ocr_carea' id='block_1_4' title="bbox 154 1098 1502 1228">
    <p class='ocr_par' dir='ltr' id='par_1_4' title="bbox 154 1098 1502 1228">
     <span class='ocr_line' id='line_1_13' title="bbox 343 1098 1502 1154; baseline 0.001 -12"><span class='ocrx_word' id='word_1_73' title='bbox 343 1098 427 1142; x_wconf 62' lang='lat' dir='ltr'>davd</span> <span class='ocrx_word' id='word_1_74' title='bbox 468 1099 550 1154; x_wconf 83' lang='grc' dir='ltr'><em>γὰρ</em></span> <span class='ocrx_word' id='word_1_75' title='bbox 591 1098 818 1154; x_wconf 79' lang='grc' dir='ltr'><em>Αἰγύπτου</em></span> <span class='ocrx_word' id='word_1_76' title='bbox 857 1100 932 1143; x_wconf 84' lang='grc' dir='ltr'>καὶ</span> <span class='ocrx_word' id='word_1_77' title='bbox 969 1100 1050 1154; x_wconf 76' lang='grc' dir='ltr'>τήν</span> <span class='ocrx_word' id='word_1_78' title='bbox 1086 1100 1246 1143; x_wconf 73' lang='grc' dir='ltr'><em>ἀσπίδα</em></span> <span class='ocrx_word' id='word_1_79' title='bbox 1286 1101 1360 1143; x_wconf 85' lang='grc' dir='ltr'>καὶ</span> <span class='ocrx_word' id='word_1_80' title='bbox 1396 1101 1502 1145; x_wconf 84' lang='grc' dir='ltr'>τὸ35</span> 
     </span>
     <span class='ocr_line' id='line_1_14' title="bbox 154 1169 1198 1228; baseline 0.002 -18"><span class='ocrx_word' id='word_1_81' title='bbox 154 1169 349 1224; x_wconf 75' lang='grc' dir='ltr'><em>8κράνος</em></span> <span class='ocrx_word' id='word_1_82' title='bbox 388 1171 498 1227; x_wconf 78' lang='grc' dir='ltr'><em>φημὶ</em></span> <span class='ocrx_word' id='word_1_83' title='bbox 540 1169 721 1226; x_wconf 75' lang='grc' dir='ltr'><em>ἀπῖχθαι</em></span> <span class='ocrx_word' id='word_1_84' title='bbox 763 1172 805 1222; x_wconf 82' lang='grc' dir='ltr'><em>ές</em></span> <span class='ocrx_word' id='word_1_85' title='bbox 842 1170 946 1221; x_wconf 75' lang='grc' dir='ltr'><em>τούς</em></span> <span class='ocrx_word' id='word_1_86' title='bbox 970 1171 1198 1228; x_wconf 63' lang='grc' dir='ltr'><em>’Έλληνας</em></span> 
     </span>
    </p>
   </div>
   <div class='ocr_carea' id='block_1_5' title="bbox 1273 1173 1447 1228">
    <p class='ocr_par' dir='ltr' id='par_1_5' title="bbox 1273 1173 1447 1228">
     <span class='ocr_line' id='line_1_15' title="bbox 1273 1173 1447 1228; baseline 0.017 -15"><span class='ocrx_word' id='word_1_87' title='bbox 1273 1173 1362 1228; x_wconf 80' lang='grc' dir='ltr'>Τὴν</span> <span class='ocrx_word' id='word_1_88' title='bbox 1400 1173 1447 1216; x_wconf 82' lang='grc' dir='ltr'>δὲ</span> 
     </span>
    </p>
   </div>
   <div class='ocr_carea' id='block_1_6' title="bbox 180 1241 1448 1299">
    <p class='ocr_par' dir='ltr' id='par_1_6' title="bbox 180 1241 1448 1299">
     <span class='ocr_line' id='line_1_16' title="bbox 180 1241 1448 1299; baseline 0.002 -15"><span class='ocrx_word' id='word_1_89' title='bbox 180 1241 426 1298; x_wconf 82' lang='grc' dir='ltr'><em>Ἀθηναίην</em></span> <span class='ocrx_word' id='word_1_90' title='bbox 475 1242 584 1297; x_wconf 84' lang='grc' dir='ltr'><em>φασὶ</em></span> <span class='ocrx_word' id='word_1_91' title='bbox 623 1242 924 1293; x_wconf 82' lang='grc' dir='ltr'><em>Ποσειδέωνος</em></span> <span class='ocrx_word' id='word_1_92' title='bbox 965 1241 1075 1285; x_wconf 81' lang='grc' dir='ltr'><em>εἶναι</em></span> <span class='ocrx_word' id='word_1_93' title='bbox 1111 1242 1336 1299; x_wconf 84' lang='grc' dir='ltr'><em>θυγατέρα</em></span> <span class='ocrx_word' id='word_1_94' title='bbox 1373 1244 1448 1287; x_wconf 84' lang='grc' dir='ltr'>καὶ</span> 
     </span>
    </p>
   </div>
   <div class='ocr_carea' id='block_1_7' title="bbox 129 1370 404 1375">
    <p class='ocr_par' dir='ltr' id='par_1_7' title="bbox 129 1370 404 1375">
     <span class='ocr_line' id='line_1_17' title="bbox 129 1370 404 1375; baseline 0 0"><span class='ocrx_word' id='word_1_95' title='bbox 129 1370 404 1375; x_wconf 95' lang='lat' dir='ltr'> </span> 
     </span>
    </p>
   </div>
   <div class='ocr_carea' id='block_1_8' title="bbox 129 1443 791 2062">
    <p class='ocr_par' dir='ltr' id='par_1_8' title="bbox 129 1443 791 2062">
     <span class='ocr_line' id='line_1_18' title="bbox 129 1443 787 1499; baseline -0.002 -12"><span class='ocrx_word' id='word_1_96' title='bbox 129 1449 233 1487; x_wconf 87' lang='lat' dir='ltr'>crosti</span> <span class='ocrx_word' id='word_1_97' title='bbox 251 1449 342 1486; x_wconf 86' lang='lat' dir='ltr'>liber</span> <span class='ocrx_word' id='word_1_98' title='bbox 363 1443 581 1499; x_wconf 71' lang='grc' dir='ltr'><em>αὐθιγενεῖ.</em></span> <span class='ocrx_word' id='word_1_99' title='bbox 615 1447 672 1485; x_wconf 90' lang='lat' dir='ltr'>Cf.</span> <span class='ocrx_word' id='word_1_100' title='bbox 692 1452 787 1486; x_wconf 79' lang='lat' dir='ltr'>nott.</span> 
     </span>
     <span class='ocr_line' id='line_1_19' title="bbox 129 1505 788 1551; baseline -0.002 -9"><span class='ocrx_word' id='word_1_101' title='bbox 129 1507 179 1542; x_wconf 90' lang='lat' dir='ltr'>ad</span> <span class='ocrx_word' id='word_1_102' title='bbox 204 1506 362 1551; x_wconf 77' lang='lat'>11,149.</span> <span class='ocrx_word' id='word_1_103' title='bbox 415 1505 503 1542; x_wconf 72' lang='lat' dir='ltr'>Mox</span> <span class='ocrx_word' id='word_1_104' title='bbox 524 1518 605 1542; x_wconf 88' lang='lat' dir='ltr'>cum</span> <span class='ocrx_word' id='word_1_105' title='bbox 634 1510 788 1543; x_wconf 88' lang='lat' dir='ltr'>recentt.</span> 
     </span>
     <span class='ocr_line' id='line_1_20' title="bbox 130 1560 787 1611; baseline -0.005 -12"><span class='ocrx_word' id='word_1_106' title='bbox 130 1562 275 1599; x_wconf 75' lang='lat' dir='ltr'>exhibui</span> <span class='ocrx_word' id='word_1_107' title='bbox 319 1575 401 1599; x_wconf 88' lang='grc' dir='ltr'>των</span> <span class='ocrx_word' id='word_1_108' title='bbox 452 1560 671 1611; x_wconf 83' lang='grc' dir='ltr'><em>παρθένων</em></span> <span class='ocrx_word' id='word_1_109' title='bbox 719 1575 787 1611; x_wconf 90' lang='lat' dir='ltr'>pro</span> 
     </span>
     <span class='ocr_line' id='line_1_21' title="bbox 129 1617 788 1668; baseline -0.003 -11"><span class='ocrx_word' id='word_1_110' title='bbox 129 1617 381 1668; x_wconf 82' lang='grc' dir='ltr'><em>παρθένους,</em></span> <span class='ocrx_word' id='word_1_111' title='bbox 432 1617 594 1666; x_wconf 84' lang='lat' dir='ltr'><strong>itemque</strong></span> <span class='ocrx_word' id='word_1_112' title='bbox 631 1633 788 1668; x_wconf 81' lang='grc' dir='ltr'><em>τρωμα-</em></span> 
     </span>
     <span class='ocr_line' id='line_1_22' title="bbox 129 1669 786 1724; baseline -0.006 -11"><span class='ocrx_word' id='word_1_113' title='bbox 129 1689 209 1713; x_wconf 91' lang='grc' dir='ltr'>των</span> <span class='ocrx_word' id='word_1_114' title='bbox 238 1686 305 1724; x_wconf 85' lang='lat' dir='ltr'>pro</span> <span class='ocrx_word' id='word_1_115' title='bbox 330 1669 597 1724; x_wconf 69' lang='grc' dir='ltr'><em>τρωϋιιιίτων,</em></span> <span class='ocrx_word' id='word_1_116' title='bbox 638 1675 684 1711; x_wconf 85' lang='lat' dir='ltr'>de</span> <span class='ocrx_word' id='word_1_117' title='bbox 714 1687 786 1722; x_wconf 87' lang='lat' dir='ltr'>quo</span> 
     </span>
     <span class='ocr_line' id='line_1_23' title="bbox 130 1730 790 1780; baseline -0.005 -11"><span class='ocrx_word' id='word_1_118' title='bbox 130 1732 225 1769; x_wconf 90' lang='lat' dir='ltr'>conf.</span> <span class='ocrx_word' id='word_1_119' title='bbox 247 1731 381 1767; x_wconf 88' lang='lat' dir='ltr'>Struve</span> <span class='ocrx_word' id='word_1_120' title='bbox 400 1730 422 1768; x_wconf 95' lang='lat' dir='ltr'>l.</span> <span class='ocrx_word' id='word_1_121' title='bbox 446 1730 467 1767; x_wconf 92' lang='lat' dir='ltr'>l.</span> <span class='ocrx_word' id='word_1_122' title='bbox 494 1731 604 1780; x_wconf 89' lang='lat' dir='ltr'>Spec.</span> <span class='ocrx_word' id='word_1_123' title='bbox 632 1730 683 1767; x_wconf 83' lang='grc' dir='ltr'>ΙΙΙ</span> <span class='ocrx_word' id='word_1_124' title='bbox 703 1743 790 1780; x_wconf 86' lang='lat' dir='ltr'>pag.</span> 
     </span>
     <span class='ocr_line' id='line_1_24' title="bbox 131 1781 790 1831; baseline 0 -8"><span class='ocrx_word' id='word_1_125' title='bbox 131 1790 159 1827; x_wconf 82' lang='lat'>2</span> <span class='ocrx_word' id='word_1_126' title='bbox 188 1791 262 1823; x_wconf 89' lang='lat' dir='ltr'>not.</span> <span class='ocrx_word' id='word_1_127' title='bbox 318 1784 378 1823; x_wconf 85' lang='lat' dir='ltr'>Ad</span> <span class='ocrx_word' id='word_1_128' title='bbox 410 1781 563 1825; x_wconf 79' lang='grc' dir='ltr'><em>οἷνεῖναι</em></span> <span class='ocrx_word' id='word_1_129' title='bbox 597 1788 691 1823; x_wconf 86' lang='lat' dir='ltr'>conf.</span> <span class='ocrx_word' id='word_1_130' title='bbox 725 1787 790 1831; x_wconf 78' lang='lat' dir='ltr'>lv,</span> 
     </span>
     <span class='ocr_line' id='line_1_25' title="bbox 134 1842 791 1892; baseline 0.005 -14"><span class='ocrx_word' id='word_1_131' title='bbox 134 1843 214 1884; x_wconf 86' lang='lat'>175</span> <span class='ocrx_word' id='word_1_132' title='bbox 234 1842 321 1891; x_wconf 85' lang='lat' dir='ltr'>ibiq.</span> <span class='ocrx_word' id='word_1_133' title='bbox 343 1848 434 1879; x_wconf 80' lang='lat' dir='ltr'>nott.</span> <span class='ocrx_word' id='word_1_134' title='bbox 452 1866 509 1871; x_wconf 86' lang='lat'>——-</span> <span class='ocrx_word' id='word_1_135' title='bbox 547 1842 791 1892; x_wconf 78' lang='grc' dir='ltr'><em>κοσμέεσθαι</em></span> 
     </span>
     <span class='ocr_line' id='line_1_26' title="bbox 135 1899 790 1946; baseline -0.003 -9"><span class='ocrx_word' id='word_1_136' title='bbox 135 1904 192 1937; x_wconf 85' lang='lat' dir='ltr'>est</span> <span class='ocrx_word' id='word_1_137' title='bbox 220 1900 372 1946; x_wconf 71' lang='lat' dir='ltr'>instrui,</span> <span class='ocrx_word' id='word_1_138' title='bbox 411 1904 452 1936; x_wconf 88' lang='lat' dir='ltr'>ut</span> <span class='ocrx_word' id='word_1_139' title='bbox 481 1900 520 1946; x_wconf 90' lang='lat' dir='ltr'>I,</span> <span class='ocrx_word' id='word_1_140' title='bbox 559 1903 652 1940; x_wconf 85' lang='lat'>109.</span> <span class='ocrx_word' id='word_1_141' title='bbox 709 1899 790 1944; x_wconf 76' lang='lat' dir='ltr'>Vll,</span> 
     </span>
     <span class='ocr_line' id='line_1_27' title="bbox 133 1954 791 1996; baseline -0.002 -2"><span class='ocrx_word' id='word_1_142' title='bbox 133 1957 230 1996; x_wconf 78' lang='lat'>209.</span> <span class='ocrx_word' id='word_1_143' title='bbox 263 1977 310 1982; x_wconf 97' lang='lat'>—-</span> <span class='ocrx_word' id='word_1_144' title='bbox 352 1956 411 1991; x_wconf 82' lang='lat' dir='ltr'>Ad</span> <span class='ocrx_word' id='word_1_145' title='bbox 440 1954 582 1994; x_wconf 81' lang='grc' dir='ltr'><em>ὁτέοισι</em></span> <span class='ocrx_word' id='word_1_146' title='bbox 615 1956 708 1992; x_wconf 86' lang='lat' dir='ltr'>conf.</span> <span class='ocrx_word' id='word_1_147' title='bbox 744 1957 791 1993; x_wconf 86' lang='lat' dir='ltr'>de</span> 
     </span>
     <span class='ocr_line' id='line_1_28' title="bbox 134 2012 790 2062; baseline 0 -14"><span class='ocrx_word' id='word_1_148' title='bbox 134 2012 251 2048; x_wconf 81' lang='lat' dir='ltr'>forma</span> <span class='ocrx_word' id='word_1_149' title='bbox 272 2012 407 2049; x_wconf 74' lang='lat' dir='ltr'>struve</span> <span class='ocrx_word' id='word_1_150' title='bbox 434 2013 542 2062; x_wconf 85' lang='lat' dir='ltr'>Spec.</span> <span class='ocrx_word' id='word_1_151' title='bbox 574 2015 641 2049; x_wconf 87' lang='lat' dir='ltr'>etc.</span> <span class='ocrx_word' id='word_1_152' title='bbox 668 2012 790 2062; x_wconf 83' lang='lat' dir='ltr'>Ipag.</span> 
     </span>
    </p>
   </div>
   <div class='ocr_carea' id='block_1_9' title="bbox 134 2065 290 2107">
    <p class='ocr_par' dir='ltr' id='par_1_9' title="bbox 134 2065 290 2107">
     <span class='ocr_line' id='line_1_29' title="bbox 134 2065 290 2107; baseline -0.013 -1"><span class='ocrx_word' id='word_1_153' title='bbox 134 2065 203 2106; x_wconf 81' lang='lat'>48.</span> <span class='ocrx_word' id='word_1_154' title='bbox 225 2066 290 2107; x_wconf 80' lang='lat'>49.</span> 
     </span>
    </p>
   </div>
   <div class='ocr_carea' id='block_1_10' title="bbox 194 2118 794 2174">
    <p class='ocr_par' dir='ltr' id='par_1_10' title="bbox 194 2118 794 2174">
     <span class='ocr_line' id='line_1_30' title="bbox 194 2118 794 2174; baseline 0.002 -13"><span class='ocrx_word' id='word_1_155' title='bbox 194 2122 262 2161; x_wconf 80' lang='grc' dir='ltr'><em>καὶ</em></span> <span class='ocrx_word' id='word_1_156' title='bbox 281 2120 354 2174; x_wconf 71' lang='grc' dir='ltr'>τήν</span> <span class='ocrx_word' id='word_1_157' title='bbox 377 2118 528 2162; x_wconf 73' lang='grc' dir='ltr'><em>εἷσπίδα</em></span> <span class='ocrx_word' id='word_1_158' title='bbox 548 2122 613 2162; x_wconf 79' lang='grc' dir='ltr'><em>καὶ</em></span> <span class='ocrx_word' id='word_1_159' title='bbox 635 2121 678 2162; x_wconf 65' lang='lat' dir='ltr'>‘co‘</span> <span class='ocrx_word' id='word_1_160' title='bbox 699 2119 794 2174; x_wconf 76' lang='grc' dir='ltr'><em>κρά-</em></span> 
     </span>
    </p>
   </div>
   <div class='ocr_carea' id='block_1_11' title="bbox 69 2178 793 2230">
    <p class='ocr_par' dir='ltr' id='par_1_11' title="bbox 69 2178 793 2230">
     <span class='ocr_line' id='line_1_31' title="bbox 69 2178 793 2230; baseline -0.003 -11"><span class='ocrx_word' id='word_1_161' title='bbox 69 2178 73 2185; x_wconf 85' lang='grc'>’</span> <span class='ocrx_word' id='word_1_162' title='bbox 135 2194 207 2225; x_wconf 84' lang='grc' dir='ltr'>νος</span> <span class='ocrx_word' id='word_1_163' title='bbox 226 2195 260 2218; x_wconf 78' lang='grc' dir='ltr'>κ.</span> <span class='ocrx_word' id='word_1_164' title='bbox 280 2196 309 2218; x_wconf 88' lang='grc' dir='ltr'>τ.</span> <span class='ocrx_word' id='word_1_165' title='bbox 328 2180 377 2230; x_wconf 90' lang='grc' dir='ltr'><em>λ.]</em></span> <span class='ocrx_word' id='word_1_166' title='bbox 408 2180 526 2216; x_wconf 82' lang='lat' dir='ltr'>Affert</span> <span class='ocrx_word' id='word_1_167' title='bbox 545 2181 695 2218; x_wconf 75' lang='lat' dir='ltr'>Wessel.</span> <span class='ocrx_word' id='word_1_168' title='bbox 712 2181 793 2217; x_wconf 86' lang='lat' dir='ltr'>Pla-</span> 
     </span>
    </p>
   </div>
   <div class='ocr_carea' id='block_1_12' title="bbox 135 2236 797 2962">
    <p class='ocr_par' dir='ltr' id='par_1_12' title="bbox 135 2236 797 2962">
     <span class='ocr_line' id='line_1_32' title="bbox 135 2236 792 2286; baseline -0.003 -12"><span class='ocrx_word' id='word_1_169' title='bbox 135 2237 231 2274; x_wconf 83' lang='lat' dir='ltr'>tonis</span> <span class='ocrx_word' id='word_1_170' title='bbox 254 2237 369 2274; x_wconf 84' lang='lat' dir='ltr'>locum</span> <span class='ocrx_word' id='word_1_171' title='bbox 391 2250 411 2273; x_wconf 89' lang='lat' dir='ltr'>e</span> <span class='ocrx_word' id='word_1_172' title='bbox 436 2236 591 2274; x_wconf 90' lang='lat' dir='ltr'>Timaeo</span> <span class='ocrx_word' id='word_1_173' title='bbox 611 2251 647 2286; x_wconf 88' lang='lat' dir='ltr'>p.</span> <span class='ocrx_word' id='word_1_174' title='bbox 669 2238 792 2283; x_wconf 62' lang='lat'>2413„</span> 
     </span>
     <span class='ocr_line' id='line_1_33' title="bbox 137 2292 793 2342; baseline 0.002 -13"><span class='ocrx_word' id='word_1_175' title='bbox 137 2306 211 2342; x_wconf 89' lang='lat' dir='ltr'>quo</span> <span class='ocrx_word' id='word_1_176' title='bbox 259 2294 428 2330; x_wconf 80' lang='lat' dir='ltr'>sacerdos</span> <span class='ocrx_word' id='word_1_177' title='bbox 459 2292 662 2342; x_wconf 69' lang='lat' dir='ltr'>Aegyptius</span> <span class='ocrx_word' id='word_1_178' title='bbox 706 2306 793 2330; x_wconf 84' lang='lat' dir='ltr'>suae</span> 
     </span>
     <span class='ocr_line' id='line_1_34' title="bbox 138 2349 793 2398; baseline 0 -12"><span class='ocrx_word' id='word_1_179' title='bbox 138 2350 241 2398; x_wconf 78' lang='lat' dir='ltr'>genti</span> <span class='ocrx_word' id='word_1_180' title='bbox 266 2354 447 2386; x_wconf 84' lang='lat' dir='ltr'>scutorum</span> <span class='ocrx_word' id='word_1_181' title='bbox 469 2354 581 2398; x_wconf 83' lang='lat' dir='ltr'>atque</span> <span class='ocrx_word' id='word_1_182' title='bbox 610 2349 793 2386; x_wconf 70' lang='lat' dir='ltr'>hastarum</span> 
     </span>
     <span class='ocr_line' id='line_1_35' title="bbox 139 2406 793 2454; baseline 0.002 -13"><span class='ocrx_word' id='word_1_183' title='bbox 139 2406 315 2453; x_wconf 78' lang='lat' dir='ltr'>originem</span> <span class='ocrx_word' id='word_1_184' title='bbox 336 2406 482 2446; x_wconf 73' lang='lat' dir='ltr'>tribuit3</span> <span class='ocrx_word' id='word_1_185' title='bbox 523 2406 621 2454; x_wconf 85' lang='lat' dir='ltr'>quod</span> <span class='ocrx_word' id='word_1_186' title='bbox 650 2419 692 2442; x_wconf 90' lang='lat' dir='ltr'>eo</span> <span class='ocrx_word' id='word_1_187' title='bbox 716 2418 793 2442; x_wconf 83' lang='lat' dir='ltr'>ma-</span> 
     </span>
     <span class='ocr_line' id='line_1_36' title="bbox 142 2461 794 2510; baseline 0.003 -14"><span class='ocrx_word' id='word_1_188' title='bbox 142 2462 198 2509; x_wconf 85' lang='lat' dir='ltr'>gis</span> <span class='ocrx_word' id='word_1_189' title='bbox 221 2462 335 2498; x_wconf 82' lang='lat' dir='ltr'>teneri</span> <span class='ocrx_word' id='word_1_190' title='bbox 358 2461 462 2498; x_wconf 84' lang='lat' dir='ltr'>velim</span> <span class='ocrx_word' id='word_1_191' title='bbox 477 2490 487 2508; x_wconf 86' lang='lat'>,</span> <span class='ocrx_word' id='word_1_192' title='bbox 529 2475 602 2510; x_wconf 82' lang='lat' dir='ltr'>quo</span> <span class='ocrx_word' id='word_1_193' title='bbox 623 2463 794 2510; x_wconf 83' lang='lat' dir='ltr'>frequen-</span> 
     </span>
     <span class='ocr_line' id='line_1_37' title="bbox 142 2517 797 2567; baseline 0.002 -14"><span class='ocrx_word' id='word_1_194' title='bbox 142 2518 213 2553; x_wconf 83' lang='lat' dir='ltr'>tius</span> <span class='ocrx_word' id='word_1_195' title='bbox 231 2517 432 2567; x_wconf 74' lang='lat' dir='ltr'>Aegyptios</span> <span class='ocrx_word' id='word_1_196' title='bbox 458 2519 654 2567; x_wconf 79' lang='lat' dir='ltr'>quidquam</span> <span class='ocrx_word' id='word_1_197' title='bbox 681 2519 716 2554; x_wconf 87' lang='lat' dir='ltr'>in</span> <span class='ocrx_word' id='word_1_198' title='bbox 738 2531 797 2554; x_wconf 87' lang='lat' dir='ltr'>ar-</span> 
     </span>
     <span class='ocr_line' id='line_1_38' title="bbox 142 2573 795 2622; baseline 0.005 -14"><span class='ocrx_word' id='word_1_199' title='bbox 142 2573 256 2618; x_wconf 83' lang='lat' dir='ltr'>tibus,</span> <span class='ocrx_word' id='word_1_200' title='bbox 306 2575 405 2622; x_wconf 88' lang='lat' dir='ltr'>quod</span> <span class='ocrx_word' id='word_1_201' title='bbox 437 2574 522 2611; x_wconf 90' lang='lat' dir='ltr'>inde</span> <span class='ocrx_word' id='word_1_202' title='bbox 556 2575 603 2611; x_wconf 80' lang='lat' dir='ltr'>ad</span> <span class='ocrx_word' id='word_1_203' title='bbox 634 2575 795 2611; x_wconf 83' lang='lat' dir='ltr'>Graecos</span> 
     </span>
     <span class='ocr_line' id='line_1_39' title="bbox 144 2628 797 2679; baseline 0.003 -15"><span class='ocrx_word' id='word_1_204' title='bbox 144 2628 306 2673; x_wconf 84' lang='lat' dir='ltr'>fluxerit,</span> <span class='ocrx_word' id='word_1_205' title='bbox 349 2629 518 2668; x_wconf 84' lang='lat' dir='ltr'>habuisse</span> <span class='ocrx_word' id='word_1_206' title='bbox 545 2643 639 2668; x_wconf 83' lang='lat' dir='ltr'>nunc</span> <span class='ocrx_word' id='word_1_207' title='bbox 669 2630 797 2679; x_wconf 87' lang='lat' dir='ltr'>negari</span> 
     </span>
     <span class='ocr_line' id='line_1_40' title="bbox 145 2684 796 2724; baseline 0.006 -4"><span class='ocrx_word' id='word_1_208' title='bbox 145 2685 263 2721; x_wconf 81' lang='lat' dir='ltr'>video.</span> <span class='ocrx_word' id='word_1_209' title='bbox 283 2684 405 2721; x_wconf 89' lang='lat' dir='ltr'>Utitur</span> <span class='ocrx_word' id='word_1_210' title='bbox 414 2686 625 2724; x_wconf 83' lang='lat' dir='ltr'>Herodoteo</span> <span class='ocrx_word' id='word_1_211' title='bbox 640 2686 718 2724; x_wconf 93' lang='lat' dir='ltr'>loco</span> <span class='ocrx_word' id='word_1_212' title='bbox 732 2687 796 2724; x_wconf 79' lang='lat' dir='ltr'>Vir</span> 
     </span>
     <span class='ocr_line' id='line_1_41' title="bbox 144 2739 796 2781; baseline 0.006 -6"><span class='ocrx_word' id='word_1_213' title='bbox 144 2739 275 2776; x_wconf 74' lang='lat' dir='ltr'>Illustr.</span> <span class='ocrx_word' id='word_1_214' title='bbox 298 2740 355 2777; x_wconf 90' lang='lat' dir='ltr'>De</span> <span class='ocrx_word' id='word_1_215' title='bbox 378 2741 544 2779; x_wconf 86' lang='lat' dir='ltr'>Minutoli</span> <span class='ocrx_word' id='word_1_216' title='bbox 575 2743 613 2781; x_wconf 90' lang='lat' dir='ltr'>in</span> <span class='ocrx_word' id='word_1_217' title='bbox 633 2744 796 2780; x_wconf 83' lang='lat' dir='ltr'>Itinerar.</span> 
     </span>
     <span class='ocr_line' id='line_1_42' title="bbox 146 2795 796 2850; baseline 0.011 -17"><span class='ocrx_word' id='word_1_218' title='bbox 146 2796 194 2833; x_wconf 85' lang='lat' dir='ltr'>ad</span> <span class='ocrx_word' id='word_1_219' title='bbox 221 2795 342 2846; x_wconf 84' lang='lat' dir='ltr'>templ.</span> <span class='ocrx_word' id='word_1_220' title='bbox 374 2795 539 2835; x_wconf 87' lang='lat' dir='ltr'>Ammon.</span> <span class='ocrx_word' id='word_1_221' title='bbox 575 2812 661 2850; x_wconf 85' lang='lat' dir='ltr'>pag.</span> <span class='ocrx_word' id='word_1_222' title='bbox 704 2800 796 2846; x_wconf 85' lang='lat'>159,</span> 
     </span>
     <span class='ocr_line' id='line_1_43' title="bbox 148 2854 795 2905; baseline 0.008 -18"><span class='ocrx_word' id='word_1_223' title='bbox 148 2864 269 2899; x_wconf 81' lang='lat' dir='ltr'>arma,</span> <span class='ocrx_word' id='word_1_224' title='bbox 318 2866 411 2901; x_wconf 82' lang='lat' dir='ltr'>quae</span> <span class='ocrx_word' id='word_1_225' title='bbox 451 2854 487 2889; x_wconf 91' lang='lat' dir='ltr'>in</span> <span class='ocrx_word' id='word_1_226' title='bbox 528 2856 662 2905; x_wconf 85' lang='lat' dir='ltr'>templo</span> <span class='ocrx_word' id='word_1_227' title='bbox 701 2856 795 2892; x_wconf 78' lang='lat' dir='ltr'>lovis</span> 
     </span>
     <span class='ocr_line' id='line_1_44' title="bbox 147 2908 797 2962; baseline 0.006 -16"><span class='ocrx_word' id='word_1_228' title='bbox 147 2908 329 2946; x_wconf 87' lang='lat' dir='ltr'>Ammonii</span> <span class='ocrx_word' id='word_1_229' title='bbox 367 2909 484 2948; x_wconf 81' lang='lat' dir='ltr'>adhue</span> <span class='ocrx_word' id='word_1_230' title='bbox 527 2917 797 2962; x_wconf 80' lang='lat' dir='ltr'>repraesentata</span> 
     </span>
    </p>
   </div>
   <div class='ocr_carea' id='block_1_13' title="bbox 843 1449 1507 2963">
    <p class='ocr_par' dir='ltr' id='par_1_13' title="bbox 843 1449 1507 2963">
     <span class='ocr_line' id='line_1_45' title="bbox 844 1449 1098 1494; baseline -0.008 -8"><span class='ocrx_word' id='word_1_231' title='bbox 844 1449 1075 1487; x_wconf 80' lang='lat' dir='ltr'>inveniuntur</span> <span class='ocrx_word' id='word_1_232' title='bbox 1086 1477 1098 1494; x_wconf 86' lang='lat'>‚</span> 
     </span>
     <span class='ocr_line' id='line_1_46' title="bbox 845 1506 1070 1543; baseline -0.009 -1"><span class='ocrx_word' id='word_1_233' title='bbox 845 1506 1070 1543; x_wconf 80' lang='lat' dir='ltr'>describens.</span> 
     </span>
     <span class='ocr_line' id='line_1_47' title="bbox 908 1555 1503 1612; baseline 0.003 -13"><span class='ocrx_word' id='word_1_234' title='bbox 908 1559 991 1612; x_wconf 61' lang='grc' dir='ltr'><em>Τήν</em></span> <span class='ocrx_word' id='word_1_235' title='bbox 1018 1559 1060 1599; x_wconf 79' lang='grc' dir='ltr'>δὲ</span> <span class='ocrx_word' id='word_1_236' title='bbox 1086 1555 1313 1610; x_wconf 79' lang='grc' dir='ltr'><em>Ἀθηναίην</em></span> <span class='ocrx_word' id='word_1_237' title='bbox 1337 1561 1437 1609; x_wconf 79' lang='grc' dir='ltr'><em>φασὶ</em></span> <span class='ocrx_word' id='word_1_238' title='bbox 1467 1578 1503 1601; x_wconf 83' lang='grc' dir='ltr'>κ.</span> 
     </span>
     <span class='ocr_line' id='line_1_48' title="bbox 843 1617 1503 1666; baseline 0.003 -12"><span class='ocrx_word' id='word_1_239' title='bbox 843 1632 875 1655; x_wconf 86' lang='grc' dir='ltr'>τ.</span> <span class='ocrx_word' id='word_1_240' title='bbox 888 1617 936 1666; x_wconf 82' lang='grc' dir='ltr'>λ.]</span> <span class='ocrx_word' id='word_1_241' title='bbox 958 1617 1088 1665; x_wconf 77' lang='lat' dir='ltr'>Attigit</span> <span class='ocrx_word' id='word_1_242' title='bbox 1098 1617 1314 1654; x_wconf 81' lang='lat' dir='ltr'>Herodotea</span> <span class='ocrx_word' id='word_1_243' title='bbox 1333 1618 1503 1656; x_wconf 80' lang='lat' dir='ltr'>Eustath.</span> 
     </span>
     <span class='ocr_line' id='line_1_49' title="bbox 844 1673 1503 1723; baseline 0.005 -14"><span class='ocrx_word' id='word_1_244' title='bbox 844 1674 891 1711; x_wconf 83' lang='lat' dir='ltr'>ad</span> <span class='ocrx_word' id='word_1_245' title='bbox 922 1674 1072 1710; x_wconf 81' lang='lat' dir='ltr'>Homer.</span> <span class='ocrx_word' id='word_1_246' title='bbox 1103 1673 1144 1710; x_wconf 90' lang='lat'>11.</span> <span class='ocrx_word' id='word_1_247' title='bbox 1177 1687 1212 1723; x_wconf 88' lang='lat' dir='ltr'>p.</span> <span class='ocrx_word' id='word_1_248' title='bbox 1237 1676 1365 1720; x_wconf 78' lang='lat'>1216,</span> <span class='ocrx_word' id='word_1_249' title='bbox 1395 1676 1449 1714; x_wconf 77' lang='lat'>47</span> <span class='ocrx_word' id='word_1_250' title='bbox 1475 1689 1503 1712; x_wconf 87' lang='lat' dir='ltr'>s.</span> 
     </span>
     <span class='ocr_line' id='line_1_50' title="bbox 850 1730 1503 1781; baseline 0.006 -16"><span class='ocrx_word' id='word_1_251' title='bbox 850 1733 972 1776; x_wconf 76' lang='lat'>1296,</span> <span class='ocrx_word' id='word_1_252' title='bbox 994 1731 1049 1770; x_wconf 83' lang='lat'>38</span> <span class='ocrx_word' id='word_1_253' title='bbox 1070 1733 1107 1765; x_wconf 87' lang='lat' dir='ltr'>et</span> <span class='ocrx_word' id='word_1_254' title='bbox 1127 1731 1174 1766; x_wconf 87' lang='lat' dir='ltr'>ad</span> <span class='ocrx_word' id='word_1_255' title='bbox 1186 1730 1335 1778; x_wconf 75' lang='lat' dir='ltr'>Dionys.</span> <span class='ocrx_word' id='word_1_256' title='bbox 1358 1731 1503 1781; x_wconf 86' lang='lat' dir='ltr'>Perieg.</span> 
     </span>
     <span class='ocr_line' id='line_1_51' title="bbox 848 1786 1504 1838; baseline -0.005 -10"><span class='ocrx_word' id='word_1_257' title='bbox 848 1790 930 1828; x_wconf 76' lang='lat'>267</span> <span class='ocrx_word' id='word_1_258' title='bbox 955 1786 1034 1823; x_wconf 82' lang='lat' dir='ltr'>coll.</span> <span class='ocrx_word' id='word_1_259' title='bbox 1062 1786 1219 1823; x_wconf 83' lang='lat' dir='ltr'>Pausan.</span> <span class='ocrx_word' id='word_1_260' title='bbox 1246 1786 1282 1833; x_wconf 89' lang='lat' dir='ltr'>l,</span> <span class='ocrx_word' id='word_1_261' title='bbox 1319 1786 1369 1827; x_wconf 80' lang='lat'>14</span> <span class='ocrx_word' id='word_1_262' title='bbox 1402 1786 1438 1838; x_wconf 83' lang='lat'>§.</span> <span class='ocrx_word' id='word_1_263' title='bbox 1466 1787 1504 1828; x_wconf 89' lang='grc'>5.</span> 
     </span>
     <span class='ocr_line' id='line_1_52' title="bbox 847 1843 1505 1893; baseline -0.005 -13"><span class='ocrx_word' id='word_1_264' title='bbox 847 1843 947 1880; x_wconf 90' lang='lat' dir='ltr'>Hinc</span> <span class='ocrx_word' id='word_1_265' title='bbox 964 1844 1044 1892; x_wconf 87' lang='lat' dir='ltr'>ipsa</span> <span class='ocrx_word' id='word_1_266' title='bbox 1063 1843 1230 1880; x_wconf 85' lang='lat' dir='ltr'>Minerva</span> <span class='ocrx_word' id='word_1_267' title='bbox 1243 1872 1253 1889; x_wconf 91' lang='lat'>‚</span> <span class='ocrx_word' id='word_1_268' title='bbox 1299 1843 1373 1880; x_wconf 86' lang='lat' dir='ltr'>filia</span> <span class='ocrx_word' id='word_1_269' title='bbox 1400 1857 1505 1893; x_wconf 73' lang='lat' dir='ltr'>nym-</span> 
     </span>
     <span class='ocr_line' id='line_1_53' title="bbox 847 1898 1505 1950; baseline 0.005 -15"><span class='ocrx_word' id='word_1_270' title='bbox 847 1900 943 1950; x_wconf 88' lang='lat' dir='ltr'>phae</span> <span class='ocrx_word' id='word_1_271' title='bbox 972 1899 1072 1936; x_wconf 83' lang='lat' dir='ltr'>lacus</span> <span class='ocrx_word' id='word_1_272' title='bbox 1091 1898 1293 1936; x_wconf 83' lang='lat' dir='ltr'>Tritonidis</span> <span class='ocrx_word' id='word_1_273' title='bbox 1321 1899 1392 1949; x_wconf 83' lang='lat' dir='ltr'>(ita</span> <span class='ocrx_word' id='word_1_274' title='bbox 1410 1901 1505 1938; x_wconf 88' lang='lat' dir='ltr'>enim</span> 
     </span>
     <span class='ocr_line' id='line_1_54' title="bbox 847 1954 1506 2007; baseline 0.002 -14"><span class='ocrx_word' id='word_1_275' title='bbox 847 1955 1011 2003; x_wconf 76' lang='lat' dir='ltr'>intelligo</span> <span class='ocrx_word' id='word_1_276' title='bbox 1041 1967 1169 1991; x_wconf 86' lang='lat' dir='ltr'>voces:</span> <span class='ocrx_word' id='word_1_277' title='bbox 1218 1954 1285 1993; x_wconf 86' lang='grc' dir='ltr'>καὶ</span> <span class='ocrx_word' id='word_1_278' title='bbox 1314 1958 1386 2005; x_wconf 79' lang='grc' dir='ltr'>τῆς</span> <span class='ocrx_word' id='word_1_279' title='bbox 1412 1959 1506 2007; x_wconf 89' lang='grc' dir='ltr'><em>Τρι-</em></span> 
     </span>
     <span class='ocr_line' id='line_1_55' title="bbox 847 2008 1505 2061; baseline 0.002 -12"><span class='ocrx_word' id='word_1_280' title='bbox 847 2012 1015 2056; x_wconf 80' lang='grc' dir='ltr'><em>τωνίδος</em></span> <span class='ocrx_word' id='word_1_281' title='bbox 1037 2008 1228 2060; x_wconf 75' lang='grc' dir='ltr'><em>λίιινης),</em></span> <span class='ocrx_word' id='word_1_282' title='bbox 1267 2011 1366 2048; x_wconf 87' lang='lat' dir='ltr'>dicta</span> <span class='ocrx_word' id='word_1_283' title='bbox 1396 2013 1505 2061; x_wconf 86' lang='lat' dir='ltr'>vulgo</span> 
     </span>
     <span class='ocr_line' id='line_1_56' title="bbox 853 2065 1505 2118; baseline 0 -12"><span class='ocrx_word' id='word_1_284' title='bbox 853 2065 1121 2118; x_wconf 85' lang='grc' dir='ltr'><em>Τριτογένεια,</em></span> <span class='ocrx_word' id='word_1_285' title='bbox 1161 2067 1259 2104; x_wconf 83' lang='lat' dir='ltr'>euius</span> <span class='ocrx_word' id='word_1_286' title='bbox 1281 2070 1505 2116; x_wconf 78' lang='lat' dir='ltr'>cognominis</span> 
     </span>
     <span class='ocr_line' id='line_1_57' title="bbox 849 2123 1505 2174; baseline 0.006 -15"><span class='ocrx_word' id='word_1_287' title='bbox 849 2136 944 2172; x_wconf 84' lang='lat' dir='ltr'>quae</span> <span class='ocrx_word' id='word_1_288' title='bbox 969 2125 1090 2160; x_wconf 71' lang='lat' dir='ltr'>xariae</span> <span class='ocrx_word' id='word_1_289' title='bbox 1113 2123 1312 2160; x_wconf 81' lang='lat' dir='ltr'>afferuntur</span> <span class='ocrx_word' id='word_1_290' title='bbox 1330 2126 1505 2174; x_wconf 85' lang='lat' dir='ltr'>rationes,</span> 
     </span>
     <span class='ocr_line' id='line_1_58' title="bbox 850 2179 1505 2229; baseline 0.006 -13"><span class='ocrx_word' id='word_1_291' title='bbox 850 2181 1060 2217; x_wconf 82' lang='lat' dir='ltr'>indicabunt</span> <span class='ocrx_word' id='word_1_292' title='bbox 1079 2179 1209 2228; x_wconf 81' lang='lat' dir='ltr'>Heyne</span> <span class='ocrx_word' id='word_1_293' title='bbox 1225 2181 1273 2217; x_wconf 88' lang='lat' dir='ltr'>ad</span> <span class='ocrx_word' id='word_1_294' title='bbox 1292 2180 1505 2229; x_wconf 75' lang='lat' dir='ltr'>Apollodor-</span> 
     </span>
     <span class='ocr_line' id='line_1_59' title="bbox 849 2236 1506 2285; baseline 0.003 -12"><span class='ocrx_word' id='word_1_295' title='bbox 849 2236 913 2282; x_wconf 87' lang='grc' dir='ltr'>ΙΙΙ,</span> <span class='ocrx_word' id='word_1_296' title='bbox 939 2240 1002 2282; x_wconf 77' lang='grc'>12,</span> <span class='ocrx_word' id='word_1_297' title='bbox 1027 2237 1053 2276; x_wconf 80' lang='lat'>3</span> <span class='ocrx_word' id='word_1_298' title='bbox 1072 2249 1156 2285; x_wconf 87' lang='lat' dir='ltr'>pag.</span> <span class='ocrx_word' id='word_1_299' title='bbox 1178 2239 1271 2277; x_wconf 76' lang='lat'>297.</span> <span class='ocrx_word' id='word_1_300' title='bbox 1304 2236 1435 2274; x_wconf 80' lang='lat' dir='ltr'>Tzetz.</span> <span class='ocrx_word' id='word_1_301' title='bbox 1457 2238 1506 2275; x_wconf 84' lang='lat' dir='ltr'>ad</span> 
     </span>
     <span class='ocr_line' id='line_1_60' title="bbox 848 2292 1506 2343; baseline 0.012 -16"><span class='ocrx_word' id='word_1_302' title='bbox 848 2292 1032 2342; x_wconf 75' lang='lat' dir='ltr'>Lycophr.</span> <span class='ocrx_word' id='word_1_303' title='bbox 1070 2294 1151 2333; x_wconf 83' lang='lat'>519</span> <span class='ocrx_word' id='word_1_304' title='bbox 1189 2305 1274 2343; x_wconf 81' lang='lat' dir='ltr'>pag·</span> <span class='ocrx_word' id='word_1_305' title='bbox 1313 2295 1393 2334; x_wconf 81' lang='lat'>666</span> <span class='ocrx_word' id='word_1_306' title='bbox 1423 2307 1506 2343; x_wconf 84' lang='lat' dir='ltr'>seq-</span> 
     </span>
     <span class='ocr_line' id='line_1_61' title="bbox 850 2348 1506 2399; baseline 0.003 -14"><span class='ocrx_word' id='word_1_307' title='bbox 850 2349 1021 2386; x_wconf 85' lang='lat' dir='ltr'>Creuzer.</span> <span class='ocrx_word' id='word_1_308' title='bbox 1043 2348 1186 2386; x_wconf 80' lang='lat' dir='ltr'>Melett.</span> <span class='ocrx_word' id='word_1_309' title='bbox 1208 2350 1223 2384; x_wconf 93' lang='grc' dir='ltr'>Ι</span> <span class='ocrx_word' id='word_1_310' title='bbox 1245 2362 1330 2399; x_wconf 85' lang='lat' dir='ltr'>pag.</span> <span class='ocrx_word' id='word_1_311' title='bbox 1350 2352 1416 2395; x_wconf 78' lang='grc'>23,</span> <span class='ocrx_word' id='word_1_312' title='bbox 1442 2351 1506 2399; x_wconf 86' lang='lat' dir='ltr'>qui</span> 
     </span>
     <span class='ocr_line' id='line_1_62' title="bbox 850 2405 1507 2455; baseline -0.002 -14"><span class='ocrx_word' id='word_1_313' title='bbox 850 2405 946 2443; x_wconf 79' lang='lat' dir='ltr'>idern</span> <span class='ocrx_word' id='word_1_314' title='bbox 969 2405 1134 2453; x_wconf 79' lang='lat' dir='ltr'>Symbol.</span> <span class='ocrx_word' id='word_1_315' title='bbox 1154 2405 1186 2441; x_wconf 87' lang='lat' dir='ltr'>II</span> <span class='ocrx_word' id='word_1_316' title='bbox 1207 2418 1244 2455; x_wconf 90' lang='lat' dir='ltr'>p.</span> <span class='ocrx_word' id='word_1_317' title='bbox 1270 2407 1350 2446; x_wconf 81' lang='lat'>646</span> <span class='ocrx_word' id='word_1_318' title='bbox 1373 2407 1419 2444; x_wconf 86' lang='lat' dir='ltr'>de</span> <span class='ocrx_word' id='word_1_319' title='bbox 1440 2407 1507 2443; x_wconf 86' lang='lat' dir='ltr'>hu-</span> 
     </span>
     <span class='ocr_line' id='line_1_63' title="bbox 850 2461 1506 2500; baseline 0.005 -3"><span class='ocrx_word' id='word_1_320' title='bbox 850 2461 905 2498; x_wconf 85' lang='lat' dir='ltr'>ius</span> <span class='ocrx_word' id='word_1_321' title='bbox 939 2461 1082 2498; x_wconf 80' lang='lat' dir='ltr'>fabulae</span> <span class='ocrx_word' id='word_1_322' title='bbox 1127 2474 1235 2499; x_wconf 83' lang='lat' dir='ltr'>sensu</span> <span class='ocrx_word' id='word_1_323' title='bbox 1270 2463 1506 2500; x_wconf 84' lang='lat' dir='ltr'>reconditiori</span> 
     </span>
     <span class='ocr_line' id='line_1_64' title="bbox 852 2517 1505 2567; baseline 0 -13"><span class='ocrx_word' id='word_1_324' title='bbox 852 2518 1062 2567; x_wconf 82' lang='lat' dir='ltr'>disputavit,</span> <span class='ocrx_word' id='word_1_325' title='bbox 1075 2517 1111 2554; x_wconf 91' lang='lat' dir='ltr'>in</span> <span class='ocrx_word' id='word_1_326' title='bbox 1130 2531 1239 2567; x_wconf 88' lang='lat' dir='ltr'>quam</span> <span class='ocrx_word' id='word_1_327' title='bbox 1257 2519 1408 2555; x_wconf 88' lang='lat' dir='ltr'>eandem</span> <span class='ocrx_word' id='word_1_328' title='bbox 1428 2519 1505 2554; x_wconf 82' lang='lat' dir='ltr'>dis-</span> 
     </span>
     <span class='ocr_line' id='line_1_65' title="bbox 851 2573 1505 2623; baseline 0.003 -14"><span class='ocrx_word' id='word_1_329' title='bbox 851 2575 998 2623; x_wconf 82' lang='lat' dir='ltr'>quisivit</span> <span class='ocrx_word' id='word_1_330' title='bbox 1021 2573 1184 2612; x_wconf 69' lang='lat' dir='ltr'>Viilcker.</span> <span class='ocrx_word' id='word_1_331' title='bbox 1207 2573 1230 2611; x_wconf 86' lang='lat' dir='ltr'>l.</span> <span class='ocrx_word' id='word_1_332' title='bbox 1252 2574 1274 2610; x_wconf 91' lang='lat' dir='ltr'>l.</span> <span class='ocrx_word' id='word_1_333' title='bbox 1302 2574 1379 2612; x_wconf 82' lang='lat' dir='ltr'>coll.</span> <span class='ocrx_word' id='word_1_334' title='bbox 1404 2574 1505 2611; x_wconf 77' lang='lat' dir='ltr'>wel-</span> 
     </span>
     <span class='ocr_line' id='line_1_66' title="bbox 851 2628 1505 2680; baseline 0 -13"><span class='ocrx_word' id='word_1_335' title='bbox 851 2630 947 2667; x_wconf 88' lang='lat' dir='ltr'>cker.</span> <span class='ocrx_word' id='word_1_336' title='bbox 966 2630 1105 2679; x_wconf 82' lang='lat' dir='ltr'>Trilog.</span> <span class='ocrx_word' id='word_1_337' title='bbox 1129 2631 1164 2667; x_wconf 82' lang='lat' dir='ltr'>d.</span> <span class='ocrx_word' id='word_1_338' title='bbox 1185 2628 1350 2677; x_wconf 84' lang='lat' dir='ltr'>Aeschyl.</span> <span class='ocrx_word' id='word_1_339' title='bbox 1372 2643 1408 2680; x_wconf 90' lang='lat' dir='ltr'>p.</span> <span class='ocrx_word' id='word_1_340' title='bbox 1422 2633 1505 2671; x_wconf 80' lang='lat'>282</span> 
     </span>
     <span class='ocr_line' id='line_1_67' title="bbox 852 2685 1506 2736; baseline 0.002 -13"><span class='ocrx_word' id='word_1_341' title='bbox 852 2699 930 2735; x_wconf 87' lang='lat' dir='ltr'>seq.</span> <span class='ocrx_word' id='word_1_342' title='bbox 977 2687 1081 2730; x_wconf 89' lang='lat' dir='ltr'>Quae</span> <span class='ocrx_word' id='word_1_343' title='bbox 1097 2687 1191 2724; x_wconf 88' lang='lat' dir='ltr'>enim</span> <span class='ocrx_word' id='word_1_344' title='bbox 1211 2687 1278 2722; x_wconf 89' lang='lat' dir='ltr'>hoc</span> <span class='ocrx_word' id='word_1_345' title='bbox 1301 2685 1379 2723; x_wconf 92' lang='lat' dir='ltr'>loco</span> <span class='ocrx_word' id='word_1_346' title='bbox 1399 2691 1506 2736; x_wconf 81' lang='lat' dir='ltr'>patre</span> 
     </span>
     <span class='ocr_line' id='line_1_68' title="bbox 851 2742 1505 2792; baseline 0 -13"><span class='ocrx_word' id='word_1_347' title='bbox 851 2742 1026 2792; x_wconf 81' lang='lat' dir='ltr'>Neptuno</span> <span class='ocrx_word' id='word_1_348' title='bbox 1046 2749 1162 2780; x_wconf 76' lang='lat' dir='ltr'>matre</span> <span class='ocrx_word' id='word_1_349' title='bbox 1179 2743 1372 2780; x_wconf 84' lang='lat' dir='ltr'>Tritonide</span> <span class='ocrx_word' id='word_1_350' title='bbox 1400 2756 1505 2792; x_wconf 88' lang='lat' dir='ltr'>nym-</span> 
     </span>
     <span class='ocr_line' id='line_1_69' title="bbox 851 2798 1504 2849; baseline 0.002 -15"><span class='ocrx_word' id='word_1_351' title='bbox 851 2798 925 2849; x_wconf 69' lang='lat' dir='ltr'>pha</span> <span class='ocrx_word' id='word_1_352' title='bbox 943 2803 1030 2836; x_wconf 84' lang='lat' dir='ltr'>nata</span> <span class='ocrx_word' id='word_1_353' title='bbox 1040 2800 1161 2837; x_wconf 89' lang='lat' dir='ltr'>Iovem</span> <span class='ocrx_word' id='word_1_354' title='bbox 1184 2800 1318 2835; x_wconf 86' lang='lat' dir='ltr'>adiisse</span> <span class='ocrx_word' id='word_1_355' title='bbox 1337 2803 1373 2835; x_wconf 85' lang='lat' dir='ltr'>et</span> <span class='ocrx_word' id='word_1_356' title='bbox 1392 2799 1438 2835; x_wconf 87' lang='lat' dir='ltr'>ab</span> <span class='ocrx_word' id='word_1_357' title='bbox 1459 2811 1504 2835; x_wconf 87' lang='lat' dir='ltr'>eo</span> 
     </span>
     <span class='ocr_line' id='line_1_70' title="bbox 852 2855 1502 2904; baseline -0.003 -13"><span class='ocrx_word' id='word_1_358' title='bbox 852 2856 1030 2904; x_wconf 82' lang='lat' dir='ltr'>adoptata</span> <span class='ocrx_word' id='word_1_359' title='bbox 1067 2857 1179 2892; x_wconf 76' lang='lat' dir='ltr'>fertur</span> <span class='ocrx_word' id='word_1_360' title='bbox 1197 2856 1386 2895; x_wconf 72' lang='lat' dir='ltr'>Minerva,</span> <span class='ocrx_word' id='word_1_361' title='bbox 1426 2855 1502 2891; x_wconf 78' lang='lat' dir='ltr'>eius</span> 
     </span>
     <span class='ocr_line' id='line_1_71' title="bbox 849 2910 1503 2963; baseline -0.005 -15"><span class='ocrx_word' id='word_1_362' title='bbox 849 2916 992 2963; x_wconf 84' lang='lat' dir='ltr'>patrem</span> <span class='ocrx_word' id='word_1_363' title='bbox 1009 2911 1068 2949; x_wconf 75' lang='lat' dir='ltr'>alii</span> <span class='ocrx_word' id='word_1_364' title='bbox 1083 2917 1291 2960; x_wconf 86' lang='lat' dir='ltr'>nuncupant</span> <span class='ocrx_word' id='word_1_365' title='bbox 1303 2910 1503 2959; x_wconf 72' lang='lat' dir='ltr'>Palladem,</span> 
     </span>
    </p>
   </div>
   <div class='ocr_carea' id='block_1_14' title="bbox 1187 2966 1274 3008">
    <p class='ocr_par' dir='ltr' id='par_1_14' title="bbox 1187 2966 1274 3008">
     <span class='ocr_line' id='line_1_72' title="bbox 1187 2966 1274 3008; baseline 0 0"><span class='ocrx_word' id='word_1_366' title='bbox 1187 2966 1274 3008; x_wconf 75' lang='lat'>38*</span> 
     </span>
    </p>
   </div>
   <div class='ocr_carea' id='block_1_15' title="bbox 1155 1453 1503 1500">
    <p class='ocr_par' dir='ltr' id='par_1_15' title="bbox 1155 1453 1503 1500">
     <span class='ocr_line' id='line_1_73' title="bbox 1155 1453 1503 1500; baseline 0.009 -15"><span class='ocrx_word' id='word_1_367' title='bbox 1155 1461 1348 1487; x_wconf 81' lang='lat' dir='ltr'>recensens</span> <span class='ocrx_word' id='word_1_368' title='bbox 1393 1453 1503 1500; x_wconf 80' lang='lat' dir='ltr'>atque</span> 
     </span>
    </p>
   </div>
  </div>
 </body>
</html>
