1904 3304
608 252 960 291 THALlA.
1022 255 1084 291 ΙΙΙ.
1421 259 1477 296 23

175 359 467 415 3ἐσταλμένας
510 365 564 418 τῇ
604 365 686 405 τοῦ
723 362 938 417 βασιλέος.

203 435 417 490 κλαυθμῷ
447 436 651 489 παρῆσαν
682 435 728 476 αἱ
752 434 969 489 παρθένοι
999 435 1108 479 κατοὲ
1137 434 1244 486 τούς
1273 436 1476 491 πατέρας,

202 502 352 558 οἱμὲν
394 502 518 546 ἄλλοι
558 501 737 559 πατέρες
777 503 978 561 α’νεβόων
1017 523 1060 550 τε
1090 507 1164 550 καὶ
1205 505 1476 561 ἀντέκλαιον,

203 572 400 628 ὁρέοντες
429 574 481 618 τοὶ
517 574 647 618 τέκνα
677 578 976 632 κεκακωμένα·
1026 576 1050 622 ὁ
1090 578 1136 622 δὲ
1175 578 1530 636 Ψαμμήνιτος,30

174 645 405 700 4προϊδών
442 648 513 690 καὶ
552 647 732 704 μαθών,
773 648 904 698 ἔκυψε
936 649 978 698 ἐς
1007 647 1086 704 τήν
1116 652 1211 705 γῆν.
1269 653 1470 706 παρεξελ-

197 717 401 761 θουσέων
421 719 466 761 δὲ
497 722 585 761 τῶν
614 719 907 775 ὑδροφόρων,
940 718 1122 775 δεύτερά
1156 723 1200 764 οἱ
1226 720 1305 764 τόν
1328 724 1468 766 παῖδα

198 789 355 844 ἔπεμπε
386 788 481 845 μετ’
514 789 658 833 ἄλλων
684 793 936 846 Αἰγυπτίων
967 794 1188 847 δισχιλίων
1221 792 1301 848 τὴν
1333 792 1473 849 αὐτὴν

197 858 370 917 ἡλικίην
411 859 619 916 ἐχόντων,
661 862 767 913 τούς
814 879 856 905 τε
906 860 1091 918 αὐχένας
1137 862 1256 921 κάλῳ
1296 865 1470 920 δεδεμέ-

169 938 329 983 5νους,
375 932 448 975 καὶ
487 932 538 976 τὰ
580 931 771 988 στόματα
811 933 1248 990 ἐγκεχαλινωμένους.
1307 934 1468 991 ἅγοντο
1485 943 1529 977 35

198 1073 253 1122 ὥς
281 1073 324 1114 δὲ
354 1075 435 1129 βοῇ
452 1088 491 1112 τε
518 1071 583 1112 καὶ
605 1076 804 1127 κλαυθμῷ

139 1134 326 1183 παρῆσαν
373 1132 418 1171 αἵ
464 1128 663 1182 παρθένοι
702 1127 802 1169 κατοῖ

139 1186 236 1235 τούς
261 1187 455 1239 πατέρας]
488 1187 511 1224 i.
541 1200 572 1224 e.
608 1200 697 1237 quae
726 1201 803 1224 cum

140 1246 332 1283 clamantes
351 1250 383 1282 et
409 1244 580 1282 eiulantes
601 1245 804 1281 advenirent

139 1304 267 1339 eumin
290 1303 401 1339 locum
424 1304 473 1350 (S.
494 1302 666 1339 adessent
685 1314 729 1338 eo
748 1301 802 1338 lo-

139 1360 213 1407 co),
230 1373 293 1409 quo
307 1363 428 1409 patres
452 1358 511 1406 (ex
523 1358 677 1395 adverso
697 1358 804 1407 ipsis)

139 1420 237 1452 erant
250 1416 447 1452 collocatis.
468 1414 701 1451 considebant.
727 1415 803 1451 Re-

139 1473 229 1510 tinui
246 1474 446 1522 παρῆσαν,
478 1471 645 1508 omnibus
665 1472 741 1508 fere
760 1470 802 1506 li-

140 1530 213 1566 bris
235 1529 379 1578 scriptis
402 1528 612 1578 probatum,
625 1532 699 1564 eta
719 1540 801 1564 ver-

137 1585 185 1622 bo
203 1588 388 1636 παρεῖναι
405 1597 447 1622 ea
463 1584 742 1633 significatione,
756 1584 802 1621 de

137 1654 211 1691 qua
234 1643 389 1679 diximus
417 1642 464 1678 ad
485 1641 514 1687 I,
537 1644 603 1686 21,
631 1641 800 1677 derivan-

136 1699 235 1736 dum.
260 1698 526 1746 lVesselingius
551 1710 571 1734 e
590 1697 683 1733 binis
703 1696 800 1733 libris

136 1755 349 1793 exhibuerat
375 1751 602 1805 παρήεσαν,
635 1754 739 1791 Reiz.
761 1757 799 1791 et

135 1812 281 1850 Schaef.
314 1807 540 1862 παρήϊσαν,
572 1811 672 1859 quod
701 1810 800 1847 Mat-

136 1868 234 1906 thiae
252 1869 286 1905 h.
312 1868 334 1905 l.
354 1869 470 1905 citans
491 1868 529 1904 in
549 1867 712 1904 Gramm.
733 1867 800 1903 Gr.

135 1938 172 1975 p.
199 1924 305 1965 1154
334 1926 504 1971 retinuit,
527 1925 564 1960 in
584 1928 690 1961 textu
717 1924 798 1974 ipso

137 1982 310 2018 exhibens
331 1983 517 2035 παρῇσαν
538 1981 579 2028 (a
600 1981 711 2018 verbo
724 1995 799 2018 πα-

137 2036 528 2087 ριέναι,ρταεΐεῑειιηάι’
542 2039 672 2087 opinor
684 2037 797 2085 signi-

135 2095 319 2141 ficatione,
351 2107 447 2144 quae
471 2094 557 2131 mihi
584 2095 730 2143 quidem
752 2094 798 2130 ab

134 2150 168 2188 h.
189 2150 211 2188 l.
243 2150 361 2189 aliena
383 2152 547 2197 videtur,
577 2162 798 2199 quamquam

135 2208 186 2244 sic
222 2209 411 2258 accepisse
448 2208 556 2245 video
593 2206 798 2243 Valckena-

133 2264 254 2312 rium).
298 2264 433 2301 Similis
453 2265 490 2301 in
510 2265 564 2300 his
576 2264 693 2301 verbis
711 2276 799 2300 con-

132 2321 228 2357 fusio
254 2321 282 2367 Ι,
309 2323 374 2361 62.
396 2321 443 2367 II,
466 2322 557 2362 163.
591 2321 662 2357 Pro
684 2315 797 2366 κατα,

133 2378 236 2426 quod
251 2391 330 2415 cum
342 2382 491 2415 recentt.
510 2378 597 2416 edd.
618 2377 799 2423 dedimus,

133 2433 277 2483 plurimi
298 2434 377 2471 libri
397 2429 519 2483 παρά,
551 2435 652 2470 cuius
675 2438 798 2470 tamen

132 2489 190 2527 hic
199 2489 314 2527 nullus
335 2504 415 2528 esse
425 2495 546 2541 potest
557 2490 670 2527 locus.
700 2489 798 2526 Nam

133 2543 233 2585 κατα
252 2547 289 2584 in
315 2547 444 2584 talibus
471 2547 651 2596 significat
671 2559 714 2582 ex
732 2546 798 2582 acl-

133 2615 253 2651 verso,
283 2608 423 2650 contra,
455 2605 591 2654 optime
624 2608 798 2640 monente

134 2659 323 2706 Valcken.,
343 2661 405 2709 qui
434 2661 523 2697 citat
541 2660 722 2697 Herodot.
750 2658 796 2705 ΙΙ,

138 2718 229 2756 121.
254 2717 395 2763 111,86.
417 2716 480 2764 Vl,
505 2719 595 2757 101.
626 2716 795 2763 Thucyd.

135 2771 242 2819 Vlll,
268 2774 334 2820 86,
363 2773 443 2810 alia.
500 2773 593 2810 Inde
616 2772 797 2809 Matthiae

133 2828 155 2865 l.
185 2828 207 2867 l.
238 2829 430 2867 vernacule
463 2830 514 2867 sic
539 2830 680 2867 reddit:
711 2828 797 2875 „da

134 2897 186 2922 wo
206 2885 280 2922 ihre
304 2885 410 2923 Viiter
429 2887 588 2923 sassen.“
623 2884 682 2923 Ad
701 2886 797 2923 dati-

861 1087 925 1111 vos
957 1075 1035 1128 βοῇ
1058 1089 1098 1113 τε
1121 1072 1189 1112 καὶ
1217 1077 1415 1129 κλαυθμῷ
1440 1088 1531 1113 eun·

861 1132 946 1169 dein
975 1132 1071 1169 conf.
1109 1131 1242 1168 Matth.
1271 1130 1309 1182 ἓ.
1338 1131 1419 1172 405
1448 1137 1527 1170 not.

862 1192 899 1229 2.
924 1211 973 1215 —
1007 1188 1047 1224 ln
1067 1201 1169 1237 seqq.
1201 1201 1268 1238 pro
1298 1183 1530 1228 ἀντέκλαιον

861 1245 897 1281 in
954 1244 1109 1291 Aldina,
1154 1244 1368 1282 Florentino
1420 1245 1528 1293 libro,

861 1300 951 1348 aliis,
966 1296 1189 1340 αἰνέκλαιον.
1229 1301 1377 1350 Reliqui
1401 1315 1528 1340 omnes

860 1357 1049 1406 vulgatum
1084 1358 1243 1395 firmant.
1305 1358 1417 1395 Paulo
1443 1363 1528 1409 post

859 1414 991 1451 retinui
1012 1411 1244 1463 προϊδών
1267 1413 1334 1453 καὶ
1365 1412 1526 1465 μαθών,

859 1471 959 1507 cuius
980 1470 1060 1507 loco
1078 1484 1098 1508 e
1116 1471 1260 1508 duobus
1278 1471 1378 1508 libris
1389 1472 1527 1509 Schae-

859 1528 924 1564 ser.
946 1523 1148 1578 προςιδών
1167 1543 1201 1566 κ.
1222 1544 1259 1578 μ.
1287 1528 1417 1565 Itidem
1442 1542 1526 1566 mox

860 1584 945 1620 dedi
963 1597 1042 1620 cum
1053 1583 1200 1633 reliquis
1219 1600 1299 1635 παρ
1313 1598 1328 1622 ε
1341 1585 1360 1632 ξ
1373 1599 1389 1622 ε
1400 1588 1525 1623 λθου-

860 1638 980 1688 σέων,
1013 1641 1062 1677 ad
1085 1641 1187 1690 quod
1209 1642 1384 1678 tuendum
1415 1642 1525 1679 Wes-

858 1697 987 1746 seling.
1021 1698 1107 1735 citat
1133 1698 1206 1744 Vl,
1240 1700 1318 1738 117
1349 1698 1522 1748 Sophocl.

859 1752 1033 1803 Antigon.
1062 1755 1155 1795 933.
1183 1753 1419 1792 Florentinus
1442 1768 1524 1793 cum

856 1810 951 1848 aliis:
983 1808 1307 1863 παρελθουσέων.

913 1918 1010 1970 τούς
1031 1938 1069 1962 τε
1094 1918 1265 1974 αὐχένας
1286 1918 1394 1975 κάλῳ
1419 1924 1524 1963 δεδε-

858 1978 1023 2030 μένους]
1057 1981 1111 2017 lta
1142 1994 1222 2018 cum
1251 1981 1454 2029 Schweigh.
1488 1985 1524 2018 et

857 2038 972 2074 Gaisf.
1015 2037 1115 2074 dedi.
1184 2037 1305 2086 Vulgo
1335 2033 1430 2083 τούς
1470 2034 1524 2075 δὲ

857 2088 943 2143 αὖχ.
977 2093 1088 2137 Quod
1106 2094 1143 2130 in
1161 2092 1241 2130 aliis
1260 2094 1358 2130 libris
1379 2098 1416 2130 et
1438 2094 1526 2130 scri-

856 2150 927 2200 ptis
955 2154 991 2187 et
1022 2150 1132 2187 editis
1167 2153 1252 2199 post
1267 2147 1525 2205 ,δεδεμένους

856 2207 1030 2243 insertum
1044 2206 1237 2254 legebatur
1254 2206 1366 2256 ἠγον,
1389 2206 1427 2242 id
1447 2219 1525 2244 me-

857 2263 984 2299 liorum
1007 2262 1180 2299 librorum
1204 2264 1421 2300 auctoritate
1442 2275 1522 2299 cum

855 2320 983 2356 iisdem
1028 2318 1111 2355 viris
1151 2319 1269 2356 doctis
1314 2319 1522 2356 abiecimus.

856 2377 950 2413 Sunt
987 2380 1107 2412 autem
1138 2376 1331 2426 participia
1363 2373 1522 2426 δεδεμέ-

857 2448 952 2479 νους
983 2436 1021 2469 et
1048 2430 1429 2483 ἐγκεχαλινωμένους
1456 2446 1522 2482 per

856 2489 1042 2538 quandam
1054 2501 1181 2526 sensus
1203 2494 1423 2526 structuram
1438 2489 1520 2525 iun-

855 2546 978 2595 genda
1007 2558 1088 2582 cum
1119 2545 1258 2583 verbis:
1297 2542 1365 2584 τὸν
1396 2545 1521 2583 παῖδα

856 2623 910 2629 —-
934 2597 1020 2653 μετ’
1040 2598 1172 2640 ἄλλων
1200 2602 1444 2652 Αἰγυπτίων.
1466 2623 1519 2628 -

853 2659 896 2696 In
909 2671 1011 2708 seqq.
1025 2672 1104 2695 cum
1125 2659 1330 2707 Schweigh.
1352 2663 1389 2696 et
1402 2658 1519 2694 Gaisf.

855 2716 953 2753 edidi
975 2711 1118 2765 ἅγοντο
1140 2729 1206 2766 pro
1231 2715 1330 2763 vulg.
1360 2711 1518 2766 ἤγοντο.

854 2772 946 2809 Illud
975 2770 1107 2809 Aldina
1134 2773 1206 2808 iam
1233 2772 1386 2822 praebet
1409 2771 1519 2808 liber-

854 2842 926 2878 que
948 2827 1181 2866 Florentinus
1204 2841 1285 2866 cum
1313 2841 1385 2865 uno
1414 2827 1520 2865 Pari-

855 2898 945 2922 sino.

1007 361 1063 415 ὡς
1110 364 1156 407 δὲ
1197 367 1282 421 βοῇ
1320 381 1365 408 τε
1406 367 1478 409 καὶ
1535 370 1617 408 200
