<?xml version="1.0" encoding="UTF-8"?>
<!DOCTYPE html PUBLIC "-//W3C//DTD XHTML 1.0 Transitional//EN"
    "http://www.w3.org/TR/xhtml1/DTD/xhtml1-transitional.dtd">
<html xmlns="http://www.w3.org/1999/xhtml" xml:lang="en" lang="en">
 <head>
  <title>
</title>
<meta http-equiv="Content-Type" content="text/html;charset=utf-8" />
  <meta name='ocr-system' content='tesseract 3.04.00' />
  <meta name='ocr-capabilities' content='ocr_page ocr_carea ocr_par ocr_line ocrx_word'/>
</head>
<body>
  <div class='ocr_page' id='page_1' title='image "./musaeherodoto02hero/musaeherodoto02hero_0022.png"; bbox 0 0 1904 3304; ppageno 0'>
   <div class='ocr_carea' id='block_1_1' title="bbox 430 237 483 276">
    <p class='ocr_par' dir='ltr' id='par_1_1' title="bbox 430 237 483 276">
     <span class='ocr_line' id='line_1_1' title="bbox 430 237 483 276; baseline 0 0"><span class='ocrx_word' id='word_1_1' title='bbox 430 237 483 276; x_wconf 75' lang='lat'>14</span> 
     </span>
    </p>
   </div>
   <div class='ocr_carea' id='block_1_2' title="bbox 814 225 1284 268">
    <p class='ocr_par' dir='ltr' id='par_1_2' title="bbox 814 225 1284 268">
     <span class='ocr_line' id='line_1_2' title="bbox 814 225 1284 268; baseline -0.011 0"><span class='ocrx_word' id='word_1_2' title='bbox 814 225 1284 268; x_wconf 86' lang='lat' dir='ltr'>HERODOTI</span> 
     </span>
    </p>
   </div>
   <div class='ocr_carea' id='block_1_3' title="bbox 400 331 1750 683">
    <p class='ocr_par' dir='ltr' id='par_1_3' title="bbox 400 331 1750 683">
     <span class='ocr_line' id='line_1_3' title="bbox 427 331 1693 401; baseline -0.008 -14"><span class='ocrx_word' id='word_1_3' title='bbox 427 342 576 401; x_wconf 83' lang='grc' dir='ltr'><strong><em>μήλων</em></strong></span> <span class='ocrx_word' id='word_1_4' title='bbox 602 339 766 391; x_wconf 80' lang='grc' dir='ltr'><strong><em>πάσας·</em></strong></span> <span class='ocrx_word' id='word_1_5' title='bbox 803 341 933 382; x_wconf 81' lang='grc' dir='ltr'><strong><em>τοῦτο</em></strong></span> <span class='ocrx_word' id='word_1_6' title='bbox 963 335 1009 379; x_wconf 79' lang='grc' dir='ltr'>δὲ</span> <span class='ocrx_word' id='word_1_7' title='bbox 1036 334 1244 391; x_wconf 84' lang='grc' dir='ltr'><strong><em>ποιήσας,</em></strong></span> <span class='ocrx_word' id='word_1_8' title='bbox 1273 332 1406 390; x_wconf 83' lang='grc' dir='ltr'><strong><em>ἤλασε</em></strong></span> <span class='ocrx_word' id='word_1_9' title='bbox 1425 331 1471 384; x_wconf 79' lang='grc' dir='ltr'>ἐς</span> <span class='ocrx_word' id='word_1_10' title='bbox 1487 331 1568 389; x_wconf 77' lang='grc' dir='ltr'><strong><em>τὴν</em></strong></span> <span class='ocrx_word' id='word_1_11' title='bbox 1589 331 1693 377; x_wconf 73' lang='grc' dir='ltr'><strong><em>ἄνυ-</em></strong></span> 
     </span>
     <span class='ocr_line' id='line_1_4' title="bbox 428 402 1692 469; baseline -0.01 -11"><span class='ocrx_word' id='word_1_12' title='bbox 428 417 560 469; x_wconf 79' lang='grc' dir='ltr'><strong><em>δρον,</em></strong></span> <span class='ocrx_word' id='word_1_13' title='bbox 601 413 673 456; x_wconf 77' lang='grc' dir='ltr'>καὶ</span> <span class='ocrx_word' id='word_1_14' title='bbox 711 410 913 465; x_wconf 82' lang='grc' dir='ltr'><strong><em>ὑπέμεινε</em></strong></span> <span class='ocrx_word' id='word_1_15' title='bbox 950 406 1144 450; x_wconf 80' lang='grc' dir='ltr'><strong><em>ἐνθαῦτα</em></strong></span> <span class='ocrx_word' id='word_1_16' title='bbox 1180 405 1259 449; x_wconf 85' lang='grc' dir='ltr'><strong><em>τὸν</em></strong></span> <span class='ocrx_word' id='word_1_17' title='bbox 1288 402 1538 459; x_wconf 82' lang='grc' dir='ltr'><em>Καμβύσεω</em></span> <span class='ocrx_word' id='word_1_18' title='bbox 1565 415 1692 459; x_wconf 79' lang='grc' dir='ltr'><strong><em>στρα-</em></strong></span> 
     </span>
     <span class='ocr_line' id='line_1_5' title="bbox 400 473 1694 538; baseline -0.008 -12"><span class='ocrx_word' id='word_1_19' title='bbox 400 484 524 528; x_wconf 87' lang='grc' dir='ltr'><strong><em>3τόν.</em></strong></span> <span class='ocrx_word' id='word_1_20' title='bbox 586 480 728 534; x_wconf 84' lang='grc' dir='ltr'><strong><em>Οὗτος</em></strong></span> <span class='ocrx_word' id='word_1_21' title='bbox 767 482 846 538; x_wconf 72' lang='grc' dir='ltr'><strong><em>μὲν</em></strong></span> <span class='ocrx_word' id='word_1_22' title='bbox 886 477 910 522; x_wconf 90' lang='grc' dir='ltr'>ὁ</span> <span class='ocrx_word' id='word_1_23' title='bbox 941 476 1243 531; x_wconf 74' lang='grc' dir='ltr'><em>πιθανώτερος</em></span> <span class='ocrx_word' id='word_1_24' title='bbox 1280 479 1369 519; x_wconf 77' lang='grc' dir='ltr'><strong><em>τῶν</em></strong></span> <span class='ocrx_word' id='word_1_25' title='bbox 1397 473 1545 531; x_wconf 80' lang='grc' dir='ltr'><strong><em>λόγων</em></strong></span> <span class='ocrx_word' id='word_1_26' title='bbox 1572 475 1694 530; x_wconf 74' lang='grc' dir='ltr'><strong><em>εἴρη-</em></strong></span> 
     </span>
     <span class='ocr_line' id='line_1_6' title="bbox 429 543 1750 606; baseline -0.01 -7"><span class='ocrx_word' id='word_1_27' title='bbox 429 569 525 599; x_wconf 84' lang='grc' dir='ltr'><strong><em>ται·</em></strong></span> <span class='ocrx_word' id='word_1_28' title='bbox 568 556 634 598; x_wconf 87' lang='grc' dir='ltr'>δεῖ</span> <span class='ocrx_word' id='word_1_29' title='bbox 661 554 708 597; x_wconf 81' lang='grc' dir='ltr'>δὲ</span> <span class='ocrx_word' id='word_1_30' title='bbox 737 553 808 597; x_wconf 81' lang='grc' dir='ltr'>καὶ</span> <span class='ocrx_word' id='word_1_31' title='bbox 837 550 915 595; x_wconf 87' lang='grc' dir='ltr'><strong><em>τὸν</em></strong></span> <span class='ocrx_word' id='word_1_32' title='bbox 942 544 1079 606; x_wconf 81' lang='grc' dir='ltr'><strong><em>ἧσσον</em></strong></span> <span class='ocrx_word' id='word_1_33' title='bbox 1107 546 1323 600; x_wconf 77' lang='grc' dir='ltr'><strong><em>πιθανόν,</em></strong></span> <span class='ocrx_word' id='word_1_34' title='bbox 1354 546 1444 589; x_wconf 80' lang='grc' dir='ltr'><strong><em>ἐπεί</em></strong></span> <span class='ocrx_word' id='word_1_35' title='bbox 1471 561 1520 602; x_wconf 77' lang='grc' dir='ltr'><strong><em>γε</em></strong></span> <span class='ocrx_word' id='word_1_36' title='bbox 1548 545 1603 601; x_wconf 86' lang='grc' dir='ltr'>δὴ</span> <span class='ocrx_word' id='word_1_37' title='bbox 1630 543 1750 589; x_wconf 75' lang='grc' dir='ltr'><strong><em>λε’·40</em></strong></span> 
     </span>
     <span class='ocr_line' id='line_1_7' title="bbox 400 613 1694 683; baseline -0.007 -16"><span class='ocrx_word' id='word_1_38' title='bbox 400 632 574 683; x_wconf 61' lang='grc' dir='ltr'><strong><em>ἕψεται,</em></strong></span> <span class='ocrx_word' id='word_1_39' title='bbox 612 626 814 680; x_wconf 81' lang='grc' dir='ltr'><strong><em>ῥηθῆναι.</em></strong></span> <span class='ocrx_word' id='word_1_40' title='bbox 875 619 1084 676; x_wconf 80' lang='grc' dir='ltr'><strong><em>Ποταμός</em></strong></span> <span class='ocrx_word' id='word_1_41' title='bbox 1117 620 1206 664; x_wconf 79' lang='grc' dir='ltr'><strong><em>ἐστι</em></strong></span> <span class='ocrx_word' id='word_1_42' title='bbox 1235 619 1371 676; x_wconf 77' lang='grc' dir='ltr'><strong><em>μέγας</em></strong></span> <span class='ocrx_word' id='word_1_43' title='bbox 1399 617 1448 661; x_wconf 85' lang='grc' dir='ltr'><strong><em>ἐν</em></strong></span> <span class='ocrx_word' id='word_1_44' title='bbox 1482 619 1536 672; x_wconf 84' lang='grc' dir='ltr'>τῇ</span> <span class='ocrx_word' id='word_1_45' title='bbox 1569 613 1694 670; x_wconf 71' lang='lat' dir='ltr'>&#39;Apoc-</span> 
     </span>
    </p>
   </div>
   <div class='ocr_carea' id='block_1_4' title="bbox 428 692 1035 754">
    <p class='ocr_par' dir='ltr' id='par_1_4' title="bbox 428 692 1035 754">
     <span class='ocr_line' id='line_1_8' title="bbox 428 692 1035 754; baseline -0.01 -13"><span class='ocrx_word' id='word_1_46' title='bbox 428 700 623 754; x_wconf 83' lang='grc' dir='ltr'><strong><em>βίῃ,τῷ</em></strong></span> <span class='ocrx_word' id='word_1_47' title='bbox 660 694 829 750; x_wconf 86' lang='grc' dir='ltr'><strong><em>οὔνομα</em></strong></span> <span class='ocrx_word' id='word_1_48' title='bbox 866 692 1035 746; x_wconf 82' lang='grc' dir='ltr'><em>Κόρυς·</em></span> 
     </span>
    </p>
   </div>
   <div class='ocr_carea' id='block_1_5' title="bbox 1085 683 1694 742">
    <p class='ocr_par' dir='ltr' id='par_1_5' title="bbox 1085 683 1694 742">
     <span class='ocr_line' id='line_1_9' title="bbox 1085 683 1694 742; baseline -0.011 -6"><span class='ocrx_word' id='word_1_49' title='bbox 1085 691 1253 736; x_wconf 83' lang='grc' dir='ltr'><em>ἐκδιδοῖ</em></span> <span class='ocrx_word' id='word_1_50' title='bbox 1290 690 1336 734; x_wconf 91' lang='grc' dir='ltr'>δε</span> <span class='ocrx_word' id='word_1_51' title='bbox 1375 683 1504 739; x_wconf 81' lang='grc' dir='ltr'><strong><em>οὗτος</em></strong></span> <span class='ocrx_word' id='word_1_52' title='bbox 1541 686 1586 738; x_wconf 77' lang='grc' dir='ltr'>ἐς</span> <span class='ocrx_word' id='word_1_53' title='bbox 1613 685 1694 742; x_wconf 84' lang='grc' dir='ltr'><strong><em>τὴν</em></strong></span> 
     </span>
    </p>
   </div>
   <div class='ocr_carea' id='block_1_6' title="bbox 396 757 1751 1109">
    <p class='ocr_par' dir='ltr' id='par_1_6' title="bbox 396 757 1751 1109">
     <span class='ocr_line' id='line_1_10' title="bbox 396 757 1696 823; baseline -0.007 -13"><span class='ocrx_word' id='word_1_54' title='bbox 396 768 644 823; x_wconf 78' lang='grc' dir='ltr'><strong><em>5Ἐρυθρὴν</em></strong></span> <span class='ocrx_word' id='word_1_55' title='bbox 672 763 939 820; x_wconf 82' lang='grc' dir='ltr'><strong><em>καλεομένην</em></strong></span> <span class='ocrx_word' id='word_1_56' title='bbox 961 762 1202 807; x_wconf 79' lang='grc' dir='ltr'><strong><em>θάλασσαν.</em></strong></span> <span class='ocrx_word' id='word_1_57' title='bbox 1241 760 1327 805; x_wconf 77' lang='grc' dir='ltr'>ἀπὸ</span> <span class='ocrx_word' id='word_1_58' title='bbox 1357 759 1519 804; x_wconf 82' lang='grc' dir='ltr'><strong><em>τούτου</em></strong></span> <span class='ocrx_word' id='word_1_59' title='bbox 1548 757 1600 814; x_wconf 79' lang='grc' dir='ltr'>δή</span> <span class='ocrx_word' id='word_1_60' title='bbox 1632 773 1696 802; x_wconf 89' lang='grc' dir='ltr'><strong><em>ων</em></strong></span> 
     </span>
     <span class='ocr_line' id='line_1_11' title="bbox 424 829 1696 892; baseline -0.009 -10"><span class='ocrx_word' id='word_1_61' title='bbox 424 842 505 882; x_wconf 88' lang='grc' dir='ltr'>τοῦ</span> <span class='ocrx_word' id='word_1_62' title='bbox 542 840 738 892; x_wconf 82' lang='grc' dir='ltr'><strong><em>ποταμοῦ</em></strong></span> <span class='ocrx_word' id='word_1_63' title='bbox 783 836 950 891; x_wconf 85' lang='grc' dir='ltr'><strong><em>λέγεται</em></strong></span> <span class='ocrx_word' id='word_1_64' title='bbox 996 833 1074 878; x_wconf 89' lang='grc' dir='ltr'><strong><em>τόν</em></strong></span> <span class='ocrx_word' id='word_1_65' title='bbox 1123 831 1304 890; x_wconf 79' lang='grc' dir='ltr'><strong><em>βασιλέα</em></strong></span> <span class='ocrx_word' id='word_1_66' title='bbox 1347 835 1434 875; x_wconf 83' lang='grc' dir='ltr'><strong><em>τῶν</em></strong></span> <span class='ocrx_word' id='word_1_67' title='bbox 1469 829 1696 886; x_wconf 85' lang='grc' dir='ltr'><strong><em>Ἀραβίων,</em></strong></span> 
     </span>
     <span class='ocr_line' id='line_1_12' title="bbox 429 898 1751 963; baseline -0.006 -12"><span class='ocrx_word' id='word_1_68' title='bbox 429 907 687 963; x_wconf 77' lang='grc' dir='ltr'><strong><em>ῥαψάμενον</em></strong></span> <span class='ocrx_word' id='word_1_69' title='bbox 725 911 815 950; x_wconf 81' lang='grc' dir='ltr'><strong><em>τῶν</em></strong></span> <span class='ocrx_word' id='word_1_70' title='bbox 852 904 1091 962; x_wconf 75' lang='grc' dir='ltr'><strong><em>ὠμοβοέων</em></strong></span> <span class='ocrx_word' id='word_1_71' title='bbox 1129 906 1320 950; x_wconf 77' lang='grc' dir='ltr'><strong><em>καὶτῶν</em></strong></span> <span class='ocrx_word' id='word_1_72' title='bbox 1360 902 1504 946; x_wconf 76' lang='grc' dir='ltr'><strong><em>ἄλλων</em></strong></span> <span class='ocrx_word' id='word_1_73' title='bbox 1535 898 1751 958; x_wconf 66' lang='grc' dir='ltr'><strong><em>δερμα-45</em></strong></span> 
     </span>
     <span class='ocr_line' id='line_1_13' title="bbox 424 970 1698 1036; baseline -0.005 -14"><span class='ocrx_word' id='word_1_74' title='bbox 424 995 512 1023; x_wconf 84' lang='grc' dir='ltr'><strong><em>των</em></strong></span> <span class='ocrx_word' id='word_1_75' title='bbox 532 976 681 1034; x_wconf 83' lang='grc' dir='ltr'><strong><em>ὀχετὸν</em></strong></span> <span class='ocrx_word' id='word_1_76' title='bbox 701 977 828 1036; x_wconf 82' lang='grc' dir='ltr'><strong><em>μήκει</em></strong></span> <span class='ocrx_word' id='word_1_77' title='bbox 850 975 1155 1033; x_wconf 79' lang='grc' dir='ltr'><strong><em>ἐξικνεύμενον</em></strong></span> <span class='ocrx_word' id='word_1_78' title='bbox 1184 977 1227 1027; x_wconf 76' lang='grc' dir='ltr'>ἐς</span> <span class='ocrx_word' id='word_1_79' title='bbox 1254 976 1334 1031; x_wconf 84' lang='grc' dir='ltr'><strong><em>τὴν</em></strong></span> <span class='ocrx_word' id='word_1_80' title='bbox 1355 974 1570 1028; x_wconf 76' lang='grc' dir='ltr'><strong><em>ἄνυδρον,</em></strong></span> <span class='ocrx_word' id='word_1_81' title='bbox 1595 970 1698 1028; x_wconf 82' lang='grc' dir='ltr'><strong><em>ἄγα-</em></strong></span> 
     </span>
     <span class='ocr_line' id='line_1_14' title="bbox 424 1043 1699 1109; baseline -0.007 -14"><span class='ocrx_word' id='word_1_82' title='bbox 424 1057 518 1109; x_wconf 75' lang='grc' dir='ltr'><strong><em>γεῖν</em></strong></span> <span class='ocrx_word' id='word_1_83' title='bbox 552 1050 625 1094; x_wconf 81' lang='grc' dir='ltr'>διοὶ</span> <span class='ocrx_word' id='word_1_84' title='bbox 655 1050 708 1107; x_wconf 84' lang='grc' dir='ltr'>δή</span> <span class='ocrx_word' id='word_1_85' title='bbox 742 1049 904 1094; x_wconf 80' lang='grc' dir='ltr'><strong><em>τούτου</em></strong></span> <span class='ocrx_word' id='word_1_86' title='bbox 932 1047 983 1093; x_wconf 79' lang='grc' dir='ltr'>τὸ</span> <span class='ocrx_word' id='word_1_87' title='bbox 1017 1047 1164 1103; x_wconf 81' lang='grc' dir='ltr'><em>ὕδωρ·</em></span> <span class='ocrx_word' id='word_1_88' title='bbox 1201 1048 1248 1091; x_wconf 81' lang='grc' dir='ltr'><strong><em>ἐν</em></strong></span> <span class='ocrx_word' id='word_1_89' title='bbox 1270 1046 1316 1090; x_wconf 81' lang='grc' dir='ltr'>δὲ</span> <span class='ocrx_word' id='word_1_90' title='bbox 1346 1050 1399 1103; x_wconf 85' lang='grc' dir='ltr'>τῇ</span> <span class='ocrx_word' id='word_1_91' title='bbox 1420 1043 1600 1103; x_wconf 76' lang='grc' dir='ltr'><em>ἀνύδρῳ</em></span> <span class='ocrx_word' id='word_1_92' title='bbox 1629 1059 1699 1099; x_wconf 80' lang='grc' dir='ltr'><strong><em>με·</em></strong></span> 
     </span>
    </p>
   </div>
   <div class='ocr_carea' id='block_1_7' title="bbox 373 1166 644 1173">
    <p class='ocr_par' dir='ltr' id='par_1_7' title="bbox 373 1166 644 1173">
     <span class='ocr_line' id='line_1_15' title="bbox 373 1166 644 1173; baseline 0 2131"><span class='ocrx_word' id='word_1_93' title='bbox 373 1166 644 1173; x_wconf 95' lang='lat' dir='ltr'> </span> 
     </span>
    </p>
   </div>
   <div class='ocr_carea' id='block_1_8' title="bbox 370 1209 1039 2901">
    <p class='ocr_par' dir='ltr' id='par_1_8' title="bbox 370 1209 1039 2606">
     <span class='ocr_line' id='line_1_16' title="bbox 431 1209 1035 1268; baseline -0.01 -11"><span class='ocrx_word' id='word_1_94' title='bbox 431 1212 558 1264; x_wconf 77' lang='grc' dir='ltr'><strong><em>Οὗτος</em></strong></span> <span class='ocrx_word' id='word_1_95' title='bbox 591 1214 663 1268; x_wconf 77' lang='grc' dir='ltr'><strong><em>μὲν</em></strong></span> <span class='ocrx_word' id='word_1_96' title='bbox 696 1211 720 1253; x_wconf 84' lang='lat' dir='ltr'>o‘</span> <span class='ocrx_word' id='word_1_97' title='bbox 757 1209 1035 1264; x_wconf 79' lang='grc' dir='ltr'><strong><em>πιθανώτερος</em></strong></span> 
     </span>
     <span class='ocr_line' id='line_1_17' title="bbox 371 1268 1034 1325; baseline -0.014 -11"><span class='ocrx_word' id='word_1_98' title='bbox 371 1277 449 1314; x_wconf 79' lang='grc' dir='ltr'><strong><em>τῶν</em></strong></span> <span class='ocrx_word' id='word_1_99' title='bbox 472 1270 618 1325; x_wconf 76' lang='grc' dir='ltr'><strong><em>λόγων]</em></strong></span> <span class='ocrx_word' id='word_1_100' title='bbox 649 1271 780 1309; x_wconf 88' lang='lat' dir='ltr'>Monet</span> <span class='ocrx_word' id='word_1_101' title='bbox 800 1268 956 1308; x_wconf 88' lang='lat' dir='ltr'>Rennel.</span> <span class='ocrx_word' id='word_1_102' title='bbox 971 1269 1034 1306; x_wconf 90' lang='lat' dir='ltr'>l.l.</span> 
     </span>
     <span class='ocr_line' id='line_1_18' title="bbox 370 1326 1033 1382; baseline -0.009 -14"><span class='ocrx_word' id='word_1_103' title='bbox 370 1344 457 1382; x_wconf 84' lang='lat' dir='ltr'>pag.</span> <span class='ocrx_word' id='word_1_104' title='bbox 476 1330 572 1377; x_wconf 78' lang='lat'>494,</span> <span class='ocrx_word' id='word_1_105' title='bbox 601 1330 670 1367; x_wconf 94' lang='lat' dir='ltr'>hoc</span> <span class='ocrx_word' id='word_1_106' title='bbox 684 1329 812 1365; x_wconf 85' lang='lat' dir='ltr'>itinere</span> <span class='ocrx_word' id='word_1_107' title='bbox 833 1326 952 1364; x_wconf 88' lang='lat' dir='ltr'>adhue</span> <span class='ocrx_word' id='word_1_108' title='bbox 971 1337 1033 1363; x_wconf 91' lang='lat' dir='ltr'>eos</span> 
     </span>
     <span class='ocr_line' id='line_1_19' title="bbox 371 1382 1034 1437; baseline -0.011 -12"><span class='ocrx_word' id='word_1_109' title='bbox 371 1389 446 1435; x_wconf 89' lang='lat' dir='ltr'>uti,</span> <span class='ocrx_word' id='word_1_110' title='bbox 477 1388 539 1437; x_wconf 92' lang='lat' dir='ltr'>qui</span> <span class='ocrx_word' id='word_1_111' title='bbox 558 1386 765 1436; x_wconf 84' lang='lat' dir='ltr'>Aegyptum</span> <span class='ocrx_word' id='word_1_112' title='bbox 783 1382 948 1421; x_wconf 80' lang='lat' dir='ltr'>terrestri</span> <span class='ocrx_word' id='word_1_113' title='bbox 974 1383 1034 1419; x_wconf 91' lang='lat' dir='ltr'>via</span> 
     </span>
     <span class='ocr_line' id='line_1_20' title="bbox 372 1439 1034 1494; baseline -0.011 -12"><span class='ocrx_word' id='word_1_114' title='bbox 372 1458 416 1482; x_wconf 87' lang='lat' dir='ltr'>ex</span> <span class='ocrx_word' id='word_1_115' title='bbox 434 1443 522 1481; x_wconf 87' lang='lat' dir='ltr'>Asia</span> <span class='ocrx_word' id='word_1_116' title='bbox 539 1447 684 1494; x_wconf 81' lang='lat' dir='ltr'>petant3</span> <span class='ocrx_word' id='word_1_117' title='bbox 714 1440 815 1490; x_wconf 90' lang='lat' dir='ltr'>quod</span> <span class='ocrx_word' id='word_1_118' title='bbox 832 1444 956 1477; x_wconf 88' lang='lat' dir='ltr'>tamen</span> <span class='ocrx_word' id='word_1_119' title='bbox 974 1439 1034 1476; x_wconf 85' lang='lat' dir='ltr'>vix</span> 
     </span>
     <span class='ocr_line' id='line_1_21' title="bbox 371 1498 1036 1548; baseline -0.008 -11"><span class='ocrx_word' id='word_1_120' title='bbox 371 1500 512 1538; x_wconf 80' lang='lat' dir='ltr'>licuisse</span> <span class='ocrx_word' id='word_1_121' title='bbox 531 1503 588 1537; x_wconf 91' lang='lat' dir='ltr'>tot</span> <span class='ocrx_word' id='word_1_122' title='bbox 607 1498 720 1548; x_wconf 88' lang='lat' dir='ltr'>copiis</span> <span class='ocrx_word' id='word_1_123' title='bbox 737 1500 913 1545; x_wconf 84' lang='lat' dir='ltr'>tantoque</span> <span class='ocrx_word' id='word_1_124' title='bbox 933 1508 1036 1533; x_wconf 90' lang='lat' dir='ltr'>exer-</span> 
     </span>
     <span class='ocr_line' id='line_1_22' title="bbox 373 1552 1035 1603; baseline -0.011 -9"><span class='ocrx_word' id='word_1_125' title='bbox 373 1557 479 1603; x_wconf 87' lang='lat' dir='ltr'>citui,</span> <span class='ocrx_word' id='word_1_126' title='bbox 520 1569 603 1593; x_wconf 89' lang='lat' dir='ltr'>eum</span> <span class='ocrx_word' id='word_1_127' title='bbox 625 1554 741 1591; x_wconf 89' lang='lat' dir='ltr'>omnis</span> <span class='ocrx_word' id='word_1_128' title='bbox 762 1552 898 1589; x_wconf 88' lang='lat' dir='ltr'>Arabia</span> <span class='ocrx_word' id='word_1_129' title='bbox 916 1552 974 1588; x_wconf 85' lang='lat' dir='ltr'>vix</span> <span class='ocrx_word' id='word_1_130' title='bbox 993 1564 1035 1588; x_wconf 90' lang='lat' dir='ltr'>ac</span> 
     </span>
     <span class='ocr_line' id='line_1_23' title="bbox 373 1608 1034 1661; baseline -0.012 -10"><span class='ocrx_word' id='word_1_131' title='bbox 373 1626 420 1651; x_wconf 91' lang='lat' dir='ltr'>ne</span> <span class='ocrx_word' id='word_1_132' title='bbox 444 1613 504 1649; x_wconf 86' lang='lat' dir='ltr'>vix</span> <span class='ocrx_word' id='word_1_133' title='bbox 542 1611 690 1661; x_wconf 91' lang='lat' dir='ltr'>quidem</span> <span class='ocrx_word' id='word_1_134' title='bbox 723 1613 863 1646; x_wconf 86' lang='lat' dir='ltr'><strong>tantam</strong></span> <span class='ocrx_word' id='word_1_135' title='bbox 903 1608 1034 1644; x_wconf 88' lang='lat' dir='ltr'>utrium</span> 
     </span>
     <span class='ocr_line' id='line_1_24' title="bbox 373 1664 1035 1721; baseline -0.009 -15"><span class='ocrx_word' id='word_1_136' title='bbox 373 1669 539 1721; x_wconf 87' lang='lat' dir='ltr'>copiam,</span> <span class='ocrx_word' id='word_1_137' title='bbox 579 1670 714 1716; x_wconf 86' lang='lat' dir='ltr'>quanta</span> <span class='ocrx_word' id='word_1_138' title='bbox 758 1665 805 1702; x_wconf 84' lang='lat' dir='ltr'>ad</span> <span class='ocrx_word' id='word_1_139' title='bbox 842 1664 1035 1712; x_wconf 74' lang='lat' dir='ltr'>Cambysis</span> 
     </span>
     <span class='ocr_line' id='line_1_25' title="bbox 374 1721 1038 1763; baseline -0.008 0"><span class='ocrx_word' id='word_1_140' title='bbox 374 1725 570 1763; x_wconf 86' lang='lat' dir='ltr'>exercitum</span> <span class='ocrx_word' id='word_1_141' title='bbox 602 1721 880 1760; x_wconf 83' lang='lat' dir='ltr'>sustentandum</span> <span class='ocrx_word' id='word_1_142' title='bbox 908 1721 1038 1758; x_wconf 86' lang='lat' dir='ltr'>suisset</span> 
     </span>
     <span class='ocr_line' id='line_1_26' title="bbox 374 1778 1038 1832; baseline -0.009 -14"><span class='ocrx_word' id='word_1_143' title='bbox 374 1795 490 1832; x_wconf 89' lang='lat' dir='ltr'>opus,</span> <span class='ocrx_word' id='word_1_144' title='bbox 520 1780 650 1818; x_wconf 83' lang='lat' dir='ltr'>afferre</span> <span class='ocrx_word' id='word_1_145' title='bbox 669 1778 852 1829; x_wconf 82' lang='lat' dir='ltr'>potuerit3</span> <span class='ocrx_word' id='word_1_146' title='bbox 884 1781 925 1813; x_wconf 86' lang='lat' dir='ltr'>ut</span> <span class='ocrx_word' id='word_1_147' title='bbox 951 1778 1038 1814; x_wconf 90' lang='lat' dir='ltr'>hac-</span> 
     </span>
     <span class='ocr_line' id='line_1_27' title="bbox 374 1832 1039 1886; baseline -0.009 -11"><span class='ocrx_word' id='word_1_148' title='bbox 374 1843 479 1875; x_wconf 86' lang='lat' dir='ltr'>tenus</span> <span class='ocrx_word' id='word_1_149' title='bbox 509 1838 626 1874; x_wconf 90' lang='lat' dir='ltr'>minus</span> <span class='ocrx_word' id='word_1_150' title='bbox 655 1832 851 1886; x_wconf 89' lang='lat' dir='ltr'>probabilis</span> <span class='ocrx_word' id='word_1_151' title='bbox 879 1834 944 1870; x_wconf 74' lang='lat' dir='ltr'>fiat</span> <span class='ocrx_word' id='word_1_152' title='bbox 961 1833 1039 1870; x_wconf 88' lang='lat' dir='ltr'>He-</span> 
     </span>
     <span class='ocr_line' id='line_1_28' title="bbox 374 1890 1037 1939; baseline -0.009 -8"><span class='ocrx_word' id='word_1_153' title='bbox 374 1895 496 1931; x_wconf 91' lang='lat' dir='ltr'>rodoti</span> <span class='ocrx_word' id='word_1_154' title='bbox 517 1893 686 1929; x_wconf 86' lang='lat' dir='ltr'>narratio.</span> <span class='ocrx_word' id='word_1_155' title='bbox 745 1890 786 1927; x_wconf 91' lang='lat' dir='ltr'>In</span> <span class='ocrx_word' id='word_1_156' title='bbox 818 1903 890 1939; x_wconf 93' lang='lat' dir='ltr'>quo</span> <span class='ocrx_word' id='word_1_157' title='bbox 916 1894 1037 1926; x_wconf 87' lang='lat' dir='ltr'>tamen</span> 
     </span>
     <span class='ocr_line' id='line_1_29' title="bbox 375 1946 1039 1987; baseline -0.009 0"><span class='ocrx_word' id='word_1_158' title='bbox 375 1951 480 1987; x_wconf 88' lang='lat' dir='ltr'>nimis</span> <span class='ocrx_word' id='word_1_159' title='bbox 503 1950 712 1986; x_wconf 82' lang='lat' dir='ltr'>dubitanter</span> <span class='ocrx_word' id='word_1_160' title='bbox 738 1946 901 1984; x_wconf 87' lang='lat' dir='ltr'>cunctari</span> <span class='ocrx_word' id='word_1_161' title='bbox 923 1950 959 1983; x_wconf 91' lang='lat' dir='ltr'>et</span> <span class='ocrx_word' id='word_1_162' title='bbox 984 1946 1039 1982; x_wconf 90' lang='lat' dir='ltr'>in-</span> 
     </span>
     <span class='ocr_line' id='line_1_30' title="bbox 375 2003 1036 2050; baseline -0.009 -6"><span class='ocrx_word' id='word_1_163' title='bbox 375 2007 505 2044; x_wconf 83' lang='lat' dir='ltr'>sistere</span> <span class='ocrx_word' id='word_1_164' title='bbox 529 2006 670 2042; x_wconf 91' lang='lat' dir='ltr'>videtur</span> <span class='ocrx_word' id='word_1_165' title='bbox 689 2004 741 2040; x_wconf 94' lang='lat' dir='ltr'>vir</span> <span class='ocrx_word' id='word_1_166' title='bbox 767 2003 1036 2050; x_wconf 75' lang='lat' dir='ltr'>sagacissimus.</span> 
     </span>
     <span class='ocr_line' id='line_1_31' title="bbox 374 2059 1036 2100; baseline -0.006 0"><span class='ocrx_word' id='word_1_167' title='bbox 374 2062 536 2100; x_wconf 83' lang='lat' dir='ltr'>Alteram</span> <span class='ocrx_word' id='word_1_168' title='bbox 571 2060 758 2098; x_wconf 82' lang='lat' dir='ltr'>Herodoti</span> <span class='ocrx_word' id='word_1_169' title='bbox 791 2059 1036 2096; x_wconf 85' lang='lat' dir='ltr'>narrationem</span> 
     </span>
     <span class='ocr_line' id='line_1_32' title="bbox 375 2116 1036 2170; baseline -0.008 -14"><span class='ocrx_word' id='word_1_170' title='bbox 375 2120 421 2156; x_wconf 93' lang='lat' dir='ltr'>ob</span> <span class='ocrx_word' id='word_1_171' title='bbox 445 2119 604 2170; x_wconf 90' lang='lat' dir='ltr'>spatium</span> <span class='ocrx_word' id='word_1_172' title='bbox 627 2116 789 2166; x_wconf 85' lang='lat' dir='ltr'>longum,</span> <span class='ocrx_word' id='word_1_173' title='bbox 820 2116 917 2153; x_wconf 90' lang='lat' dir='ltr'>unde</span> <span class='ocrx_word' id='word_1_174' title='bbox 940 2128 1036 2164; x_wconf 87' lang='lat' dir='ltr'>aqua</span> 
     </span>
     <span class='ocr_line' id='line_1_33' title="bbox 375 2172 1035 2220; baseline -0.009 -7"><span class='ocrx_word' id='word_1_175' title='bbox 375 2176 484 2213; x_wconf 85' lang='lat' dir='ltr'>fuerit</span> <span class='ocrx_word' id='word_1_176' title='bbox 521 2175 704 2220; x_wconf 78' lang='lat' dir='ltr'>deducta,</span> <span class='ocrx_word' id='word_1_177' title='bbox 749 2172 876 2209; x_wconf 89' lang='lat' dir='ltr'>miram</span> <span class='ocrx_word' id='word_1_178' title='bbox 910 2172 1035 2220; x_wconf 74' lang='lat' dir='ltr'>utique.</span> 
     </span>
     <span class='ocr_line' id='line_1_34' title="bbox 376 2228 1037 2275; baseline -0.005 -8"><span class='ocrx_word' id='word_1_179' title='bbox 376 2232 488 2269; x_wconf 91' lang='lat' dir='ltr'>videri</span> <span class='ocrx_word' id='word_1_180' title='bbox 517 2232 615 2268; x_wconf 89' lang='lat' dir='ltr'>idem</span> <span class='ocrx_word' id='word_1_181' title='bbox 644 2230 799 2275; x_wconf 89' lang='lat' dir='ltr'>iudicat,</span> <span class='ocrx_word' id='word_1_182' title='bbox 841 2228 909 2264; x_wconf 90' lang='lat' dir='ltr'>nisi</span> <span class='ocrx_word' id='word_1_183' title='bbox 942 2229 1037 2264; x_wconf 85' lang='lat' dir='ltr'>forte</span> 
     </span>
     <span class='ocr_line' id='line_1_35' title="bbox 376 2284 1038 2338; baseline -0.008 -14"><span class='ocrx_word' id='word_1_184' title='bbox 376 2288 568 2338; x_wconf 85' lang='lat' dir='ltr'>propiores</span> <span class='ocrx_word' id='word_1_185' title='bbox 602 2286 734 2322; x_wconf 88' lang='lat' dir='ltr'>suerint</span> <span class='ocrx_word' id='word_1_186' title='bbox 770 2286 889 2321; x_wconf 86' lang='lat' dir='ltr'>sontes</span> <span class='ocrx_word' id='word_1_187' title='bbox 920 2284 1038 2333; x_wconf 85' lang='lat' dir='ltr'>putei-</span> 
     </span>
     <span class='ocr_line' id='line_1_36' title="bbox 377 2340 1037 2393; baseline -0.009 -12"><span class='ocrx_word' id='word_1_188' title='bbox 377 2357 469 2393; x_wconf 89' lang='lat' dir='ltr'>que,</span> <span class='ocrx_word' id='word_1_189' title='bbox 500 2355 521 2380; x_wconf 91' lang='lat' dir='ltr'>e</span> <span class='ocrx_word' id='word_1_190' title='bbox 545 2342 674 2391; x_wconf 88' lang='lat' dir='ltr'>quibus</span> <span class='ocrx_word' id='word_1_191' title='bbox 694 2352 790 2390; x_wconf 84' lang='lat' dir='ltr'>aqua</span> <span class='ocrx_word' id='word_1_192' title='bbox 809 2353 874 2390; x_wconf 83' lang='lat' dir='ltr'>per</span> <span class='ocrx_word' id='word_1_193' title='bbox 899 2340 1037 2376; x_wconf 85' lang='lat' dir='ltr'>fistulas</span> 
     </span>
     <span class='ocr_line' id='line_1_37' title="bbox 377 2395 1037 2449; baseline -0.008 -12"><span class='ocrx_word' id='word_1_194' title='bbox 377 2400 413 2436; x_wconf 91' lang='lat' dir='ltr'>in</span> <span class='ocrx_word' id='word_1_195' title='bbox 436 2397 664 2449; x_wconf 85' lang='lat' dir='ltr'>receptacula</span> <span class='ocrx_word' id='word_1_196' title='bbox 681 2398 729 2433; x_wconf 88' lang='lat' dir='ltr'>sit</span> <span class='ocrx_word' id='word_1_197' title='bbox 750 2396 869 2432; x_wconf 86' lang='lat' dir='ltr'>ducta.</span> <span class='ocrx_word' id='word_1_198' title='bbox 918 2395 972 2433; x_wconf 88' lang='lat' dir='ltr'>Ae</span> <span class='ocrx_word' id='word_1_199' title='bbox 989 2396 1037 2432; x_wconf 90' lang='lat' dir='ltr'>si-</span> 
     </span>
     <span class='ocr_line' id='line_1_38' title="bbox 377 2452 1037 2505; baseline -0.006 -12"><span class='ocrx_word' id='word_1_200' title='bbox 377 2456 460 2494; x_wconf 87' lang='lat' dir='ltr'>mile</span> <span class='ocrx_word' id='word_1_201' title='bbox 483 2455 590 2505; x_wconf 91' lang='lat' dir='ltr'>quid,</span> <span class='ocrx_word' id='word_1_202' title='bbox 631 2453 730 2502; x_wconf 91' lang='lat' dir='ltr'>quod</span> <span class='ocrx_word' id='word_1_203' title='bbox 756 2452 948 2489; x_wconf 84' lang='lat' dir='ltr'>recentiori</span> <span class='ocrx_word' id='word_1_204' title='bbox 976 2464 1037 2489; x_wconf 88' lang='lat' dir='ltr'>ae-</span> 
     </span>
     <span class='ocr_line' id='line_1_39' title="bbox 378 2508 1039 2557; baseline -0.008 -8"><span class='ocrx_word' id='word_1_205' title='bbox 378 2517 454 2549; x_wconf 88' lang='lat' dir='ltr'>tate</span> <span class='ocrx_word' id='word_1_206' title='bbox 484 2512 632 2557; x_wconf 85' lang='lat' dir='ltr'>accidit,</span> <span class='ocrx_word' id='word_1_207' title='bbox 671 2509 766 2546; x_wconf 91' lang='lat' dir='ltr'>idem</span> <span class='ocrx_word' id='word_1_208' title='bbox 800 2508 908 2545; x_wconf 81' lang='lat' dir='ltr'>affert</span> <span class='ocrx_word' id='word_1_209' title='bbox 937 2508 1039 2545; x_wconf 87' lang='lat' dir='ltr'>Ren-</span> 
     </span>
     <span class='ocr_line' id='line_1_40' title="bbox 378 2568 534 2606; baseline -0.021 0"><span class='ocrx_word' id='word_1_210' title='bbox 378 2568 448 2606; x_wconf 75' lang='lat' dir='ltr'>nel.</span> <span class='ocrx_word' id='word_1_211' title='bbox 469 2568 490 2605; x_wconf 92' lang='lat' dir='ltr'>l.</span> <span class='ocrx_word' id='word_1_212' title='bbox 512 2568 534 2604; x_wconf 93' lang='lat' dir='ltr'>l.</span> 
     </span>
    </p>

    <p class='ocr_par' dir='ltr' id='par_1_9' title="bbox 379 2617 1036 2901">
     <span class='ocr_line' id='line_1_41' title="bbox 436 2617 1033 2677; baseline -0.01 -14"><span class='ocrx_word' id='word_1_213' title='bbox 436 2626 489 2677; x_wconf 80' lang='grc' dir='ltr'>τῷ</span> <span class='ocrx_word' id='word_1_214' title='bbox 508 2617 745 2671; x_wconf 79' lang='grc' dir='ltr'><strong><em>οὕνομαΚό</em></strong></span> <span class='ocrx_word' id='word_1_215' title='bbox 758 2620 858 2671; x_wconf 76' lang='grc' dir='ltr'>ρυς]</span> <span class='ocrx_word' id='word_1_216' title='bbox 885 2618 1033 2657; x_wconf 85' lang='lat' dir='ltr'>Abulse-</span> 
     </span>
     <span class='ocr_line' id='line_1_42' title="bbox 379 2676 1036 2728; baseline -0.008 -10"><span class='ocrx_word' id='word_1_217' title='bbox 379 2681 460 2728; x_wconf 86' lang='lat' dir='ltr'>dae,</span> <span class='ocrx_word' id='word_1_218' title='bbox 490 2685 530 2717; x_wconf 90' lang='lat' dir='ltr'>ut</span> <span class='ocrx_word' id='word_1_219' title='bbox 551 2678 691 2716; x_wconf 84' lang='lat' dir='ltr'>monuit</span> <span class='ocrx_word' id='word_1_220' title='bbox 716 2678 758 2713; x_wconf 69' lang='lat' dir='ltr'>u</span> <span class='ocrx_word' id='word_1_221' title='bbox 765 2676 932 2723; x_wconf 83' lang='lat' dir='ltr'>esseling.</span> <span class='ocrx_word' id='word_1_222' title='bbox 923 2703 948 2722; x_wconf 89' lang='lat'>.,</span> <span class='ocrx_word' id='word_1_223' title='bbox 980 2681 1036 2713; x_wconf 85' lang='lat' dir='ltr'>est</span> 
     </span>
     <span class='ocr_line' id='line_1_43' title="bbox 379 2732 1035 2774; baseline -0.006 0"><span class='ocrx_word' id='word_1_224' title='bbox 379 2741 508 2774; x_wconf 75' lang='lat' dir='ltr'>torrens</span> <span class='ocrx_word' id='word_1_225' title='bbox 529 2733 761 2773; x_wconf 73' lang='lat' dir='ltr'>Cure.N1hil</span> <span class='ocrx_word' id='word_1_226' title='bbox 781 2732 926 2769; x_wconf 86' lang='lat' dir='ltr'>aliunde</span> <span class='ocrx_word' id='word_1_227' title='bbox 948 2733 1035 2770; x_wconf 90' lang='lat' dir='ltr'>mihi</span> 
     </span>
     <span class='ocr_line' id='line_1_44' title="bbox 379 2788 1035 2843; baseline -0.008 -12"><span class='ocrx_word' id='word_1_228' title='bbox 379 2794 527 2843; x_wconf 87' lang='lat' dir='ltr'>quidem</span> <span class='ocrx_word' id='word_1_229' title='bbox 549 2795 698 2830; x_wconf 80' lang='lat' dir='ltr'>constat.</span> <span class='ocrx_word' id='word_1_230' title='bbox 727 2790 859 2827; x_wconf 84' lang='lat' dir='ltr'>Ritter.</span> <span class='ocrx_word' id='word_1_231' title='bbox 885 2788 1035 2826; x_wconf 86' lang='lat' dir='ltr'>Vorhal-</span> 
     </span>
     <span class='ocr_line' id='line_1_45' title="bbox 379 2844 1036 2901; baseline -0.005 -15"><span class='ocrx_word' id='word_1_232' title='bbox 379 2849 413 2888; x_wconf 91' lang='lat' dir='ltr'>le</span> <span class='ocrx_word' id='word_1_233' title='bbox 442 2863 478 2901; x_wconf 86' lang='lat' dir='ltr'>p.</span> <span class='ocrx_word' id='word_1_234' title='bbox 501 2852 554 2892; x_wconf 82' lang='lat'>88</span> <span class='ocrx_word' id='word_1_235' title='bbox 592 2851 638 2887; x_wconf 87' lang='lat' dir='ltr'>de</span> <span class='ocrx_word' id='word_1_236' title='bbox 665 2859 753 2884; x_wconf 80' lang='lat' dir='ltr'>voce</span> <span class='ocrx_word' id='word_1_237' title='bbox 774 2844 884 2882; x_wconf 75' lang='lat' dir='ltr'>Koros</span> <span class='ocrx_word' id='word_1_238' title='bbox 917 2858 959 2882; x_wconf 85' lang='lat' dir='ltr'>ac</span> <span class='ocrx_word' id='word_1_239' title='bbox 988 2847 1036 2883; x_wconf 91' lang='lat' dir='ltr'>si-</span> 
     </span>
    </p>
   </div>
   <div class='ocr_carea' id='block_1_9' title="bbox 1089 1208 1757 2837">
    <p class='ocr_par' dir='ltr' id='par_1_10' title="bbox 1089 1208 1757 2837">
     <span class='ocr_line' id='line_1_46' title="bbox 1091 1208 1754 1262; baseline -0.008 -13"><span class='ocrx_word' id='word_1_240' title='bbox 1091 1212 1233 1250; x_wconf 86' lang='lat' dir='ltr'>milibus</span> <span class='ocrx_word' id='word_1_241' title='bbox 1263 1224 1330 1262; x_wconf 87' lang='lat' dir='ltr'>per</span> <span class='ocrx_word' id='word_1_242' title='bbox 1355 1208 1480 1247; x_wconf 86' lang='lat' dir='ltr'>Asiam</span> <span class='ocrx_word' id='word_1_243' title='bbox 1502 1208 1632 1255; x_wconf 86' lang='lat' dir='ltr'>obviis,</span> <span class='ocrx_word' id='word_1_244' title='bbox 1662 1219 1754 1257; x_wconf 81' lang='lat' dir='ltr'>quas</span> 
     </span>
     <span class='ocr_line' id='line_1_47' title="bbox 1090 1265 1755 1316; baseline -0.008 -10"><span class='ocrx_word' id='word_1_245' title='bbox 1090 1269 1141 1306; x_wconf 88' lang='lat' dir='ltr'>ad</span> <span class='ocrx_word' id='word_1_246' title='bbox 1166 1268 1292 1306; x_wconf 86' lang='lat' dir='ltr'>Solem</span> <span class='ocrx_word' id='word_1_247' title='bbox 1319 1267 1469 1316; x_wconf 81' lang='lat' dir='ltr'>eiusque</span> <span class='ocrx_word' id='word_1_248' title='bbox 1502 1265 1635 1303; x_wconf 89' lang='lat' dir='ltr'>cultum</span> <span class='ocrx_word' id='word_1_249' title='bbox 1670 1276 1755 1315; x_wconf 86' lang='lat' dir='ltr'>spe-</span> 
     </span>
     <span class='ocr_line' id='line_1_48' title="bbox 1090 1321 1755 1371; baseline -0.009 -9"><span class='ocrx_word' id='word_1_250' title='bbox 1090 1330 1192 1362; x_wconf 86' lang='lat' dir='ltr'>ctare</span> <span class='ocrx_word' id='word_1_251' title='bbox 1238 1336 1364 1360; x_wconf 88' lang='lat' dir='ltr'>omnes</span> <span class='ocrx_word' id='word_1_252' title='bbox 1414 1321 1512 1368; x_wconf 89' lang='lat' dir='ltr'>vult,</span> <span class='ocrx_word' id='word_1_253' title='bbox 1549 1321 1755 1371; x_wconf 86' lang='lat' dir='ltr'>disputans,</span> 
     </span>
     <span class='ocr_line' id='line_1_49' title="bbox 1089 1377 1754 1430; baseline -0.006 -12"><span class='ocrx_word' id='word_1_254' title='bbox 1089 1381 1184 1418; x_wconf 87' lang='lat' dir='ltr'>hunc</span> <span class='ocrx_word' id='word_1_255' title='bbox 1224 1392 1373 1430; x_wconf 91' lang='lat' dir='ltr'>quoque</span> <span class='ocrx_word' id='word_1_256' title='bbox 1409 1377 1569 1416; x_wconf 88' lang='lat' dir='ltr'>Arabiae</span> <span class='ocrx_word' id='word_1_257' title='bbox 1603 1377 1754 1414; x_wconf 88' lang='lat' dir='ltr'>fluvium</span> 
     </span>
     <span class='ocr_line' id='line_1_50' title="bbox 1090 1428 1755 1486; baseline -0.003 -12"><span class='ocrx_word' id='word_1_258' title='bbox 1090 1437 1222 1486; x_wconf 85' lang='lat' dir='ltr'>attigit.</span> <span class='ocrx_word' id='word_1_259' title='bbox 1233 1458 1284 1464; x_wconf 89' lang='lat'>—-</span> <span class='ocrx_word' id='word_1_260' title='bbox 1304 1436 1364 1473; x_wconf 87' lang='lat' dir='ltr'>Ad</span> <span class='ocrx_word' id='word_1_261' title='bbox 1380 1435 1531 1472; x_wconf 87' lang='lat' dir='ltr'>verbum</span> <span class='ocrx_word' id='word_1_262' title='bbox 1549 1428 1755 1473; x_wconf 81' lang='grc' dir='ltr'>ἐκδιδόναι</span> 
     </span>
     <span class='ocr_line' id='line_1_51' title="bbox 1091 1490 1754 1538; baseline -0.008 -7"><span class='ocrx_word' id='word_1_263' title='bbox 1091 1495 1185 1532; x_wconf 83' lang='lat' dir='ltr'>conf.</span> <span class='ocrx_word' id='word_1_264' title='bbox 1214 1493 1356 1530; x_wconf 86' lang='lat' dir='ltr'>Herod.</span> <span class='ocrx_word' id='word_1_265' title='bbox 1387 1491 1443 1538; x_wconf 86' lang='grc' dir='ltr'>ΙΙ,</span> <span class='ocrx_word' id='word_1_266' title='bbox 1477 1493 1516 1532; x_wconf 89' lang='grc'>6.</span> <span class='ocrx_word' id='word_1_267' title='bbox 1561 1490 1622 1530; x_wconf 89' lang='lat' dir='ltr'>De</span> <span class='ocrx_word' id='word_1_268' title='bbox 1651 1490 1754 1528; x_wconf 79' lang='lat' dir='ltr'>rubro</span> 
     </span>
     <span class='ocr_line' id='line_1_52' title="bbox 1091 1547 1534 1595; baseline -0.009 -7"><span class='ocrx_word' id='word_1_269' title='bbox 1091 1552 1184 1588; x_wconf 82' lang='lat' dir='ltr'>mari</span> <span class='ocrx_word' id='word_1_270' title='bbox 1203 1550 1355 1586; x_wconf 81' lang='lat' dir='ltr'>diximus</span> <span class='ocrx_word' id='word_1_271' title='bbox 1378 1549 1425 1585; x_wconf 89' lang='lat' dir='ltr'>ad</span> <span class='ocrx_word' id='word_1_272' title='bbox 1446 1547 1476 1595; x_wconf 82' lang='grc' dir='ltr'>Ι,</span> <span class='ocrx_word' id='word_1_273' title='bbox 1496 1549 1534 1588; x_wconf 91' lang='grc'>1.</span> 
     </span>
     <span class='ocr_line' id='line_1_53' title="bbox 1149 1598 1754 1657; baseline -0.005 -13"><span class='ocrx_word' id='word_1_274' title='bbox 1149 1601 1390 1657; x_wconf 75' lang='grc' dir='ltr'><strong><em>ῥαψάμενον</em></strong></span> <span class='ocrx_word' id='word_1_275' title='bbox 1420 1606 1500 1643; x_wconf 79' lang='grc' dir='ltr'><strong><em>τῶν</em></strong></span> <span class='ocrx_word' id='word_1_276' title='bbox 1540 1598 1754 1654; x_wconf 80' lang='grc' dir='ltr'><strong><em>ω’μοβοέων</em></strong></span> 
     </span>
     <span class='ocr_line' id='line_1_54' title="bbox 1091 1659 1754 1712; baseline -0.011 -9"><span class='ocrx_word' id='word_1_277' title='bbox 1091 1678 1130 1702; x_wconf 75' lang='grc' dir='ltr'>κ.</span> <span class='ocrx_word' id='word_1_278' title='bbox 1148 1663 1249 1712; x_wconf 59' lang='grc' dir='ltr'><strong>τ.,λ.]</strong></span> <span class='ocrx_word' id='word_1_279' title='bbox 1282 1663 1304 1699; x_wconf 90' lang='lat' dir='ltr'>i.</span> <span class='ocrx_word' id='word_1_280' title='bbox 1325 1675 1379 1708; x_wconf 90' lang='lat' dir='ltr'>e.,</span> <span class='ocrx_word' id='word_1_281' title='bbox 1409 1661 1453 1698; x_wconf 86' lang='lat' dir='ltr'>ab</span> <span class='ocrx_word' id='word_1_282' title='bbox 1480 1673 1516 1698; x_wconf 85' lang='lat' dir='ltr'>eo</span> <span class='ocrx_word' id='word_1_283' title='bbox 1533 1659 1614 1698; x_wconf 79' lang='lat' dir='ltr'>inde</span> <span class='ocrx_word' id='word_1_284' title='bbox 1634 1660 1754 1710; x_wconf 79' lang='lat' dir='ltr'>fluvio</span> 
     </span>
     <span class='ocr_line' id='line_1_55' title="bbox 1093 1718 1754 1757; baseline -0.008 0"><span class='ocrx_word' id='word_1_285' title='bbox 1093 1720 1226 1757; x_wconf 77' lang='lat' dir='ltr'>dicitur</span> <span class='ocrx_word' id='word_1_286' title='bbox 1248 1732 1309 1756; x_wconf 72' lang='lat' dir='ltr'>rex</span> <span class='ocrx_word' id='word_1_287' title='bbox 1333 1718 1488 1755; x_wconf 80' lang='lat' dir='ltr'>Arabum</span> <span class='ocrx_word' id='word_1_288' title='bbox 1516 1718 1671 1754; x_wconf 70' lang='lat' dir='ltr'>consutis</span> <span class='ocrx_word' id='word_1_289' title='bbox 1697 1728 1754 1752; x_wconf 87' lang='lat' dir='ltr'>co-</span> 
     </span>
     <span class='ocr_line' id='line_1_56' title="bbox 1093 1769 1756 1824; baseline -0.006 -11"><span class='ocrx_word' id='word_1_290' title='bbox 1093 1779 1159 1814; x_wconf 79' lang='lat' dir='ltr'>riis</span> <span class='ocrx_word' id='word_1_291' title='bbox 1186 1780 1217 1812; x_wconf 83' lang='lat' dir='ltr'>et</span> <span class='ocrx_word' id='word_1_292' title='bbox 1244 1777 1377 1813; x_wconf 78' lang='lat' dir='ltr'>bovinis</span> <span class='ocrx_word' id='word_1_293' title='bbox 1397 1779 1429 1811; x_wconf 87' lang='lat' dir='ltr'>et</span> <span class='ocrx_word' id='word_1_294' title='bbox 1451 1773 1536 1811; x_wconf 75' lang='lat' dir='ltr'>aliis</span> <span class='ocrx_word' id='word_1_295' title='bbox 1564 1769 1756 1824; x_wconf 83' lang='lat' dir='ltr'>(pellibus)</span> 
     </span>
     <span class='ocr_line' id='line_1_57' title="bbox 1096 1830 1757 1879; baseline -0.008 -9"><span class='ocrx_word' id='word_1_296' title='bbox 1096 1832 1254 1870; x_wconf 77' lang='lat' dir='ltr'>canalem</span> <span class='ocrx_word' id='word_1_297' title='bbox 1284 1831 1333 1869; x_wconf 83' lang='lat' dir='ltr'>ad</span> <span class='ocrx_word' id='word_1_298' title='bbox 1371 1831 1508 1868; x_wconf 79' lang='lat' dir='ltr'>deserta</span> <span class='ocrx_word' id='word_1_299' title='bbox 1538 1830 1604 1867; x_wconf 79' lang='lat' dir='ltr'>illa</span> <span class='ocrx_word' id='word_1_300' title='bbox 1647 1841 1757 1879; x_wconf 79' lang='lat' dir='ltr'>usque</span> 
     </span>
     <span class='ocr_line' id='line_1_58' title="bbox 1089 1892 1756 1940; baseline -0.006 -14"><span class='ocrx_word' id='word_1_301' title='bbox 1089 1892 1314 1940; x_wconf 69' lang='lat' dir='ltr'>pertenentem</span> <span class='ocrx_word' id='word_1_302' title='bbox 1336 1901 1483 1938; x_wconf 84' lang='lat' dir='ltr'>parasse</span> <span class='ocrx_word' id='word_1_303' title='bbox 1505 1899 1646 1938; x_wconf 90' lang='lat' dir='ltr'>perque</span> <span class='ocrx_word' id='word_1_304' title='bbox 1672 1898 1756 1924; x_wconf 92' lang='lat' dir='ltr'>eum</span> 
     </span>
     <span class='ocr_line' id='line_1_59' title="bbox 1095 1939 1755 2009; baseline -0.005 -27"><span class='ocrx_word' id='word_1_305' title='bbox 1095 1959 1210 1995; x_wconf 88' lang='lat' dir='ltr'>aquas</span> <span class='ocrx_word' id='word_1_306' title='bbox 1238 1946 1396 1982; x_wconf 80' lang='lat' dir='ltr'>duxisse</span> <span class='ocrx_word' id='word_1_307' title='bbox 1401 1946 1425 1965; x_wconf 92' lang='lat'><strong>“</strong></span> <span class='ocrx_word' id='word_1_308' title='bbox 1455 1939 1663 2009; x_wconf 77' lang='grc' dir='ltr'><strong><em>ὥμοβοὲη,</em></strong></span> <span class='ocrx_word' id='word_1_309' title='bbox 1692 1941 1755 1979; x_wconf 82' lang='lat' dir='ltr'>ubi</span> 
     </span>
     <span class='ocr_line' id='line_1_60' title="bbox 1093 1995 1754 2053; baseline -0.006 -14"><span class='ocrx_word' id='word_1_310' title='bbox 1093 2002 1204 2051; x_wconf 87' lang='lat' dir='ltr'>vulgo</span> <span class='ocrx_word' id='word_1_311' title='bbox 1231 2001 1403 2053; x_wconf 85' lang='lat' dir='ltr'>supplent</span> <span class='ocrx_word' id='word_1_312' title='bbox 1438 1995 1558 2052; x_wconf 74' lang='grc' dir='ltr'><strong><em>δοοοὲ,</em></strong></span> <span class='ocrx_word' id='word_1_313' title='bbox 1595 1998 1702 2050; x_wconf 80' lang='lat' dir='ltr'>pellis</span> <span class='ocrx_word' id='word_1_314' title='bbox 1723 2011 1754 2036; x_wconf 90' lang='lat' dir='ltr'>s.</span> 
     </span>
     <span class='ocr_line' id='line_1_61' title="bbox 1093 2057 1756 2104; baseline -0.008 -8"><span class='ocrx_word' id='word_1_315' title='bbox 1093 2071 1223 2096; x_wconf 68' lang='lat' dir='ltr'>corium</span> <span class='ocrx_word' id='word_1_316' title='bbox 1244 2059 1425 2104; x_wconf 75' lang='lat' dir='ltr'>bovinum,</span> <span class='ocrx_word' id='word_1_317' title='bbox 1456 2057 1639 2095; x_wconf 84' lang='lat' dir='ltr'>invenitur</span> <span class='ocrx_word' id='word_1_318' title='bbox 1661 2067 1756 2104; x_wconf 91' lang='lat' dir='ltr'>quo-</span> 
     </span>
     <span class='ocr_line' id='line_1_62' title="bbox 1093 2111 1756 2165; baseline -0.008 -13"><span class='ocrx_word' id='word_1_319' title='bbox 1093 2129 1166 2165; x_wconf 90' lang='lat' dir='ltr'>que</span> <span class='ocrx_word' id='word_1_320' title='bbox 1188 2114 1252 2161; x_wconf 88' lang='lat' dir='ltr'>lv,</span> <span class='ocrx_word' id='word_1_321' title='bbox 1280 2115 1333 2156; x_wconf 88' lang='lat'>65</span> <span class='ocrx_word' id='word_1_322' title='bbox 1354 2119 1392 2152; x_wconf 92' lang='lat' dir='ltr'>et</span> <span class='ocrx_word' id='word_1_323' title='bbox 1410 2114 1492 2160; x_wconf 80' lang='lat' dir='ltr'>Vll,</span> <span class='ocrx_word' id='word_1_324' title='bbox 1524 2115 1592 2160; x_wconf 90' lang='lat'>91,</span> <span class='ocrx_word' id='word_1_325' title='bbox 1621 2111 1684 2148; x_wconf 87' lang='lat' dir='ltr'>ubi</span> <span class='ocrx_word' id='word_1_326' title='bbox 1709 2111 1756 2148; x_wconf 82' lang='lat' dir='ltr'>cs.</span> 
     </span>
     <span class='ocr_line' id='line_1_63' title="bbox 1094 2161 1754 2221; baseline -0.006 -13"><span class='ocrx_word' id='word_1_327' title='bbox 1094 2173 1266 2221; x_wconf 85' lang='lat' dir='ltr'>interprr.</span> <span class='ocrx_word' id='word_1_328' title='bbox 1325 2171 1436 2208; x_wconf 88' lang='lat' dir='ltr'>Plura</span> <span class='ocrx_word' id='word_1_329' title='bbox 1463 2168 1596 2206; x_wconf 87' lang='lat' dir='ltr'>similia</span> <span class='ocrx_word' id='word_1_330' title='bbox 1614 2161 1687 2204; x_wconf 74' lang='lat' dir='ltr'>&#39;vid.</span> <span class='ocrx_word' id='word_1_331' title='bbox 1717 2167 1754 2204; x_wconf 89' lang='lat' dir='ltr'>in</span> 
     </span>
     <span class='ocr_line' id='line_1_64' title="bbox 1094 2224 1755 2275; baseline -0.008 -9"><span class='ocrx_word' id='word_1_332' title='bbox 1094 2228 1277 2266; x_wconf 85' lang='lat' dir='ltr'>Lambert.</span> <span class='ocrx_word' id='word_1_333' title='bbox 1307 2227 1395 2263; x_wconf 87' lang='lat' dir='ltr'>Bos.</span> <span class='ocrx_word' id='word_1_334' title='bbox 1424 2225 1572 2275; x_wconf 87' lang='lat' dir='ltr'>Ellipss.</span> <span class='ocrx_word' id='word_1_335' title='bbox 1603 2224 1755 2262; x_wconf 83' lang='lat' dir='ltr'>Graece.</span> 
     </span>
     <span class='ocr_line' id='line_1_65' title="bbox 1094 2276 1755 2335; baseline -0.003 -14"><span class='ocrx_word' id='word_1_336' title='bbox 1094 2297 1181 2335; x_wconf 86' lang='lat' dir='ltr'>pag.</span> <span class='ocrx_word' id='word_1_337' title='bbox 1205 2282 1283 2324; x_wconf 84' lang='lat'>115</span> <span class='ocrx_word' id='word_1_338' title='bbox 1301 2295 1379 2331; x_wconf 87' lang='lat' dir='ltr'>seq.</span> <span class='ocrx_word' id='word_1_339' title='bbox 1399 2304 1449 2308; x_wconf 90' lang='lat'><strong>—</strong></span> <span class='ocrx_word' id='word_1_340' title='bbox 1477 2281 1552 2318; x_wconf 88' lang='lat' dir='ltr'>Pro</span> <span class='ocrx_word' id='word_1_341' title='bbox 1573 2276 1755 2331; x_wconf 78' lang='grc' dir='ltr'><strong><em>ῥαψάμε-</em></strong></span> 
     </span>
     <span class='ocr_line' id='line_1_66' title="bbox 1096 2332 1755 2390; baseline -0.005 -12"><span class='ocrx_word' id='word_1_342' title='bbox 1096 2354 1169 2378; x_wconf 91' lang='grc' dir='ltr'>νον</span> <span class='ocrx_word' id='word_1_343' title='bbox 1196 2339 1316 2390; x_wconf 87' lang='lat' dir='ltr'>plures</span> <span class='ocrx_word' id='word_1_344' title='bbox 1351 2339 1430 2375; x_wconf 90' lang='lat' dir='ltr'>libri</span> <span class='ocrx_word' id='word_1_345' title='bbox 1461 2332 1755 2387; x_wconf 80' lang='grc' dir='ltr'><strong><em>αψάμενον,</em></strong></span> 
     </span>
     <span class='ocr_line' id='line_1_67' title="bbox 1095 2394 1754 2458; baseline -0.002 -27"><span class='ocrx_word' id='word_1_346' title='bbox 1095 2395 1195 2445; x_wconf 83' lang='lat' dir='ltr'>qnod</span> <span class='ocrx_word' id='word_1_347' title='bbox 1226 2408 1314 2431; x_wconf 84' lang='lat' dir='ltr'>cave</span> <span class='ocrx_word' id='word_1_348' title='bbox 1344 2395 1510 2444; x_wconf 85' lang='lat' dir='ltr'>recipias.</span> <span class='ocrx_word' id='word_1_349' title='bbox 1569 2394 1658 2431; x_wconf 89' lang='lat' dir='ltr'>Mox</span> <span class='ocrx_word' id='word_1_350' title='bbox 1687 2405 1754 2458; x_wconf 90' lang='lat' dir='ltr'>pro</span> 
     </span>
     <span class='ocr_line' id='line_1_68' title="bbox 1094 2444 1756 2501; baseline -0.003 -11"><span class='ocrx_word' id='word_1_351' title='bbox 1094 2447 1378 2501; x_wconf 76' lang='grc' dir='ltr'><strong><em>ἐπικνεύμενον</em></strong></span> <span class='ocrx_word' id='word_1_352' title='bbox 1402 2451 1542 2488; x_wconf 84' lang='lat' dir='ltr'>restitui</span> <span class='ocrx_word' id='word_1_353' title='bbox 1562 2444 1756 2498; x_wconf 78' lang='grc' dir='ltr'><strong><em>ἐξικνεύ-</em></strong></span> 
     </span>
     <span class='ocr_line' id='line_1_69' title="bbox 1096 2506 1754 2558; baseline -0.006 -11"><span class='ocrx_word' id='word_1_354' title='bbox 1096 2522 1238 2557; x_wconf 84' lang='grc' dir='ltr'><strong><em>μενον,</em></strong></span> <span class='ocrx_word' id='word_1_355' title='bbox 1271 2509 1372 2556; x_wconf 84' lang='lat' dir='ltr'>quod</span> <span class='ocrx_word' id='word_1_356' title='bbox 1398 2512 1546 2558; x_wconf 85' lang='lat' dir='ltr'>praeter</span> <span class='ocrx_word' id='word_1_357' title='bbox 1569 2506 1754 2544; x_wconf 81' lang='lat' dir='ltr'>Parisinus</span> 
     </span>
     <span class='ocr_line' id='line_1_70' title="bbox 1095 2559 1754 2615; baseline -0.002 -14"><span class='ocrx_word' id='word_1_358' title='bbox 1095 2565 1204 2601; x_wconf 88' lang='lat' dir='ltr'>libros</span> <span class='ocrx_word' id='word_1_359' title='bbox 1232 2565 1405 2601; x_wconf 81' lang='lat' dir='ltr'>exhibet</span> <span class='ocrx_word' id='word_1_360' title='bbox 1397 2577 1434 2600; x_wconf 80' lang='lat' dir='ltr'>in</span> <span class='ocrx_word' id='word_1_361' title='bbox 1457 2564 1623 2612; x_wconf 84' lang='lat' dir='ltr'>margine</span> <span class='ocrx_word' id='word_1_362' title='bbox 1651 2559 1754 2615; x_wconf 88' lang='lat' dir='ltr'>(nam</span> 
     </span>
     <span class='ocr_line' id='line_1_71' title="bbox 1091 2618 1754 2670; baseline 0.002 -13"><span class='ocrx_word' id='word_1_363' title='bbox 1091 2621 1128 2657; x_wconf 91' lang='lat' dir='ltr'>in</span> <span class='ocrx_word' id='word_1_364' title='bbox 1151 2625 1254 2658; x_wconf 81' lang='lat' dir='ltr'>textu</span> <span class='ocrx_word' id='word_1_365' title='bbox 1275 2622 1354 2670; x_wconf 88' lang='lat' dir='ltr'>ipso</span> <span class='ocrx_word' id='word_1_366' title='bbox 1383 2620 1473 2657; x_wconf 89' lang='lat' dir='ltr'>haec</span> <span class='ocrx_word' id='word_1_367' title='bbox 1501 2620 1616 2657; x_wconf 84' lang='lat' dir='ltr'>verba</span> <span class='ocrx_word' id='word_1_368' title='bbox 1645 2618 1754 2669; x_wconf 86' lang='lat' dir='ltr'>plane</span> 
     </span>
     <span class='ocr_line' id='line_1_72' title="bbox 1092 2675 1754 2726; baseline 0 -12"><span class='ocrx_word' id='word_1_369' title='bbox 1092 2678 1243 2726; x_wconf 84' lang='lat' dir='ltr'>desunt)</span> <span class='ocrx_word' id='word_1_370' title='bbox 1284 2676 1518 2714; x_wconf 81' lang='lat' dir='ltr'>Florentinus</span> <span class='ocrx_word' id='word_1_371' title='bbox 1534 2703 1545 2722; x_wconf 91' lang='lat'>‚</span> <span class='ocrx_word' id='word_1_372' title='bbox 1604 2675 1754 2714; x_wconf 87' lang='lat' dir='ltr'>iubente</span> 
     </span>
     <span class='ocr_line' id='line_1_73' title="bbox 1092 2732 1751 2783; baseline -0.002 -13"><span class='ocrx_word' id='word_1_373' title='bbox 1092 2747 1238 2783; x_wconf 86' lang='lat' dir='ltr'>quoque</span> <span class='ocrx_word' id='word_1_374' title='bbox 1249 2733 1456 2781; x_wconf 80' lang='lat' dir='ltr'>Schweigh.</span> <span class='ocrx_word' id='word_1_375' title='bbox 1465 2733 1500 2769; x_wconf 90' lang='lat' dir='ltr'>in</span> <span class='ocrx_word' id='word_1_376' title='bbox 1512 2732 1600 2770; x_wconf 87' lang='lat' dir='ltr'>Lex.</span> <span class='ocrx_word' id='word_1_377' title='bbox 1611 2732 1751 2770; x_wconf 86' lang='lat' dir='ltr'>Herod.</span> 
     </span>
     <span class='ocr_line' id='line_1_74' title="bbox 1092 2788 1752 2837; baseline -0.003 -10"><span class='ocrx_word' id='word_1_378' title='bbox 1092 2803 1119 2827; x_wconf 78' lang='lat' dir='ltr'>s„</span> <span class='ocrx_word' id='word_1_379' title='bbox 1145 2803 1178 2827; x_wconf 83' lang='lat' dir='ltr'>v.</span> <span class='ocrx_word' id='word_1_380' title='bbox 1211 2789 1453 2836; x_wconf 75' lang='lat' dir='ltr'>Cs.111,103</span> <span class='ocrx_word' id='word_1_381' title='bbox 1470 2789 1554 2837; x_wconf 87' lang='lat' dir='ltr'>etl,</span> <span class='ocrx_word' id='word_1_382' title='bbox 1584 2791 1674 2831; x_wconf 84' lang='lat'><strong>171.</strong></span> <span class='ocrx_word' id='word_1_383' title='bbox 1705 2788 1752 2834; x_wconf 90' lang='lat'>11,</span> 
     </span>
    </p>
   </div>
   <div class='ocr_carea' id='block_1_10' title="bbox 1092 2846 1533 2894">
    <p class='ocr_par' dir='ltr' id='par_1_11' title="bbox 1092 2846 1533 2894">
     <span class='ocr_line' id='line_1_75' title="bbox 1092 2846 1533 2894; baseline -0.005 -8"><span class='ocrx_word' id='word_1_384' title='bbox 1092 2846 1238 2894; x_wconf 78' lang='lat' dir='ltr'><strong>34.1V‚</strong></span> <span class='ocrx_word' id='word_1_385' title='bbox 1265 2849 1326 2888; x_wconf 78' lang='lat'>10.</span> <span class='ocrx_word' id='word_1_386' title='bbox 1355 2848 1416 2887; x_wconf 83' lang='lat'>16.</span> <span class='ocrx_word' id='word_1_387' title='bbox 1441 2848 1533 2888; x_wconf 79' lang='lat'>192.</span> 
     </span>
    </p>
   </div>
   <div class='ocr_carea' id='block_1_11' title="bbox 1162 3214 1301 3304">
    <p class='ocr_par' dir='ltr' id='par_1_12' title="bbox 1162 3214 1301 3304">
     <span class='ocr_line' id='line_1_76' title="bbox 1162 3214 1301 3304; baseline -0.007 0"><span class='ocrx_word' id='word_1_388' title='bbox 1162 3214 1301 3304; x_wconf 43' lang='lat' dir='ltr'>k</span> 
     </span>
    </p>
   </div>
   <div class='ocr_carea' id='block_1_12' title="bbox 1864 0 1904 3304">
    <p class='ocr_par' dir='ltr' id='par_1_13' title="bbox 1864 0 1904 3304">
     <span class='ocr_line' id='line_1_77' title="bbox 1864 0 1904 3304; baseline 0 0"><span class='ocrx_word' id='word_1_389' title='bbox 1864 0 1904 3304; x_wconf 95' lang='lat' dir='ltr'> </span> 
     </span>
    </p>
   </div>
  </div>
 </body>
</html>
