1904 3304
338 555 401 599 41

463 239 548 280 358

856 238 1326 278 HERODOTI

462 364 533 391 ται
558 345 696 403 Ἀσίη-
743 347 791 390 to*
823 345 869 390 δὲ
899 344 986 389 ἀπὸ
1021 347 1203 404 ταύτης,
1243 349 1402 404 ἐρῆμος
1429 348 1514 405 ἤδη
1543 349 1593 392 τό
1623 347 1733 404 πρὸς

463 418 543 474 τὴν
576 418 653 471 ἔω,
694 415 792 461 οὐδ’
833 418 916 473 ἔχει
953 416 1101 470 οὐδεὶς
1139 419 1308 475 φράσαι
1345 417 1444 463 οἷον
1480 419 1533 476 δή
1562 422 1604 464 τί
1634 419 1732 464 ἐστι.

469 487 662 545 Τοιαύτη
693 488 771 544 μὲν
800 488 873 531 καὶ
902 487 1091 544 τοσαύτη
1121 488 1147 545 ἦ
1174 488 1293 547 Ἀσίη
1318 491 1417 534 ἐστι’.

407 729 582 766 adiuncta
639 727 935 778 praepositione,
996 738 1070 764 non

406 792 480 822 tam
500 785 547 822 de
565 784 664 822 fluvii
685 796 788 821 cursu
808 797 850 821 ac
870 784 1071 821 directione

407 843 571 888 dicatur,
610 854 718 890 quam
753 842 874 891 potius
906 840 1070 888 omnino,

407 899 480 948 qua
527 902 656 948 parte,
705 898 778 947 qua
820 898 971 946 regione
1011 896 1072 934 ille

407 956 520 1001 fluat,
572 954 719 992 indicet.
789 954 932 997 Quodsi
985 966 1071 990 vero

407 1011 622 1049 Herodotus
631 1040 643 1057 ‚
674 1023 768 1059 quae
788 1010 992 1058 Schweigh.
1017 1013 1073 1047 est

407 1068 606 1113 sententia,
623 1068 783 1103 indicare
794 1066 969 1104 voluisset
979 1066 1073 1102 Ara-

406 1136 508 1170 xem,
547 1125 611 1173 qui
637 1126 674 1159 in
704 1122 935 1159 orientalibus
964 1123 1074 1159 Asiae

405 1181 571 1231 partibus
585 1208 595 1226 ,
627 1180 671 1215 ab
693 1180 822 1215 oriente
844 1179 969 1229 Caspii
985 1177 1075 1215 Ma-

409 1238 461 1273 ris
492 1233 708 1289 (,‚ostw{2·1rts
738 1249 822 1272 vom
849 1235 1075 1285 Caspischen

409 1291 591 1341 Meere“)
650 1291 868 1338 delabatur,
926 1291 1075 1328 minime

408 1349 489 1395 ille,
526 1349 680 1399 opinor,
710 1348 881 1386 dixisset:
932 1345 1075 1399 ῥέοντα

409 1400 506 1456 πρὸς·
537 1400 673 1456 η’έλιον
704 1399 937 1455 ἀνίσχοντας
980 1417 1076 1454 quae

410 1462 522 1500 verba
546 1462 629 1499 mea
651 1462 799 1511 quidem
821 1461 1005 1500 sententia
1022 1461 1077 1498 ni-

410 1517 460 1555 hil
490 1517 591 1555 aliud
620 1518 779 1556 indicare
801 1522 976 1568 possunt,
1008 1517 1078 1554 nisi

412 1576 577 1611 orientem
597 1586 718 1612 versus
733 1574 827 1611 hunc
842 1575 999 1624 fluvium
1017 1574 1077 1610 cle-

412 1631 497 1668 labi.
553 1631 672 1667 Oxum
709 1643 798 1668 sane
830 1631 888 1668 hic
928 1630 1078 1679 intelligi

411 1700 523 1738 posse
553 1688 736 1724 neminem
763 1688 880 1736 fugit,
911 1687 979 1724 nisi
1006 1687 1077 1723 ad-

412 1745 507 1781 iecta
536 1742 648 1780 verba
679 1741 780 1792 ρἑν
811 1740 912 1795 πρός
938 1739 1076 1793 η’έλιον

413 1795 626 1850 ἀνίσχοντα
649 1800 850 1846 obstarent,
879 1813 972 1848 quae
996 1812 1075 1836 eam

404 1857 522 1907 ipsam
545 1856 591 1893 ob
608 1869 752 1894 causam
764 1857 865 1894 eiecit
879 1856 1075 1902 Borheck.‚

405 1925 576 1962 quaeque
611 1917 648 1949 et
676 1914 757 1963 ipsa
784 1914 961 1951 eiicienda
988 1926 1074 1950 cen-

407 1974 463 2006 set
483 1969 648 2018 Breiger.
681 1969 703 2006 l.
736 1968 758 2005 l.
790 1982 877 2020 pag.
910 1969 963 2010 75
995 1968 1075 2007 coll.

410 2027 486 2072 66,
536 2025 674 2075 qnippe
720 2038 764 2063 e<
809 2026 1076 2076 interpolatoris

411 2094 522 2119 manu
563 2081 705 2119 invecta
747 2083 884 2129 textui,
925 2087 991 2119 aut
1028 2083 1078 2120 ita

414 2138 613 2185 mutanda,
648 2143 685 2174 ut
714 2137 783 2175 loci
812 2138 960 2175 tollatur
980 2137 1078 2176 diffi-

414 2195 528 2232 cultas
553 2193 655 2242 ῥέων
675 2188 746 2244 ἀφ’
762 2193 880 2246 ’ἡλίου
899 2191 1080 2246 οἷνίσχον-

414 2265 494 2296 τος.
528 2250 587 2287 De
606 2249 758 2289 Iaxarte
777 2265 859 2288 cum
879 2252 958 2288 aliis
979 2252 1081 2301 cogi-

414 2311 469 2344 tat
495 2305 724 2356 Schweigh.‚
754 2308 970 2358 praesertim
999 2321 1080 2345 cum

414 2363 548 2400 Araxis
575 2376 709 2400 nomen
729 2364 986 2414 appellativum
1003 2365 1079 2402 exi-

416 2420 631 2465 stimemus,
673 2420 774 2469 quod
803 2420 968 2470 pluribus
998 2421 1083 2458 inde

417 2475 534 2512 fluviis
560 2475 667 2512 tribui
694 2476 821 2525 possit.
858 2477 971 2515 Conf.
992 2481 1083 2514 nott.

418 2532 466 2568 ad
484 2532 513 2577 l,
535 2533 616 2572 202
639 2532 749 2568 infin.
762 2544 847 2581 pag.
862 2532 955 2573 453.
986 2533 1082 2571 Add.

420 2587 587 2624 Viilcker.
608 2586 725 2637 Myth.
739 2588 879 2637 Geogr.
892 2590 920 2634 Ι,
941 2602 976 2639 p.
990 2589 1083 2630 215.

419 2643 478 2681 De
488 2642 684 2682 Armeniae
703 2644 824 2680 Araxe
841 2646 991 2693 cogitari
1013 2658 1085 2682 non

419 2712 530 2750 posse
556 2704 684 2737 contra
703 2699 925 2738 Tzschuckii
956 2702 1082 2749 (Nott.

420 2769 552 2805 exegg.
586 2757 621 2793 in
654 2756 740 2794 Mel.
776 2757 845 2803 lll,
876 2760 912 2798 5.
940 2758 964 2799 5
995 2771 1081 2808 pag.

422 2813 521 2861 149)
582 2812 809 2863 aliorumque
861 2815 1081 2851 sententiam

420 2869 560 2906 monuit
577 2870 741 2919 Breiger.
764 2869 784 2907 Ι.
806 2869 848 2917 1.,
880 2883 946 2908 nce
965 2872 1081 2920 magis

573 560 629 603 ‘H
647 559 693 603 δὲ
714 559 858 616 Λιβύη
885 559 932 603 ἐν
953 564 1005 616 τῇ
1034 558 1145 616 οἷκτῇ
1162 564 1214 616 τῇ
1235 560 1358 617 ἑτέρῃ
1383 561 1490 604 ἐστί·
1533 559 1621 605 ἀπὸ
1651 560 1736 617 γὰρ
1746 567 1790 601 65

1128 729 1176 766 de
1204 727 1339 777 Volga,
1378 729 1479 766 euius
1512 728 1610 766 nulla
1641 729 1792 766 omnino

1127 785 1227 836 apud
1239 785 1414 822 Nostrum
1435 785 1513 822 sieri
1530 785 1674 823 videtur
1689 797 1792 822 men-

1128 843 1192 879 tio.
1225 841 1334 878 Conf.
1360 841 1527 878 Viilcker.
1550 841 1571 878 l.
1592 841 1614 878 l.
1638 855 1674 891 p.
1698 843 1790 882 192.

1132 899 1222 940 193.
1260 898 1441 948 Equidem
1464 898 1500 934 in
1519 897 1648 935 talibus
1667 898 1793 935 decer·

1128 967 1216 992 nere
1227 968 1301 991 non
1311 955 1480 1000 audeam,
1495 967 1603 1003 quae,
1615 954 1683 991 nisi
1695 966 1794 992 error

1129 1015 1191 1048 aut
1210 1011 1374 1048 confusio
1397 1011 1547 1048 subesse
1563 1015 1710 1061 putetur
1729 1010 1795 1058 (cf.

1129 1072 1223 1105 nott.
1249 1068 1296 1105 ad
1319 1067 1347 1115 1,
1368 1069 1483 1114 202),
1515 1080 1557 1104 ex
1576 1080 1704 1104 manca
1721 1080 1793 1117 po-

1131 1125 1201 1161 tius
1221 1129 1257 1162 et
1276 1124 1486 1174 imperfecta
1509 1125 1657 1161 istarum
1673 1123 1794 1172 regio-

1131 1193 1217 1217 num
1248 1181 1459 1228 cognitione
1483 1180 1631 1217 fluxisse
1656 1187 1795 1229 putem.

1189 1235 1338 1287 ε’ρῆμος
1382 1233 1463 1287 ἤδη
1501 1232 1547 1274 τό
1585 1233 1687 1287 πρός
1719 1232 1796 1286 τήν

1133 1291 1206 1342 ἔω]
1249 1293 1297 1340 ,,ὶ.
1328 1305 1360 1330 e.
1398 1305 1488 1342 quae
1521 1292 1603 1329 inde
1631 1294 1796 1330 orientem

1131 1362 1253 1387 versus
1276 1352 1449 1400 spectant,
1470 1362 1510 1386 ea
1529 1351 1644 1386 omnia
1658 1349 1796 1386 deserta

1132 1410 1224 1444 sunt.
1237 1407 1263 1425 “
1302 1406 1499 1444 Desertum
1521 1405 1606 1443 Cobi
1629 1406 1795 1455 intelligi,

1133 1467 1329 1501 auctorest
1342 1463 1507 1511 Breiger.
1529 1462 1551 1499 l.
1573 1461 1596 1499 l.
1617 1475 1703 1513 pag.
1720 1464 1797 1508 783

1132 1532 1206 1570 quo
1252 1520 1331 1570 ipso
1373 1519 1627 1557 Herodoteam
1668 1518 1795 1556 Asiam

1135 1576 1322 1615 terminari
1345 1576 1442 1613 idem
1467 1575 1604 1613 statuit.
1648 1575 1708 1613 Cf.
1734 1575 1795 1613 lll.

1136 1635 1201 1676 92.
1227 1634 1304 1673 101
1326 1633 1451 1681 ibique
1471 1636 1564 1668 nott.

1346 1688 1458 1737 Cap.
1489 1687 1589 1724 XLI.

1188 1742 1247 1782 ‘H
1267 1741 1310 1782 δὲ
1329 1740 1468 1795 Λιβύη
1489 1742 1532 1783 ἒν
1557 1745 1608 1797 τῇ
1625 1739 1728 1798 οἷκτῇ
1746 1746 1798 1799 τῇ

1133 1797 1243 1854 ἑτέρῃ
1277 1800 1379 1851 ἐστι’]
1414 1801 1445 1837 Ε
1470 1806 1593 1838 mente
1617 1801 1797 1839 Herodoti

1132 1856 1271 1906 Libya,
1301 1857 1487 1904 s.Asrica,
1515 1858 1563 1895 ad
1587 1869 1666 1895 eam
1685 1858 1798 1908 perti-

1133 1919 1197 1951 net
1228 1913 1506 1964 paeninsulam,
1543 1927 1638 1963 quae
1663 1914 1749 1952 inde
1776 1926 1798 1951 a

1133 1970 1284 2008 Perside
1307 1971 1356 2008 ad
1376 1983 1475 2009 mare
1492 1970 1798 2008 mediterraneum

1134 2027 1342 2077 porrigitur.
1373 2026 1434 2064 Tu
1454 2027 1527 2064 vid.
1549 2031 1644 2064 nott.
1662 2027 1710 2064 ad
1733 2025 1797 2074 IV,

1135 2085 1201 2125 39.
1242 2084 1283 2120 ln
1312 2084 1474 2122 editione
1491 2083 1596 2121 Reiz.
1618 2083 1712 2122 male
1733 2083 1798 2120 ab-

1137 2144 1195 2178 est
1235 2140 1406 2178 articulus
1456 2142 1508 2194 τῇ
1549 2144 1635 2177 ante
1675 2137 1798 2193 ἑτέρῃ,

1136 2197 1236 2246 quod
1302 2197 1380 2234 iure
1445 2200 1550 2234 notat
1610 2195 1798 2234 Schaefer.

1137 2253 1298 2302 (Geogr.
1326 2253 1392 2289 Gr.
1422 2253 1532 2289 minn.
1559 2251 1680 2289 T..11[
1710 2264 1796 2302 pag.

1137 2310 1220 2350 238
1261 2309 1318 2346 ed.
1360 2308 1477 2357 Gail.)
1515 2321 1594 2345 cum
1629 2307 1798 2345 articulus

1138 2369 1225 2404 aute
1262 2377 1386 2402 vocem
1419 2365 1601 2402 adiectam
1629 2370 1798 2415 repeten-

1140 2422 1208 2459 dus
1247 2421 1293 2457 sit
1320 2434 1363 2458 ex
1394 2422 1612 2471 optimorum
1641 2421 1798 2472 scripto-

1141 2490 1218 2515 rum
1238 2478 1421 2514 constanti
1442 2479 1517 2514 sere
1536 2491 1612 2514 usu.

1198 2528 1276 2572 οἷστὸ
1316 2530 1390 2586 γάρ
1423 2529 1630 2585 Αἰγύπτου
1659 2530 1797 2585 Λιβύη

1140 2586 1219 2640 ἤδη
1240 2588 1457 2640 ἐκδέκεται]
1492 2591 1513 2626 i.
1544 2604 1575 2628 e.
1599 2591 1798 2641 Aegyptum

1142 2647 1254 2691 enim,
1286 2646 1346 2683 ubi
1378 2647 1515 2683 desinit
1540 2646 1649 2695 Asia,
1688 2649 1798 2684 conti-

1139 2715 1209 2738 nuo
1229 2705 1299 2739 iam
1317 2704 1450 2753 excipit
1468 2703 1611 2755 Libya,
1643 2703 1690 2740 illi
1710 2715 1798 2741 con-

1139 2759 1252 2807 tigua.
1305 2758 1363 2796 Ad
1399 2761 1550 2797 verbum
1579 2759 1798 2810 ἐκδέχεσται

1138 2817 1233 2852 cons.
1257 2815 1326 2862 lv,
1357 2818 1422 2856 39.
1453 2818 1507 2858 99
1535 2816 1615 2854 coll.
1637 2816 1673 2864 1,
1707 2817 1798 2857 185.

1139 2871 1279 2910 Eodem
1309 2885 1417 2910 sensu
1439 2873 1590 2924 simplex
1615 2871 1799 2924 δέχεσθαι
