1904 3304
505 296 586 335 454

895 291 1357 330 HERODOTI

506 401 582 445 τόν
604 396 924 454 Σαλμυδησσὸν
955 396 1119 452 ἔχοντες
1140 398 1345 454 Θρήϊκες,
1376 399 1448 442 καὶ
1477 395 1588 451 ὑπὲρ
1615 396 1757 440 Ἀπολ-

507 471 663 525 λωνίης
691 484 734 511 τε
764 468 837 511 καὶ
857 469 1140 523 Μεσαμβρίης
1167 469 1318 520 πόλιος
1343 468 1584 525 οἰκημένοι,
1615 465 1760 511 καλεύ-

506 556 630 596 μενοι
665 538 712 581 δὲ
741 536 1016 592 Σκυρμιάδαι
1051 538 1124 581 καὶ
1154 541 1359 590 Νιψαῖοι,
1407 537 1589 594 ἀμαχητὶ
1626 538 1760 593 σφέας

507 607 670 659 αὐτους
691 609 941 660 παρέδοσαν
961 609 1152 665 Δαρείῳ·
1189 610 1232 652 οἰ
1252 608 1297 652 δὲ
1316 607 1465 661 Γέται,
1495 609 1606 663 πρός
1627 607 1763 664 ἄγνω-
1773 614 1815 648 65

507 679 704 736 μοσύνην
737 675 1026 733 τραπόμενοι,
1075 676 1229 721 αὐτίκα
1259 678 1594 734 ἐδουλώθησαν,
1629 680 1762 735 Θρηΐ-

455 842 526 884 σὸν
552 842 702 906 ἔχοντες
722 836 915 891 Θρήικες]
942 838 1029 876 Aliis
1051 842 1107 875 est

452 893 737 951 Αλμυδησσός·,
767 909 833 934 nec
850 896 955 933 aliter
971 894 1107 933 Plinius

454 957 503 994 H.
532 955 580 994 N.
612 954 683 1001 lV,
716 954 766 994 18
794 957 831 990 et
854 952 953 989 Mela
982 951 1039 997 11,
1069 954 1109 996 2,

456 1015 521 1053 63.
558 1013 610 1048 At
632 1005 912 1060 Σαλμυδησσός
939 1008 1110 1046 exhibent

458 1081 606 1118 quoque
636 1066 801 1104 meliores
818 1064 898 1102 libri
918 1064 1015 1114 apud
1037 1063 1112 1100 Xe-

457 1125 567 1174 noph.
588 1124 703 1160 Anab.
726 1121 805 1166 Vll,
837 1120 875 1166 5,
909 1123 973 1166 12,
1007 1120 1111 1156 item—

457 1192 529 1229 que
560 1179 713 1217 Diodor.
740 1177 847 1222 XW,
877 1177 943 1216 37.
978 1175 1111 1211 Strabo

456 1235 526 1272 Vll
552 1247 638 1285 pag.
660 1235 741 1274 319
771 1244 799 1269 s·
820 1230 902 1272 492
923 1230 964 1268 A.
996 1230 1075 1267 coll.
1098 1230 1113 1265 1

457 1303 543 1341 pag.
565 1290 618 1331 49
644 1302 671 1326 s.
705 1290 757 1328 86
779 1287 820 1323 A.
850 1291 886 1325 et
916 1287 978 1335 qui
1008 1285 1067 1322 alii
1092 1297 1115 1322 a

456 1347 649 1395 Kruegero
671 1345 719 1381 ad
736 1343 968 1393 Xenophont.
988 1343 1012 1380 1.
1026 1342 1048 1378 l.
1065 1342 1114 1379 ci-

457 1407 593 1440 tantur.
622 1401 654 1437 E
666 1400 796 1449 quibus
807 1399 1017 1448 intelligitur
1029 1397 1116 1435 Sal-

455 1458 651 1509 mydessum
673 1456 793 1494 vocari
813 1468 885 1493 non
900 1460 974 1492 tam
992 1455 1115 1491 urbem

457 1516 546 1562 (nisi
564 1514 724 1562 regionis
739 1512 800 1549 illa
815 1512 923 1549 fuerit
931 1511 1117 1559 cognomi-

457 1572 524 1619 na)
559 1582 668 1619 quam
696 1569 882 1617 regionem
912 1568 987 1604 sive
1016 1578 1116 1603 oram

460 1639 482 1664 a
517 1625 687 1674 Thyniae
717 1623 966 1674 promontorio
1000 1635 1118 1671 usque

460 1683 509 1720 ad
564 1681 719 1730 Bospori
767 1679 913 1717 Thracii
971 1679 1116 1724 exitum,

461 1738 523 1775 ubi
554 1737 662 1774 Ponti
704 1742 760 1774 est
797 1748 862 1781 OS,
899 1739 1116 1785 porrectam,

460 1795 720 1844 importuosam
769 1791 863 1828 illam
904 1791 1051 1839 quidem
1080 1795 1117 1828 et

462 1849 665 1887 hominibus
692 1848 880 1898 rapacibus
908 1847 1117 1892 habitatam,

463 1907 527 1955 qui
548 1918 658 1942 naves
715 1904 992 1954 tempestatibus
1039 1902 1117 1939 illuc

464 1962 603 1999 delatas
633 1960 788 2010 diripere
815 1959 980 1996 solebant
1002 1958 1118 2008 ipsos-

461 2030 535 2066 que
583 2020 711 2053 nautas
756 2016 936 2053 abducere
983 2027 1116 2051 servos.

461 2073 571 2111 Plura
617 2072 819 2121 interprett.
870 2071 918 2108 ad
966 2071 1114 2120 Scymn.

459 2129 590 2168 Chium
621 2141 671 2165 vs.
698 2130 779 2169 723
809 2140 892 2178 pag.
914 2128 995 2166 390
1019 2126 1064 2163 T.
1084 2126 1116 2162 11

461 2186 520 2223 ed.
552 2183 646 2221 Gail.
679 2183 861 2221 Mannert.
882 2183 948 2219 VII
977 2196 1012 2233 p.
1039 2182 1116 2224 148

461 2253 565 2290 seqq.
588 2239 804 2278 Tzschucke
823 2240 871 2276 ad
889 2238 977 2276 Mel.
1001 2239 1056 2286 ll,
1091 2240 1118 2278 2

462 2310 550 2347 pag.
572 2298 626 2338 97
655 2309 732 2345 seq.
762 2299 855 2333 nott.
882 2307 1011 2343 exegg.
1037 2294 1117 2332 Vol.

463 2352 517 2389 lll
541 2352 583 2389 P.
613 2352 648 2389 11
678 2351 756 2389 coll.
786 2355 879 2388 nott.
910 2351 1006 2388 critt.
1033 2363 1118 2402 pag.

465 2408 519 2448 94
538 2419 614 2456 seq.
635 2407 716 2444 Vol.
736 2407 768 2444 ll
788 2406 828 2443 P.
850 2406 895 2445 11.

520 2461 587 2501 καὶ
632 2460 732 2513 ὑπὲρ
774 2458 1041 2513 Ἀπολλωνίης
1079 2477 1119 2502 τε

466 2517 534 2558 καὶ
556 2518 823 2569 Μεσαμβρίης
851 2515 988 2566 πόλιος
1011 2519 1119 2568 οἰκη-

466 2573 603 2625 μένοι]
634 2575 792 2612 Primum
820 2574 888 2613 καὶ
911 2581 994 2613 ante
1018 2573 1117 2625 ὑπὲρ

465 2644 488 2668 a
506 2630 718 2668 Florentino
747 2631 828 2669 cod.
852 2632 966 2668 abest.
1009 2631 1119 2668 Haud

466 2686 569 2725 male.
621 2686 679 2725 De
717 2686 904 2736 Apollonia
931 2688 1018 2725 urbe
1047 2688 1119 2724 dixi

465 2743 513 2780 ad
533 2742 598 2789 1V,
629 2745 693 2784 90.
723 2741 936 2780 Mesembria
956 2744 1002 2780 ad
1025 2744 1124 2780 Hae-

467 2798 515 2835 mi
561 2798 832 2836 meridionalem
882 2799 1123 2837 declivitatem

466 2855 534 2891 sita
553 2854 700 2901 dicitur,
729 2867 822 2891 nunc
839 2854 874 2890 in
894 2855 1007 2892 vicum
1026 2868 1122 2893 com-

469 2914 630 2956 mutata,
672 2911 729 2948 cui
759 2923 891 2948 nomen
922 2909 1123 2948 Misserirza

1164 851 1192 876 s.
1232 837 1402 876 Messuri.
1437 859 1485 867 —
1547 840 1605 877 Cs.
1638 838 1818 876 Mannert.

1163 894 1231 932 Vll
1269 894 1703 946 p.135.'1'zschucke
1741 894 1763 931 l.
1796 893 1820 930 1.

1165 965 1199 1003 p.
1218 950 1271 991 94
1303 955 1394 988 nott.
1425 964 1554 1000 exegg.
1585 965 1620 1001 p.
1646 954 1696 991 91
1727 954 1820 987 nott.

1166 1009 1259 1045 critt.
1301 1007 1351 1043 Et
1378 1008 1423 1044 cf.
1448 1008 1627 1045 Herodot.
1651 1007 1722 1052 VI,
1753 1007 1822 1053 33,

1168 1065 1228 1101 ubi
1246 1069 1330 1114 post
1349 1064 1572 1100 Graecorum
1582 1063 1822 1100 Asiaticorum
1894 1067 1897 1073 '

1168 1120 1385 1157 seditionem
1412 1132 1434 1156 a
1452 1118 1564 1157 Dario
1587 1119 1821 1170 compositam

1168 1176 1365 1224 Byzantios
1404 1174 1657 1213 Mesembriam
1697 1175 1823 1212 condi-

1170 1233 1268 1269 disse
1296 1231 1447 1280 legimus
1475 1244 1542 1268 nec
1562 1232 1755 1268 admodum
1776 1230 1823 1267 illi

1169 1288 1364 1334 recedunt,
1410 1287 1495 1336 qui,
1543 1300 1615 1336 quo
1660 1292 1824 1337 tempore

1171 1344 1344 1381 adversus
1379 1343 1535 1392 Scythas
1566 1344 1746 1393 profectus
1777 1343 1824 1380 sit

1170 1400 1318 1446 Darius,
1338 1400 1462 1437 urbem
1479 1400 1628 1436 tradunt
1643 1399 1823 1436 conditam

1173 1468 1263 1494 esse.
1305 1454 1357 1492 At
1387 1455 1457 1492 hoc
1482 1456 1529 1494 de
1549 1454 1688 1493 colonia
1707 1456 1742 1492 in
1765 1467 1825 1492 ur-

1172 1513 1256 1550 bem
1288 1512 1359 1549 iam
1397 1516 1506 1549 antea
1549 1512 1730 1549 conditam
1759 1512 1824 1548 de—

1172 1580 1246 1605 nuo
1264 1567 1372 1604 ducta
1386 1567 1589 1616 intelligere
1605 1567 1734 1606 licebit.
1766 1567 1823 1604 Cf.

1172 1623 1509 1661 Raoul-Rochette
1526 1624 1622 1660 Hist.
1649 1624 1696 1660 de
1723 1623 1824 1660 l’eta-

1174 1679 1269 1716 bliss.
1291 1680 1326 1716 d.
1347 1678 1412 1717 col.
1436 1680 1501 1716 Gr.
1525 1679 1573 1716 lll
1592 1691 1677 1730 pag.
1699 1679 1793 1720 275.

1228 1730 1478 1785 Σκυρμιᾶδαι
1521 1734 1588 1774 καὶ
1627 1737 1822 1784 Νιψαῖοι]

1171 1790 1273 1828 Libri
1306 1805 1385 1828 cum
1420 1792 1615 1838 fluctuent,
1657 1791 1824 1840 equidem

1171 1847 1373 1895 Schweigh.
1397 1851 1434 1884 et
1452 1847 1566 1886 Gaisf.
1592 1848 1693 1896 sequi
1713 1848 1825 1884 satius

1174 1903 1269 1939 duxi.
1324 1902 1442 1951 Vulgo
1485 1903 1568 1940 olim
1598 1899 1823 1954 Κυρμιάναι

1173 1957 1240 1996 καὶ
1266 1961 1474 2007 Μυψαῖοι.

1174 2015 1275 2064 quod
1310 2016 1441 2063 sciam,
1487 2015 1671 2064 utriusque
1708 2016 1827 2063 gentis

1172 2071 1322 2110 mentio.
1361 2071 1420 2109 Tu
1447 2072 1541 2108 conf.
1562 2072 1741 2109 Mannert.
1760 2071 1826 2107 Vll

1172 2139 1258 2178 pag.
1286 2129 1350 2168 33-
1374 2148 1429 2155 —
1467 2127 1523 2165 Ad
1549 2122 1715 2178 ἆμαχητί
1732 2127 1826 2165 conf.

1175 2183 1249 2229 lV,
1277 2185 1338 2224 11.

1228 2236 1328 2290 πρός
1362 2235 1652 2291 ἀγνωμοσύνην
1679 2235 1826 2289 τραπό-

1174 2294 1308 2347 μενοι]
1339 2297 1360 2334 i.
1392 2309 1423 2334 e.
1449 2297 1658 2343 arrogantia
1682 2298 1827 2341 utentes,

1519 1958 1599 1996 Nec
1626 1958 1697 1995 ulla
1729 1959 1826 2004 alibi,
1885 1960 1887 1962 ’

1173 2354 1345 2389 obstinate
1382 2354 1595 2397 resistentes,
1640 2354 1680 2387 ut
1715 2351 1827 2389 inter·
1880 2372 1881 2378 =

1174 2412 1338 2459 pretatur
1360 2407 1562 2455 Schweigh.
1586 2407 1622 2443 in
1639 2406 1730 2444 Lex.
1748 2407 1826 2445 He·
1878 2422 1880 2428 ’

1175 2466 1293 2501 rodot.
1325 2463 1384 2500 Tu
1403 2464 1475 2500 vid.
1498 2467 1587 2500 nott.
1609 2463 1655 2500 ad
1676 2464 1721 2509 ll,
1747 2466 1827 2504 172

1175 2525 1212 2558 et
1237 2521 1283 2557 de
1314 2520 1423 2556 verbo
1447 2518 1659 2570 τρέπεσθαι
1677 2519 1731 2565 ΙΙ,
1761 2517 1826 2560 45.
1878 2542 1879 2548 1

1177 2576 1239 2621 lll,
1258 2577 1310 2616 78
1330 2576 1451 2624 ibique
1468 2580 1561 2612 nott.
1579 2596 1635 2602 -
1663 2575 1705 2612 In
1723 2587 1825 2624 seqq.

1176 2643 1254 2669 cum
1282 2632 1397 2668 Gaisf
1438 2632 1569 2669 retinui
1605 2627 1827 2681 ἀνδρειότα-

1175 2702 1235 2726 τοι
1258 2685 1323 2724 naz
1348 2683 1602 2733 δικαιότατοι,
1632 2688 1728 2724 cuius
1749 2687 1827 2724 loco

1178 2756 1294 2793 nuper
1321 2749 1524 2794 receptum:
1566 2738 1828 2794 ἀνδρειότατοι

1178 2798 1246 2837 καὶ
1291 2814 1405 2850 γιεννι
1396 2795 1569 2839 ιιότατοι
1635 2799 1827 2848 Vulgatam

1179 2855 1369 2893 confirmat
1394 2856 1559 2894 Eustath.
1598 2856 1645 2893 ad
1676 2855 1827 2904 Dionys

1181 2912 1321 2961 Perieg.
1342 2911 1434 2954 304.

1880 2621 1891 2835 ἔ
