1904 3304
445 234 528 276 156
842 234 1311 275 HERODOTI

446 345 471 389 ὁ
504 348 713 399 Δαρεῖος,
745 342 900 397 Κύρου
930 343 1008 398 μὲν
1039 342 1118 387 δύο
1141 345 1408 400 θυγατέρας,
1431 343 1645 388 ’Ἄτοσσάν
1675 361 1719 389 τε

444 417 518 460 καὶ
549 414 863 472 Ἀρτυστώνην·
923 414 1003 470 τήν
1043 414 1381 469 μέν’Ἀτοσσαν,
1425 417 1716 474 προσυνοική-

445 499 586 531 σασαν
615 484 835 543 Καμβύσῃ
865 503 908 529 τε
946 489 1007 543 τῷ
1036 484 1234 544 α’δελφεῷ
1263 488 1337 530 καὶ
1367 486 1490 539 αὖτις
1519 493 1579 544 τῷ
1611 488 1716 532 Μά-

416 561 526 615 4γῳ·
584 559 665 615 τήν
708 558 753 602 δὲ
800 555 1119 612 Ἀρτυστώνην,

1182 559 1416 612 παρθένον.
1485 559 1634 615 ἑτέρην
1671 560 1718 603 δὲ

443 631 662 686 Σμέρδιος
692 633 773 672 τοῦ
804 630 959 682 Κύρου
988 628 1231 683 θυγατέρα,
1269 630 1419 686 ἔγημε,
1460 634 1513 688 τῇ
1544 630 1717 686 οὕνομα

443 703 499 757 ἡν
531 701 725 757 Πάρμυς.

443 789 518 827 ρα,
548 771 576 828 ἢ
605 771 684 815 τὸν
715 770 876 828 Μάγον
906 771 1153 828 κατάδηλον
1184 771 1367 829 ἐποίησε.

386 947 470 984 ‹lem
501 947 594 985 hanc
621 959 746 984 vocem
775 944 933 994 (Persis,
964 945 986 982 i.
1017 959 1048 983 e.

385 1004 580 1042 Persarum
609 1004 714 1054 quasi
743 1004 779 1040 in
812 1004 988 1050 gratiam,
1018 1015 1047 1039 s.

386 1061 629 1107 commodum,
654 1060 753 1110 apud
778 1058 928 1110 Persas)
947 1059 1049 1096 adie-

385 1121 479 1153 ctam
493 1121 615 1166 putem
637 1117 683 1153 ob
706 1128 935 1165 praegressa,
953 1128 1048 1164 quae

385 1174 432 1211 de
469 1173 650 1210 Arabibus
691 1172 830 1209 Noster
860 1171 1046 1219 retulerat,

383 1231 446 1279 qui
471 1230 541 1265 iam
562 1230 611 1266 ad
624 1230 756 1267 Persas
777 1229 880 1277 quasi
900 1241 1046 1276 regres-

383 1298 486 1323 surus
509 1290 545 1323 et
573 1286 773 1322 orationem
807 1285 1047 1333 quodammo-

382 1343 432 1379 do
457 1343 698 1392 interruptam
734 1346 950 1391 excepturus
979 1345 1045 1378 est.

381 1398 516 1448 Neque
553 1399 741 1435 abundare
774 1398 918 1435 videtur
956 1398 1046 1435 haec

382 1469 452 1492 vox
481 1455 548 1492 hoc
575 1455 669 1501 loeo,
700 1454 760 1491 ubi
786 1467 915 1491 uxores
942 1455 1045 1491 iustis

381 1513 516 1563 nuptiis
547 1525 589 1548 ac
623 1512 786 1560 legitimo
815 1512 1046 1548 matrimonio

380 1568 522 1606 iunctae
539 1567 650 1605 Dario
668 1572 918 1613 recensentur3
940 1568 1044 1618 quip-

379 1638 428 1676 pe
456 1637 547 1675 quas
577 1637 597 1662 e
628 1623 712 1661 solis
748 1624 866 1661 Persis
897 1629 935 1661 ct
964 1626 1044 1674 qui-

380 1682 465 1719 dem
516 1694 560 1719 ex
603 1693 677 1717 una
723 1681 808 1729 Cyri
846 1680 1046 1718 Achaeme-

379 1739 480 1776 nisve
509 1739 619 1787 stirpe
652 1738 730 1786 regi
757 1750 900 1774 sumere
926 1737 1042 1783 licuit3

378 1808 488 1831 unam
526 1799 665 1831 tantum
706 1794 871 1831 novimus
909 1794 1042 1832 Esthe-

380 1864 481 1898 ram‚
521 1851 631 1889 modo
660 1851 727 1887 huc
759 1850 818 1886 illa
847 1852 1041 1900 pertineat,

377 1920 474 1957 quae
493 1921 513 1946 e
532 1906 682 1957 simplici
712 1906 838 1956 pellice
863 1908 899 1943 in
922 1907 1041 1956 legiti-

376 1977 459 2002 mae
483 1963 603 2001 uxoris
616 1964 731 2000 locum
752 1968 876 2000 evecta
888 1977 968 2001 esse
985 1964 1039 2000 vi-

377 2021 494 2058 detur.
525 2020 609 2057 vid.
636 2020 796 2057 Heeren.
829 2020 940 2058 ldeen
962 2021 1037 2067 1‚,1

375 2082 461 2128 pag‘.
493 2076 589 2118 468.
645 2077 896 2114 Memorantur
918 2081 1040 2114 autem

376 2134 411 2170 h.
445 2134 468 2173 l.
502 2134 547 2171 ab
587 2133 782 2170 Herodoto
823 2146 887 2170 eae
923 2133 1039 2170 solum

375 2203 521 2236 uxores,
550 2190 763 2238 quibuscum
780 2189 912 2226 Darius
930 2190 975 2227 ab
994 2203 1037 2227 eo

374 2247 460 2284 inde
483 2251 651 2296 tempore
679 2250 757 2283 erat
781 2247 934 2293 iunctus,
965 2260 1038 2296 quo

373 2315 526 2352 regnum
548 2302 702 2352 adeptus
723 2306 792 2339 est.
822 2302 924 2345 Quas
948 2315 1038 2351 qua-

374 2363 456 2396 tuor
477 2360 603 2403 fuisse,
625 2372 669 2395 eo
689 2359 804 2406 magis
826 2359 1037 2406 tenendum,

373 2428 455 2452 cum
480 2428 500 2452 e
523 2415 734 2451 Mohamedi
753 2415 917 2451 instituto
945 2429 1036 2464 qua-

373 2475 456 2508 tuor
486 2483 616 2508 uxores
645 2470 805 2519 legitime
836 2471 969 2508 ducere
994 2471 1037 2507 li-

373 2532 468 2574 ceat,
484 2527 721 2576 eiusdemque
741 2539 761 2564 e
782 2527 931 2564 decreto
946 2540 1039 2577 qua-

372 2587 455 2621 tuor
494 2584 640 2621 omnino
681 2583 841 2619 omnium
877 2585 1037 2633 optimae

372 2639 566 2678 habendae
585 2640 659 2676 siut
683 2652 823 2676 uxores.
882 2640 992 2682 Quod
1014 2652 1035 2677 e

372 2698 564 2734 sanctitate
624 2696 765 2733 numeri
817 2696 1035 2744 quaternarii

371 2753 471 2803 apud
507 2751 700 2791 orientales
733 2752 897 2789 homines
927 2765 1034 2802 repe-

371 2810 532 2847 tendum.
589 2809 672 2845 vid.
711 2808 739 2845 l.
770 2808 816 2846 de
845 2808 1033 2846 Hammer.

369 2864 512 2904 Histor.
534 2866 684 2904 Osman.
704 2864 720 2902 1
736 2878 774 2916 p.
795 2864 889 2906 565.
918 2864 1034 2903 Filiae

789 701 880 755 ἔσχε
912 700 957 743 δὲ
987 701 1059 742 καὶ
1089 698 1167 755 τὴν
1196 704 1277 743 τοῦ
1315 699 1501 744 Ὀτάνεω
1531 702 1714 757 θυγατέ-
1727 709 1773 742 9ο

1428 771 1639 828 δυνάμιός
1669 788 1714 816 τε

1110 945 1308 995 Gobryae‚
1348 958 1457 994 quam
1487 944 1588 996 prius
1616 945 1770 983 duxerat

1105 1001 1251 1049 Darius,
1282 1000 1380 1039 nulla
1408 1002 1442 1040 h.
1473 1004 1496 1039 l.
1529 1003 1678 1040 mentio.
1709 1001 1768 1039 Cf.

1105 1058 1234 1105 V11‚7.
1265 1058 1442 1103 „Hiciam
1461 1059 1639 1109 principio
1652 1058 1768 1108 regni,

1105 1114 1228 1151 scribit
1258 1115 1383 1152 lustin.
1405 1115 1440 1162 l,
1467 1118 1530 1161 10,
1561 1115 1650 1165 Cyri
1671 1116 1768 1163 regis

1106 1171 1216 1207 filiam
1244 1171 1280 1207 in
1312 1172 1578 1208 matrimonium
1616 1172 1766 1221 recepit,

1104 1227 1289 1275 regalibus
1311 1229 1446 1277 nuptiis
1474 1241 1625 1276 regnum
1646 1228 1768 1265 firma·-

1103 1286 1219 1329 turus,
1243 1290 1281 1319 ut
1301 1296 1373 1320 non
1399 1289 1472 1321 tam
1496 1285 1532 1320 iu
1556 1290 1767 1321 extraneum

1103 1339 1316 1376 translatum
1329 1353 1436 1389 quam
1450 1340 1486 1376 iu
1505 1340 1676 1377 familiam
1692 1341 1768 1389 Cy-

1103 1396 1132 1432 ri
1156 1409 1340 1433 reversum
1361 1397 1583 1434 videretur.“
1640 1397 1698 1435 De
1718 1397 1767 1434 si-

1102 1452 1175 1488 mili
1202 1453 1290 1502 Cyri
1314 1453 1463 1489 consilio
1492 1454 1695 1491 monuimus
1717 1455 1765 1492 ad

1102 1508 1132 1555 Ι,
1150 1508 1214 1549 95.
1258 1510 1353 1546 lnter
1372 1509 1474 1547 Darii
1493 1523 1623 1547 uxores
1643 1514 1764 1548 autem

1102 1566 1294 1614 plurimum
1318 1566 1430 1602 valuit
1448 1569 1597 1612 Atussa,
1625 1567 1673 1604 de
1692 1579 1765 1616 qua

1101 1620 1238 1658 Noster
1259 1621 1338 1668 Vll,
1365 1624 1411 1662 3:
1443 1619 1657 1672 ή”Ατοσσα
1686 1619 1764 1673 εἶχε

1099 1673 1145 1716 τό
1169 1679 1251 1715 πᾶν
1272 1675 1426 1729 κράτος,
1437 1678 1591 1726 coll.lll,
1608 1681 1699 1720 133.
1730 1679 1762 1717 E

1102 1734 1278 1784 Gobryae
1307 1735 1379 1772 filia
1401 1741 1609 1786 susceperat
1631 1736 1762 1773 Darius

1098 1790 1190 1827 filios
1211 1797 1297 1838 tres,
1322 1804 1478 1840 quorum
1506 1805 1597 1828 unus
1629 1787 1760 1844 Ἀρτα-

1099 1843 1273 1897 βαζοὶνης
1301 1847 1398 1894 (Vll,
1419 1847 1476 1898 2),
1508 1849 1599 1885 alter
1628 1844 1759 1900 Ἀρια-

1099 1903 1238 1954 βίγνης
1264 1904 1363 1954 (wi,
1381 1906 1468 1953 97),
1498 1905 1640 1951 tertius,
1664 1918 1759 1954 quae

1097 1959 1272 1997 Valcken.
1301 1966 1357 1998 est
1377 1961 1545 2011 suspiciO,
1574 1956 1760 2013 Ἀρστιμέ-

1097 2032 1170 2066 νης
1189 2018 1399 2054 vocabatur.
1446 2017 1503 2054 Ex
1518 2018 1646 2054 Atossa
1664 2019 1760 2056 idem

1097 2073 1225 2110 Valck.
1262 2074 1350 2110 dicit
1376 2074 1490 2111 Dario
1517 2080 1621 2111 natos
1649 2075 1760 2114 fuisse

1096 2129 1298 2175 Masisten,
1328 2130 1574 2167 Achaemenem
1602 2130 1644 2168 'et
1676 2131 1761 2182 Hy-

1096 2190 1245 2236 staspem
1277 2187 1373 2234 (Vll,
1404 2189 1469 2227 82.
1499 2189 1563 2228 97.
1589 2187 1684 2233 64);
1714 2201 1759 2225 ex

1094 2244 1283 2293 A1·tyst01w
1313 2244 1484 2279 Arsamen
1513 2248 1551 2280 et
1581 2243 1758 2293 Gobryam

1095 2300 1195 2347 (Vll,
1216 2302 1279 2340 69.
1301 2301 1396 2347 72);
1425 2313 1445 2336 e
1472 2298 1624 2350 Parmye
1647 2313 1757 2338 unum

1094 2355 1343 2392 Ariomarclum
1373 2355 1490 2402 (VH,
1520 2359 1621 2404 78).
1700 2357 1757 2394 Ex

1096 2411 1346 2461 Pleratngyne,
1378 2411 1450 2448 filia
1469 2411 1587 2449 fratris
1608 2413 1756 2450 Artanis

1094 2469 1171 2505 nati
1199 2469 1399 2504 Abrocomes
1435 2472 1470 2505 et
1500 2467 1753 2518 Hyperantlies

1094 2524 1324 2572 (vll,224)‚
1348 2524 1447 2573 quod
1470 2529 1664 2574 utrumque
1687 2539 1754 2563 no-

1093 2593 1178 2618 men
1207 2592 1324 2629 aeque
1353 2592 1395 2617 ac
1426 2578 1646 2631 Pluaedymes
1666 2582 1751 2630 (ΙΙΙ,

1094 2638 1168 2685 68)
1195 2649 1327 2674 nomen
1350 2649 1429 2673 cum
1461 2637 1603 2676 Graece
1632 2643 1750 2686 sonet,

1092 2693 1131 2730 in
1160 2692 1279 2730 Persis
1314 2693 1441 2742 utique
1470 2694 1642 2732 miramur
1670 2708 1751 2733 cum

1091 2749 1125 2786 V
1127 2749 1268 2786 alckeu.
1290 2749 1508 2787 Hammerus
1541 2750 1563 2788 l.
1582 2751 1604 2788 l.
1631 2751 1751 2789 adfert

1091 2818 1224 2843 nomen
1251 2804 1401 2843 Fatime.

1147 2856 1345 2913 δυνάμιός
1373 2877 1414 2902 τε
1441 2859 1572 2904 πάντα
1599 2862 1642 2904 οἷ
1661 2861 1748 2904 ἔπι-

1848 2458 1856 2462 ι

1884 2177 1894 2613 ——-——.—-—..-
