1904 3304
25 368 89 413 61

441 246 1112 287 MELPOMENE.1V.

153 364 237 417 Τῆς
273 358 319 403 δὲ
355 360 434 414 γῆς
471 359 548 412 τῆς
584 360 812 412 Σκυθικῆς
849 358 983 409 αἰνῶς
1021 355 1185 410 ἀξύλου
1231 356 1400 415 ἐούσης,
1456 364 1736 433 ξᾶἓξξὲἳεῖῐξὲῐοῗξᾷ

121 426 235 474 Ξῶδέ
266 441 343 484 σφι
373 428 415 479 ἐς
443 427 523 483 τὴν
553 428 708 484 ἕψησιν
736 433 823 471 τῶν
842 433 983 483 κρεῶν
1002 428 1232 485 ἐξεύρηται.
1264 428 1530 473 ἐπεοένόὅηέηθ
1564 442 1598 461 ⁵0
1640 435 1733 468 ⁹⁰⁸³·

150 500 408 554 ἀποδείρωσι
436 498 488 541 τὰ
519 499 662 554 ἱρήϊα,
690 503 908 555 γυμνοῦσι
926 500 978 541 τά
997 497 1123 542 ὀστέα
1141 502 1229 542 τῶν
1243 504 1401 553 κρεῶν·

149 572 290 614 ἔπειτα
320 568 602 625 ἐσβάλλουσι,
651 570 706 626 ἢν
734 570 812 626 μὲν
841 569 1000 625 τύχωσι
1030 570 1198 625 ἔχοντες
1226 571 1406 627 λέβητας
1461 567 1535 596 lant.

1321 251 1403 291 401

1462 469 1562 493 munt:
1606 467 1736 502 quadru-

1463 501 1551 534 pedia
1583 505 1613 529 ot
1644 509 1737 535 equos

146 641 418 697 ἐπιχωρίους,
462 640 647 696 μάλιστα
683 643 907 697 Λεσβίοισι
945 645 1155 698 κρητῆρσι
1187 642 1406 696 προσεικέ-

145 715 272 763 λους,
300 713 431 767 χωρὶς
460 711 486 767 ἢ
506 711 574 755 ὅτι
589 716 735 770 πολλῷ
756 712 958 768 μέζονας·
991 711 1035 762 ἐς
1054 711 1240 763 τούτους
1258 712 1406 768 ἐσβάλ-

145 787 316 836 λοντες,
357 784 513 833 ἕψουσι
544 782 831 834 ὑποκαίοντες
859 782 912 826 τὰ
951 781 1078 825 ὀστέα
1115 786 1204 825 τῶν
1241 784 1408 839 ἷρηΐων.

117 854 209 909 δῆν
239 854 284 897 δὲ
313 853 371 909 μή
405 867 483 909 σφι
513 858 633 911 παρῇ
672 853 816 909 λέβης,
859 855 903 897 οἱ
936 853 980 896 δὲ
1011 852 1055 903 ἐς
1086 851 1164 903 τὰς
1199 854 1465 909 γαστέραςὸο

147 928 235 968 τῶν
261 926 413 980 ἷρηΐων
445 924 724 980 ἐσβάλλοντες
753 925 806 968 τά
836 923 942 978 κρέα
970 923 1134 976 πάντα,
1168 924 1240 966 καὶ
1269 941 1408 977 παρα-

119 997 349 1050 4μίξαντες
376 995 522 1052 ὕδωρ,
555 995 819 1040 ὑποκαίουσι
848 995 900 1038 τὰ
932 994 1070 1039 ὀστέα.
1129 993 1182 1037 τά
1211 994 1257 1038 δὲ
1291 996 1408 1039 αἴθε-

289 1137 321 1174 c
343 1150 364 1175 a
378 1152 414 1190 p.
443 1137 542 1176 LXI.

149 1215 270 1262 αι’νῶς
299 1211 444 1264 α’ξύλου
481 1213 652 1270 ἐούσης]
691 1217 750 1256 De

92 1285 182 1310 voce
201 1273 324 1318 αἰνῶς
343 1274 496 1310 diximus
517 1275 564 1310 ad
585 1275 657 1320 JV,
683 1276 748 1314 52.

94 1350 149 1355 -—
171 1328 228 1365 Ad
259 1335 511 1377 argumentum
531 1331 575 1366 cf.
598 1329 683 1368 Mel.
704 1331 750 1378 11,

98 1387 120 1425 1
144 1385 209 1421 sub
232 1385 307 1431 fin.‚
333 1385 500 1432 „Alicubi
519 1399 634 1435 usque
657 1388 750 1424 adeo

94 1441 234 1478 steriles
260 1441 308 1478 ad
338 1447 503 1487 caetera,
532 1447 572 1478 ut
600 1443 662 1491 qui
687 1443 751 1479 ha-

94 1497 222 1543 bitant,
251 1497 429 1545 lignorum
454 1504 619 1546 egenteS,
645 1499 750 1547 ignes

92 1553 234 1589 ossibus
277 1553 427 1590 alant.“
484 1555 583 1591 ldem
623 1556 751 1591 asserit

90 1607 230 1645 Aelian.
259 1608 307 1646 N.
343 1609 387 1646 A.
417 1610 505 1655 XII,
534 1610 601 1650 34.
644 1610 750 1654 Quae

90 1664 271 1702 dicentem
321 1665 552 1703 Herodotum
605 1670 749 1704 tantum

90 1719 170 1758 loca
207 1721 276 1772 ipsi
314 1723 461 1771 cognita
487 1723 667 1773 respicere
698 1723 749 1760 ait

90 1777 273 1815 Mannert.
301 1777 353 1814 IV
381 1791 466 1828 pag.
489 1781 538 1819 71
555 1807 566 1826 ‚
598 1792 676 1816 cum
699 1780 747 1817 de

91 1832 198 1882 sylvis
231 1833 298 1870 illis
330 1833 542 1883 Valachiae‚
572 1835 747 1874 Poloniae

90 1895 202 1938 atque
223 1891 334 1927 etiam
354 1891 510 1928 Russiae
539 1890 654 1941 (quae
672 1896 747 1930 ter-

92 1957 155 1982 rae
180 1946 227 1982 ad
247 1950 404 1982 veterem
425 1947 609 1995 Scythiam
631 1949 746 1997 perti-

92 2002 212 2038 nuisse
250 2003 443 2051 putantur)
484 2003 569 2040 nihil
597 2004 655 2040 ille
687 2018 749 2041 co-

94 2058 232 2105 gnitum
258 2057 434 2094 habuerit.
464 2057 512 2095 At
531 2061 749 2097 meridiona-

92 2112 186 2149 libus
213 2115 248 2149 in
270 2114 423 2151 Russiae
444 2116 641 2162 tractibus,
672 2129 749 2154 ma-

93 2170 187 2206 xime
223 2169 290 2206 illis
333 2170 479 2218 quidem
519 2171 657 2220 planis,
707 2185 750 2210 ac

92 2225 287 2275 praecipue
319 2226 356 2262 in
390 2227 598 2275 regionibus
628 2227 747 2264 Ponto

92 2282 213 2318 vicinis
263 2282 373 2330 (quas
413 2283 562 2319 Graecis
601 2283 749 2320 coloniis

94 2342 289 2387 occupatas
311 2337 449 2376 Noster
478 2339 623 2376 omnino
650 2341 750 2377 novit

96 2398 131 2430 et
158 2393 193 2430 h.
219 2394 242 2431 l.
263 2395 439 2444 respexit)
467 2395 748 2445 Crimmaeaque

95 2454 231 2497 quanta
248 2463 341 2487 nunc
363 2452 410 2487 sit
428 2450 606 2499 tignorum
625 2453 748 2502 inopia

96 2505 176 2552 quis
215 2505 360 2542 nescit?
416 2506 474 2544 Ad
508 2520 603 2556 quae
634 2509 749 2559 respi-

99 2561 196 2596 ciens
216 2560 350 2599 Noster
374 2563 557 2603 verissime
582 2565 672 2604 haec
692 2578 749 2602 re-

97 2615 222 2653 tulisse
240 2619 422 2666 putandus
443 2620 520 2657 erit.

154 2702 318 2754 λέβητας
349 2704 604 2759 ἐπιχωρίους]
635 2710 749 2749 Prae-

98 2762 316 2810 positionetn
342 2760 381 2807 ἐς
400 2762 454 2799 his
472 2767 617 2804 vocibus
637 2769 747 2816 vulgo

98 2817 355 2866 praemissam,
384 2819 630 2860 eFlorentino
656 2824 747 2861 libro

101 2885 181 2909 cum
212 2873 327 2910 Gaisf.
354 2874 488 2925 abieci,
526 2878 578 2917 ita
608 2883 648 2918 ut
678 2880 748 2919 hae

154 2927 361 2966 Hauonooe.
381 2930 428 2967 ΙΙ.

805 1151 912 1176 voces
953 1137 1254 1176 antecedentibus
1302 1132 1355 1187 ἢν
1390 1135 1463 1188 μὲν

806 1191 950 1245 τύχωσι
1001 1194 1153 1244 ἔχοντες
1211 1194 1463 1232 adnectendae

806 1253 899 1298 sint,
931 1255 969 1287 ut
996 1255 1091 1288 recte
1109 1251 1194 1288 fecit
1217 1250 1334 1287 Gaisf.
1366 1252 1464 1288 Mat-

805 1308 904 1344 thiae
925 1307 1073 1344 retinuit
1094 1305 1144 1352 ἔς.
1165 1328 1219 1333 -
1250 1306 1307 1343 De
1325 1305 1465 1344 Lesbiis

806 1363 946 1413 poculis
965 1362 1050 1400 mihi
1069 1362 1173 1412 plura
1191 1375 1265 1398 non
1286 1367 1469 1412 constant,

806 1432 873 1457 nec
890 1420 1092 1468 quidquam
1114 1419 1180 1455 hac
1197 1419 1244 1455 de
1260 1431 1299 1455 re
1320 1419 1469 1458 allatum

806 1477 926 1525 reperi
952 1476 989 1511 in
1009 1475 1132 1512 Plehn.
1153 1474 1337 1511 Lesbiaco.
1364 1475 1471 1525 libro,

806 1533 868 1580 qui
887 1531 1047 1569 Berolini
1071 1532 1177 1571 1826
1198 1531 1345 1579 prodiit.
1384 1532 1469 1568 Vini

805 1588 960 1624 feracem
990 1587 1103 1623 fuisse
1133 1585 1285 1622 insulam
1324 1587 1463 1624 vinum-

806 1656 878 1692 que
904 1643 1014 1680 etiam
1046 1643 1082 1679 in
1103 1641 1190 1679 alias
1208 1642 1375 1691 regiones
1397 1644 1464 1682 de-

804 1704 989 1750 portatum
1024 1711 1103 1736 esse
1138 1698 1326 1744 novimus,
1372 1701 1463 1749 quin

803 1756 904 1806 ipsos
962 1755 1096 1792 incolas
1147 1755 1462 1793 comissationibus

805 1813 963 1850 deditos.
994 1811 1077 1848 vid.
1096 1811 1182 1848 ibid.
1209 1824 1246 1861 p.
1269 1813 1333 1851 97.
1369 1815 1461 1853 122.

802 1889 858 1896 —
888 1866 946 1904 Ad
971 1868 1084 1905 verba
1106 1865 1224 1918 χωρὶς
1244 1863 1272 1918 ἢ
1292 1864 1352 1907 ὅτι
1367 1870 1461 1906 conf.

803 1924 936 1961 Matth.
957 1922 992 1974 ἓ.
1015 1926 1115 1970 611,
1146 1923 1172 1964 4
1188 1936 1274 1973 pag·
1298 1927 1420 1968 1237·

862 1980 903 2019 οἷ
931 1979 979 2019 δὲ
1006 1978 1045 2026 ἐς
1071 1976 1141 2026 τιῖς
1167 1978 1355 2031 γαστέρας
1373 1996 1407 2020 κ.
1428 1996 1460 2020 τ.

805 2035 854 2086 λ.]
886 2036 944 2073 De
962 2036 1137 2086 particula
1170 2034 1221 2074 δέ
1248 2038 1343 2074 conf.
1365 2041 1461 2076 nott.

804 2094 853 2129 ad
873 2092 926 2139 ΙΙ,
951 2094 1016 2132 39.
1047 2091 1107 2128 Ad
1124 2096 1378 2140 argumentum
1392 2093 1461 2131 loci

804 2148 893 2186 haee
905 2148 1025 2184 scribit
1033 2148 1314 2196 Wesselingius:
1339 2150 1462 2196 „Sunt

804 2205 841 2240 in
870 2203 1009 2241 Aelian.
1040 2202 1090 2241 N.
1112 2204 1154 2241 A.
1175 2205 1264 2251 XII,
1301 2206 1354 2246 34
1380 2206 1464 2245 hinc

805 2261 980 2297 derivata.
1020 2259 1061 2296 In
1093 2259 1246 2310 pellibus
1280 2263 1461 2310 coquendi

803 2330 941 2354 morem
976 2315 1114 2353 Arabes
1153 2317 1339 2354 Beduinos
1374 2331 1461 2368 pro-

803 2373 907 2411 basse
921 2371 1093 2410 Reiskius
1104 2373 1340 2422 significavit5
1369 2375 1460 2412 Sco-

803 2433 860 2466 tos
900 2429 984 2466 olim
1028 2429 1137 2466 etiam
1174 2429 1372 2468 Barnesius
1411 2433 1459 2469 ad

804 2485 970 2535 Euripid.
999 2484 1145 2536 Cyclop.
1178 2486 1259 2527 359
1299 2491 1336 2524 et
1364 2487 1459 2526 hunc

804 2554 919 2591 usque
947 2543 983 2578 in
1002 2542 1098 2579 diem
1117 2542 1356 2580 Tartarorum
1377 2545 1457 2595 plu-

804 2611 863 2635 res
900 2598 1041 2636 Witsen
1082 2599 1119 2634 in
1156 2598 1347 2637 Tartariae
1382 2601 1458 2639 De-

806 2654 927 2704 script.
946 2667 1032 2704 pag.
1054 2654 1175 2696 659.“
1206 2655 1346 2698 Quibus
1365 2656 1458 2694 Lar-

804 2710 931 2747 cherus
971 2711 1075 2748 addit
1107 2711 1306 2750 Ezechielis
1342 2713 1459 2751 locum

803 2767 948 2814 XXIV,
977 2766 1013 2806 5.
1033 2787 1088 2794 —
1123 2766 1165 2803 In
1189 2781 1289 2817 seqq.
1316 2773 1460 2819 χωρεῖν

802 2823 899 2860 vaiet
937 2836 1078 2873 capere,
1122 2826 1317 2871 continere,
1354 2830 1393 2863 ut
1428 2826 1457 2873 l,

804 2879 870 2921 51.
890 2881 956 2920 70.
984 2881 1075 2921 192.

1460 534 1584 562 maxime
1633 534 1737 563 immo-
