1904 3304
64 683 159 729 127
198 678 298 722 ἐλθὲ
328 679 371 730 ἐς
399 680 591 736 λόγους.ι
581 687 607 704 “

499 217 1060 261 MELPOMENE.

1117 223 1179 262 lV.
1395 228 1479 269 503

183 329 253 371 Ξεί
290 328 369 382 μὲν
405 325 491 381 γοέρ
533 324 757 382 ἀξιόχρεος
798 330 961 381 δοκέεις
1001 329 1112 375 εἶναι
1149 335 1325 391 σεωυτῷ
1363 339 1477 378 τοῖσι

211 399 349 458 ἐμοῖσι
385 396 610 453 πρήγμασι
653 396 943 456 ἀντιωθῆναι,
1001 403 1055 446 σύ
1091 403 1136 446 δὲ
1175 401 1278 453 στοὲς
1319 419 1365 447 τε
1404 405 1477 448 καὶ

208 467 486 522 παυσάμενος
519 469 686 525 πλάνης
724 470 956 527 μάχεσθαι·
1007 476 1043 517 εἰ
1073 475 1119 517 δὲ
1158 472 1475 530 συγγινώσκεαι

208 536 320 581 εἶναι
349 538 519 594 ἥσσων,
554 540 608 583 σύ
639 541 685 584 δὲ
714 543 785 584 καὶ
815 542 930 586 οὕτω
961 544 1236 599 παυσάμενος
1264 549 1345 588 τοῦ
1371 545 1473 600 δρό-

204 625 312 663 μου,
344 608 531 666 δεσπότῃ
564 615 626 667 τῷ
657 617 720 655 σῶ
749 616 869 667 δῶρα
888 615 1036 669 φέρων
1053 619 1136 670 γῆν
1165 631 1209 657 τε
1232 616 1305 658 καὶ
1335 616 1531 671 ὕδωρ,40

666 683 790 738 Πρὸς
819 689 953 727 ταῦτα
984 683 1007 727 ὁ
1028 686 1247 728 Σκυθέων·
1263 689 1467 742 βασιλευς
1525 695 1670 750 nespons
1662 703 1689 722 ⁰
1715 696 1804 735 Plena

199 749 485 807 Ἰδάνθυρσος
522 752 636 809 ελεγε
672 754 798 799 τάδε·

204 885 239 925 εἰ
269 884 341 937 μὲν
370 884 445 938 γαρ
466 881 680 938 α’ξιόχρεος]
720 889 741 925 i.
774 901 807 926 e.

1529 729 1633 768 Scyth?
1637 738 1692 756 cae

856 754 1020 808 »Οὕτω
1058 755 1106 798 τὸ
1136 755 1242 811 ἐμὸν
1279 774 1384 814 εχει,
1435 755 1473 801 ὦ
1528 763 1686 797 punimus.

865 900 979 937 aquae
1007 889 1124 925 locum
1144 888 1242 926 haud
1262 903 1344 928 raro
1361 892 1522 930 invenias

147 943 273 992 quodsi
303 946 392 979 satis
422 945 547 979 virium
571 944 656 980 Tibi
681 944 807 981 habere
863 944 1026 990 herbam,
1063 945 1215 993 antiquo
1248 959 1361 984 more.
1417 948 1524 987 Plura

145 1000 298 1046 videris,
337 1002 371 1036 si
392 1000 610 1048 miln'parem
636 1000 685 1037 Te
709 1001 806 1037 z'mlzf-
862 1001 909 1038 de
945 1001 1000 1038 his
1031 1001 1296 1039 Germanorum
1336 1005 1522 1053 symbolis,

146 1069 216 1093 cas,
264 1056 358 1093 Cum
388 1057 591 1105 Scliwcigh.
621 1061 658 1094 et
685 1057 803 1094 Gaisf.

145 1111 312 1162 rescripsi
352 1108 555 1162 α’ξιόχρεος
591 1125 658 1163 pro
696 1108 803 1160 ἄξιό-

145 1183 288 1219 χρεως,
326 1170 427 1217 quod
458 1168 592 1206 Matth.
636 1171 800 1207 retinuit.

144 1226 202 1264 Cf.
227 1225 295 1273 lV,
325 1227 398 1269 23,
436 1225 484 1261 ad
503 1226 600 1262 vocis
618 1226 802 1275 significa-

142 1282 278 1318 tionem
300 1283 393 1318 conf.
415 1282 443 1328 I,
467 1283 557 1322 156.
580 1283 624 1327 V,
643 1285 734 1324 111.
749 1304 796 1310 -

146 1336 206 1374 Ad
234 1334 459 1389 πρήγμασιν
489 1338 584 1376 conf.
610 1338 681 1386 IV,
720 1339 800 1381 164

147 1394 269 1442 ibique
287 1400 378 1432 nott.

205 1446 253 1488 σῦ
289 1448 339 1488 δὲ
369 1445 464 1497 στάς
493 1471 547 1478 --
577 1446 798 1501 μάχεσθαι]

145 1506 286 1543 Similes
314 1507 549 1544 allocutiones
587 1507 660 1553 Ill,
709 1508 799 1548 134.

145 1562 224 1608 Vll,
247 1562 324 1603 159
343 1563 467 1599 obvias
485 1564 570 1599 citat
580 1563 798 1612 lVesseling.

143 1640 198 1646 ·—
217 1618 275 1655 De
298 1632 363 1655 usu
392 1619 587 1670 particulae
611 1618 674 1665 δέ,
704 1621 797 1656 dixi-

139 1688 218 1712 mus
236 1676 283 1711 ad
302 1675 366 1721 lv,
402 1677 492 1716 123.
542 1675 599 1713 De
620 1676 795 1712 infinitivo

138 1728 336 1781 μάχεσθαι
362 1732 455 1768 conf.
484 1732 618 1769 Matth.
639 1733 704 1768 Gr.
726 1733 793 1771 Gr.

138 1786 174 1838 ἓ.
198 1787 298 1835 546,
341 1787 627 1839 eundemque§.
650 1788 729 1829 551
757 1802 793 1838 p-

140 1847 249 1885 1079
275 1845 322 1880 ad
341 1845 451 1881 verba
474 1844 509 1882 εἰ
534 1842 575 1883 δὲ
602 1857 792 1897 συγγινω-

139 1913 250 1940 σκεαι
277 1896 378 1938 εἶναι
396 1896 544 1949 ἥσσων.

195 1959 271 2008 γῆν
294 1971 332 1994 τε
359 1956 424 1994 καὶ
445 1953 570 2008 ὕδωρ]
612 1956 792 1995 Aristote-

138 2013 188 2050 les
208 2013 330 2050 Rhett.
356 2013 401 2058 ll,
423 2016 474 2052 23
498 2012 531 2063 g.
558 2015 627 2053 18:
668 2010 712 2052 τό
736 2014 792 2051 δι-

139 2066 251 2108 δόναι
272 2072 348 2120 γῆν
366 2068 432 2107 καὶ
456 2065 564 2119 ὕδωρ
587 2066 791 2107 δουλεύειν

138 2125 229 2165 ἐστι’.
264 2127 371 2163 Lnde
392 2126 525 2162 Plinius
546 2126 592 2162 H.
615 2125 662 2162 N.
677 2126 792 2172 XXII,

136 2184 162 2222 4
186 2184 263 2230 (3).
322 2184 546 2229 „Summum
575 2183 671 2231 apud
698 2182 794 2219 anti-

137 2252 230 2288 quos
250 2239 393 2287 signum
411 2240 580 2275 victoriae
603 2242 693 2284 erat,
712 2239 793 2275 her-

137 2296 220 2332 bam
249 2296 434 2345 porrigere
459 2296 595 2340 victos,
637 2294 703 2331 hoc
724 2299 792 2340 est,

135 2357 231 2388 terra
252 2355 290 2389 et
311 2351 434 2388 altrice
454 2352 531 2402 ipsa
544 2351 651 2387 humo
673 2355 708 2388 et
727 2352 793 2387 hu-

136 2408 294 2445 matione
340 2409 448 2445 etiam
489 2409 633 2445 cedere:
684 2420 792 2456 quem

138 2476 275 2500 morem
295 2464 401 2501 etiam
426 2477 521 2500 nunc
540 2465 674 2500 durare
693 2465 792 2514 apud

140 2520 341 2556 Germanos
388 2521 509 2557 sci0.“
567 2521 792 2563 Quibuscum

140 2577 233 2611 conf.
250 2576 351 2612 Serv.
375 2577 422 2613 ad
441 2576 564 2625 virgil.
582 2578 672 2615 Aen.
691 2577 791 2623 Vlli,

144 2633 234 2671 128.
283 2631 331 2668 Et
353 2633 493 2669 duravit
518 2645 605 2670 sane
627 2634 696 2671 iste
714 2646 791 2670 mos

140 2687 297 2723 mediam
331 2701 395 2737 per
427 2693 584 2726 aetatem
614 2691 650 2726 in
684 2691 789 2727 terris

140 2743 352 2789 tradendis,
391 2749 432 2780 ut
455 2758 474 2781 e
493 2745 671 2794 Ducangii
693 2747 792 2795 glos-

141 2800 235 2834 sario
255 2800 469 2849 perspicitur
496 2814 524 2836 s.
541 2815 574 2838 v.
600 2803 792 2841 Investitu-

141 2867 180 2891 ra
221 2853 284 2906 (T.
319 2856 352 2894 11
382 2869 418 2907 p.
449 2858 527 2897 103
558 2859 693 2908 seqq.).
751 2861 793 2898 In

860 1058 991 1106 quibus
1012 1057 1097 1094 victi
1125 1057 1371 1097 obedientiam
1401 1061 1523 1098 decla-

857 1119 982 1151 rarent
1009 1118 1074 1150 aut
1100 1126 1183 1151 suas
1214 1128 1270 1153 res
1301 1116 1452 1153 aliorum
1481 1117 1520 1154 in

858 1171 1055 1207 dominium
1095 1173 1335 1209 transferrent
1364 1173 1518 1210 Grimm.

856 1226 1029 1264 Deutsch.
1060 1225 1340 1265 Rechtsaltcrth.
1377 1229 1394 1265 I
1430 1242 1517 1280 pag.

860 1285 940 1324 120
964 1296 1042 1332 seq.

1027 1339 1137 1388 Cap.
1168 1339 1354 1378 CXXVII.

915 1390 1027 1444 Πρός
1045 1398 1167 1433 ταῦτα
1191 1394 1424 1435 ὅΣκυθέων
1445 1398 1515 1448 βα-

859 1448 989 1497 σιλεύς
1018 1467 1052 1490 κ.
1072 1467 1103 1489 τ.
1126 1452 1174 1501 λ.]
1225 1454 1362 1499 „Quae
1392 1454 1515 1492 dicen-

856 1512 929 1544 tem
948 1508 1035 1544 facit
1055 1508 1332 1557 Idanthyrsum‚
1352 1509 1410 1546 illa
1423 1511 1514 1559 Scy-

854 1563 939 1600 thae
963 1565 1041 1612 regi
1071 1565 1279 1602 mirabiliter
1305 1571 1513 1614 congruunt

855 1620 941 1656 artis
926 1632 1017 1668 sque
1036 1625 1117 1656 sunt
1136 1620 1371 1659 Herodoteae
1389 1621 1512 1672 plena,

853 1677 925 1724 qui
953 1688 1097 1726 semper
1123 1680 1206 1722 τοῖς
1229 1692 1420 1728 υποκειμε
1412 1677 1509 1725 ’νοις

850 1727 1084 1783 προσώποις
1102 1731 1169 1771 καὶ
1191 1729 1393 1785 πράγμασι
1412 1750 1508 1782 τους

849 1787 1001 1838 πρέποι
1005 1804 1070 1835 τας
1096 1788 1330 1839 ἐφαριιόττει
1355 1787 1507 1843 λόγους.

848 1845 956 1882 Hanc
995 1845 1155 1883 historici
1192 1846 1295 1883 huius
1333 1849 1505 1885 virtutem

848 1914 973 1938 omnes
986 1908 1215 1950 agnoverunt
1231 1903 1319 1940 artis
1338 1904 1430 1942 benc
1450 1905 1506 1941 di-

847 1959 953 1994 cendi
981 1959 1145 2006 magistri
1181 1964 1346 2007 veteres,
1382 1973 1505 2009 quam,

848 2014 1096 2051 inimitabilem
1117 2014 1318 2064 plerisque,
1358 2029 1506 2066 expres-

849 2075 973 2107 serunt
1002 2075 1170 2107 accurate
1201 2071 1330 2120 Lysias
1365 2077 1401 2109 et
1425 2072 1505 2110 De-

849 2126 1069 2163 mosthenes,
1122 2126 1192 2163 Hic
1222 2127 1338 2165 locum
1359 2141 1506 2177 quoque

849 2182 1013 2219 Theonis
1074 2183 1211 2220 invenit
1274 2185 1506 2223 observatum

847 2238 1263 2288 Progymn.pag.114.
1322 2241 1505 2284 Quoniam

848 2295 937 2331 hacc
980 2295 1087 2332 etiam
1119 2296 1295 2344 insignita
1333 2301 1416 2334 sunt
1451 2299 1505 2350 τῷ

849 2346 926 2399 οἶφε
914 2353 992 2389 ελεῖ
1007 2347 1222 2400 αὐτοφυεῖ,
1243 2354 1279 2389 in
1300 2353 1504 2404 exemplum

848 2423 883 2445 τι
885 2423 919 2457 [ς
946 2410 1157 2458 Σκυθικῆς
1187 2405 1407 2459 ἁπλότητος
1435 2411 1502 2447 de-

847 2465 968 2512 signat
987 2465 1123 2501 Strabo
1143 2465 1208 2502 Vll
1227 2480 1262 2517 p.
1276 2468 1354 2507 301
1378 2465 1498 2507 5.461

850 2521 929 2559 C.“
975 2520 1189 2557 Valcken.

907 2572 1021 2615 Οὕτω
1040 2574 1083 2616 τό
1102 2574 1197 2628 ε’μόν
1217 2576 1306 2627 ἔχει]
1354 2578 1375 2614 i.
1398 2591 1428 2615 e.
1447 2579 1501 2614 ita

848 2634 936 2670 milei
964 2647 1017 2670 'res
1048 2634 1172 2682 habet,
1220 2634 1305 2671 talis
1327 2633 1406 2684 fere
1436 2647 1501 2682 ego

847 2704 933 2728 sum.
966 2691 1023 2727 Cf.
1037 2690 1169 2728 Matth.
1183 2691 1248 2727 Gr.
1261 2692 1327 2727 Gr.
1351 2689 1387 2740 ἓ.
1405 2689 1500 2738 466,

848 2749 886 2786 3.
918 2747 1006 2784 Mox
1027 2760 1108 2784 cum
1130 2747 1280 2784 Dorvill.
1300 2747 1349 2783 ad
1362 2746 1499 2783 Charit.

847 2817 885 2855 p.
907 2803 986 2844 573
1010 2804 1067 2841 ed.
1082 2803 1185 2854 Lips.
1199 2804 1330 2840 retinui
1354 2801 1502 2853 Πέρσα,

848 2873 916 2912 pro
940 2858 1112 2913 Πέρσαι,
1155 2860 1254 2910 quod
1279 2859 1402 2911 plures
1424 2859 1503 2896 libri

1734 730 1802 758 sim-
