1904 3304
481 238 1169 279 MELPOMENE.1v.

1375 245 1459 284 519

197 355 336 397 εἵνεκα
369 350 504 393 δοκέω
534 350 830 403 θεσπίζουσαν
857 349 937 406 τήν
969 349 1149 406 Πυθίην
1178 350 1356 394 καλέσαι
1385 369 1459 407 μιν
1471 361 1514 394 85

194 425 366 476 Λιβυκῇ
395 420 590 477 γλώσσῃ,
629 422 795 464 εἰδυῖαν
825 420 882 472 ὥς
913 420 1118 475 βασιλεῦς
1149 420 1266 464 ἔσται
1296 422 1343 465 ἐν
1372 427 1459 465 Λι-

164 493 294 548 3βὺῃ.
337 492 424 534 ἐπεί
453 509 497 535 τε
525 491 609 545 γάρ
638 489 848 548 ἠνδρώθη
879 487 1030 543 οὗτος,
1059 485 1165 547 ἦλθε
1191 491 1233 541 ἐς
1255 494 1458 549 Δελφοὺς

193 563 292 616 περὶ
329 566 403 616 τῆς
440 566 609 618 φωνῆς·
670 562 968 619 ἐπειρωτέοντι
1005 562 1051 605 δέ
1089 564 1131 605 οἱ
1166 567 1248 619 χρςῖ
1287 562 1314 620 ἡ
1355 568 1457 607 Πυ-

191 634 269 688 θίη
299 631 423 674 τάδε·

157 724 179 758 4
226 719 355 764 Βάττ’,
386 718 444 755 ἐπὶ
471 721 600 767 φωνὴν
623 716 757 766 ἦλθες·
791 718 885 764 ἅναξ
910 722 952 756 δέ
978 734 1015 756 σε
1040 724 1178 769 Φοῖβος
1199 721 1374 758 Ἀπόλλων
1466 725 1512 760 90

271 779 307 821 ἐς
333 777 476 826 Λιβύην
499 778 632 824 πέμπει
654 779 888 826 μηλοτρόφον
913 782 1114 828 οἰκιστῆρα.

907 948 948 997 ἒς
973 948 1138 1004 Λιβύην
1168 974 1224 982 -
1253 949 1509 1004 μηλοτρόφον

851 1006 1071 1061 οἰκιστῆρα]
1114 1009 1234 1058 Libya
1264 1014 1414 1047 vocatur
1432 1026 1506 1061 μη-

187 951 277 1004 περὶ
299 954 369 1002 τῆς
392 947 547 1000 φωνῆς]
596 949 691 993 Quia
719 947 793 986 scil.

134 1006 385 1060 ἰσχνόφωνος
416 1004 481 1045 καὶ
508 1002 675 1056 τραυλὸς
702 1009 793 1051 erat,

131 1066 314 1103 oraculum
338 1062 539 1107 consuluit,
581 1074 654 1110 quo
682 1066 791 1111 pacto

129 1123 176 1160 ab
194 1123 262 1159 hoc
281 1122 426 1169 linguae
449 1118 536 1155 vitio
564 1118 683 1168 possit
702 1117 793 1155 libe-

128 1179 211 1215 rari.
224 1199 278 1206 ——
297 1178 407 1221 Quod
430 1175 591 1223 sequitur
607 1174 790 1211 oraculum

130 1235 257 1271 iisdem
279 1234 449 1271 exhibent
470 1232 588 1268 verbis
607 1229 728 1266 Schol.
742 1231 790 1266 ad

129 1290 236 1327 Pind.
257 1290 363 1338 Pyth.
384 1289 445 1334 lv,
477 1289 540 1326 10.
563 1287 624 1326 15.
657 1286 788 1323 Tzetz.

130 1346 223 1384 Chil.
247 1347 310 1392 Vl,
328 1344 410 1386 345
431 1358 464 1394 p.
485 1345 577 1383 361.
606 1340 657 1378 At
678 1342 789 1379 multo

129 1404 331 1452 copiosius,
368 1414 497 1438 novem
517 1400 680 1436 versibus
703 1411 789 1436 con-

130 1464 232 1496 stans
253 1460 349 1496 idem
372 1456 554 1494 oraculum
577 1468 672 1492 nunc
691 1455 792 1492 exhi-

129 1516 234 1552 betur
265 1517 303 1551 in
328 1513 481 1550 Diodori
509 1512 695 1560 Excerptt.
726 1511 789 1547 Li-

127 1571 183 1607 bri
214 1570 281 1607 Vll
328 1567 365 1619 ἓ.
402 1568 452 1609 15
489 1568 589 1617 apud
619 1568 664 1603 A.
699 1566 787 1603 Mai.

127 1628 277 1676 Scriptt.
296 1626 396 1662 vett.
433 1623 540 1661 Nova
565 1623 715 1660 Collect.
738 1621 787 1660 T.

127 1683 161 1719 ll
180 1696 266 1733 pag.
291 1683 353 1722 13.
396 1681 577 1730 Spectant
604 1692 691 1716 vero
718 1679 787 1715 huc

127 1752 274 1788 quoque
294 1738 445 1774 Pindari
464 1737 574 1774 verba
594 1736 703 1784 Pyth.
734 1734 785 1773 lV

128 1796 201 1845 (59
222 1796 368 1844 seqq),
402 1794 499 1833 105:

152 1883 180 1903 ω
202 1867 323 1919 μάκαρ
344 1866 400 1902 ὑιὲ
424 1866 712 1910 Πολυμνάστου,
745 1863 783 1899 σὲ

270 1917 305 1948 ὸ
329 1912 365 1947 ἑν
385 1912 503 1959 τούτῳ
524 1912 581 1956 λό’
581 1926 616 1945 ι)

151 1959 309 2004 χρησμὸς
326 1957 500 2012 ὤρθωσεν
519 1971 559 2001 μι
565 1938 686 1996 Ξίσσιις
697 1959 784 1990 Λελ-

267 2007 376 2049 (ploos
400 2002 596 2057 ιυτοιιιὶτς)
625 2002 783 2036 adsibo-

155 2048 181 2084 α’
202 2063 239 2086 σε
256 2052 354 2095 χαίερ
341 2063 392 2083 ιν
414 2062 448 2088 ’ς
467 2051 545 2092 τρὶς
574 2038 786 2083 αὐδάσαισα

266 2109 308 2130 ns
314 2108 435 2138 πρωιιι
430 2108 506 2128 νον

152 2143 200 2186 βι.
192 2142 275 2176 σιλέ
316 2140 461 2193 ι’ἱιιφιιὶνς
448 2154 484 2173 ν
504 2137 672 2195 Κυράνᾳ

150 2190 218 2221 ὸυσ
222 2186 340 2230 θρόου
344 2187 461 2241 φωνιῖ
467 2199 483 2225 ς
496 2183 784 2227 (Ξυιικρινόιιενον

239 2230 353 2267 noem}
370 2234 422 2272 τίς
446 2242 544 2266 eorm
562 2229 654 2274 πρὸς
669 2231 782 2264 θὲὠν.

183 2300 316 2351 Βάττ’,
355 2302 420 2343 ἐπὶ
455 2300 597 2353 φωνήν
629 2296 780 2352 ηλθες]

125 2360 257 2398 Battus
280 2362 324 2408 (i.
345 2374 376 2400 e.
402 2373 482 2406 rex,
518 2373 563 2397 ex
592 2372 635 2396 eo
661 2371 782 2404 sensu,

127 2429 200 2464 quo
219 2430 345 2454 vocem
364 2413 512 2461 Βάττος
533 2429 552 2453 c
573 2420 692 2452 mente
704 2414 782 2451 He-

128 2473 248 2509 rodoti
265 2473 398 2521 Pythia
423 2472 562 2510 elocuta
588 2471 662 2520 est)
690 2472 782 2506 vocis

130 2541 237 2564 ςιιιιεα
254 2531 401 2574 υεηῖεΐῖς
419 2530 601 2565 sciscitans
616 2528 689 2565 scil.
707 2540 779 2576 quo

127 2584 237 2620 modo
267 2597 288 2620 a
311 2584 453 2633 linguae
482 2586 568 2621 vitio
599 2584 712 2633 possis
740 2583 782 2619 li-

128 2639 258 2676 berari.
277 2659 328 2666 --
359 2641 472 2687 „Inde
490 2641 526 2677 in
547 2640 728 2677 Plutarch.
750 2640 782 2676 11

127 2708 163 2744 p.
186 2695 265 2734 405
285 2695 328 2731 B.
350 2709 386 2745 p.
405 2699 484 2737 660
496 2697 684 2746 lVyttenb.
702 2709 782 2732 cor-

127 2751 256 2798 rigitur
276 2750 339 2789 ἐπὶ
360 2748 430 2799 τήν
453 2750 593 2802 φωνὴν
611 2767 780 2803 παραγε-

127 2803 309 2855 νόμενον.
339 2807 420 2843 vid.
435 2808 517 2844 Var.
531 2808 630 2846 Lect.
649 2816 687 2846 et
705 2814 779 2847 not.

126 2863 204 2900 crit.
228 2862 492 2913 wyttenbachii
513 2863 536 2901 l.
556 2864 613 2902 l.“
646 2864 675 2902 C
682 2878 712 2903 r.

849 1062 1063 1115 λοτρόφος,
1108 1067 1129 1102 i.
1156 1079 1188 1103 e.
1226 1078 1303 1102 oves
1333 1068 1506 1115 nuo-iens,

849 1122 967 1159 ovibus
1001 1123 1117 1165 ιΙίυεες
1157 1135 1223 1160 nec
1250 1123 1352 1160 aliter
1383 1125 1507 1173 μηλο-

846 1174 997 1227 τρόφος
1022 1174 1132 1229 Ἀσίη
1172 1180 1272 1229 apud
1301 1178 1504 1217 Archiloch.

846 1236 1012 1283 fragmm.
1043 1235 1096 1276 85
1129 1246 1215 1286 pag.
1245 1237 1337 1275 317.
1396 1236 1504 1279 Quae

847 1292 975 1328 eadem
996 1289 1117 1340 Libya
1138 1288 1399 1342 θηροτρόφος
1423 1305 1503 1330 cum

845 1347 1052 1396 appelletur
1070 1349 1169 1398 apud
1189 1347 1357 1397 Apollon.
1378 1347 1500 1386 Rhod.

848 1403 912 1449 lV,
936 1404 1063 1450 1561,
1104 1406 1139 1441 in
1159 1404 1312 1440 Scholiis
1333 1404 1504 1441 parisinis

847 1459 999 1496 affertur
1031 1460 1130 1497 varia
1170 1460 1277 1497 lectio
1314 1456 1506 1512 μηλοτρό-

847 1530 946 1565 φος,
966 1529 1074 1565 quam
1096 1521 1217 1553 tamen
1238 1518 1503 1553 recentissimus

845 1573 967 1609 editor
989 1573 1115 1610 reiecit
1138 1573 1185 1609 ob
1208 1573 1361 1609 Varron.
1380 1572 1503 1609 Ataci-

843 1640 953 1674 num,
1011 1628 1073 1677 qui
1111 1627 1338 1677 Apollonium
1384 1629 1500 1678 respi-

844 1685 941 1721 ciens
961 1685 1162 1731 cecinerat,
1183 1689 1277 1721 teste
1296 1684 1498 1733 Philargyr.

840 1741 889 1777 ad
907 1740 1032 1789 virgil.
1051 1742 1189 1789 Georg.
1207 1740 1268 1788 Ill,
1296 1743 1392 1781 176:
1415 1741 1498 1790 feta

832 1796 926 1847 feris
943 1796 1068 1847 Libye.
1115 1797 1222 1840 Quae
1242 1797 1370 1834 eadem
1394 1798 1498 1845 regio

840 1854 959 1891 ovium
1008 1866 1155 1903 quoque
1209 1858 1388 1902 proventu
1433 1867 1500 1903 pe-

839 1922 1035 1959 corumque
1077 1910 1303 1946 abundantia
1347 1910 1500 1958 insignis

839 1967 1084 2018 praedicatur,
1107 1978 1151 2002 ex
1166 1979 1237 2014 quo
1249 1966 1323 2002 sere
1336 1970 1500 2015 ternpore

845 2023 995 2059 Graecis
1014 2023 1181 2058 innotuit.
1213 2021 1272 2057 Tu
1286 2022 1368 2058 vide
1386 2023 1499 2058 modo

842 2078 995 2115 Homer.
1034 2079 1170 2126 Odyss.
1208 2077 1277 2123 lv,
1316 2079 1390 2124 85,
1435 2079 1499 2114 ubi

842 2133 1007 2171 Nitzsch.
1038 2135 1128 2170 citat
1164 2133 1191 2169 I.
1221 2133 1270 2169 H.
1304 2132 1410 2170 Voss.
1446 2135 1495 2169 ad

842 2190 969 2238 virgil.
990 2190 1127 2237 Georg.
1148 2189 1211 2235 Ill,
1233 2191 1314 2229 339
1336 2203 1371 2239 p.
1400 2192 1495 2230 609.

841 2246 887 2291 ll,
912 2247 988 2287 149
1017 2260 1053 2296 p.
1073 2248 1175 2289 3313
1216 2245 1362 2281 Pindar.
1386 2245 1495 2294 Pyth.

838 2301 911 2349 IX,
946 2305 1017 2347 10,
1066 2302 1128 2338 ubi
1170 2296 1397 2351 πολυμάλος
1427 2302 1497 2340 καὶ

838 2353 1169 2408 πολυκαρποτάτη
1201 2355 1326 2408 χθών.
1386 2358 1496 2395 Plura

838 2415 940 2451 dabit
978 2416 1118 2463 Thrige
1157 2414 1179 2450 l.
1220 2414 1243 2450 l.
1277 2427 1362 2464 pag.
1397 2416 1494 2461 228,

837 2471 899 2518 qui
926 2472 1052 2509 ovibus
1083 2472 1174 2508 lianc
1207 2471 1392 2519 regionem
1422 2471 1493 2506 lio-

838 2528 969 2576 dieque
995 2527 1220 2564 nobilitatam
1256 2540 1335 2564 esse
1362 2527 1490 2571 addit3

838 2583 906 2619 nisi
924 2585 1041 2633 potius
1063 2585 1110 2622 de
1128 2585 1245 2633 capris
1267 2595 1412 2631 quoque
1428 2595 1491 2618 co·-

838 2640 1048 2687 gitandum,
1098 2653 1187 2688 quas
1226 2639 1491 2688 frequentiores

839 2700 877 2732 et
897 2695 978 2733 olim
999 2702 1036 2734 et
1058 2709 1151 2733 nunc
1171 2708 1317 2745 quoque
1337 2708 1402 2745 per
1423 2694 1489 2730 hos

838 2756 973 2789 tractus
988 2753 1097 2790 fuisse
1112 2754 1237 2789 asserit
1250 2751 1355 2787 Pach.
1368 2750 1490 2799 Voya-

837 2821 883 2856 ge
910 2809 999 2847 dans
1025 2809 1047 2846 l.
1084 2810 1253 2847 Marmar.
1281 2820 1366 2858 pag.
1395 2807 1489 2846 243.
