1904 3304
420 217 506 257 234

392 323 659 381 δέξεχοόρησε
695 323 743 367 ἐκ
771 325 859 366 τῶν
890 321 1083 377 ἄρθρων.

820 212 1290 253 HERODOTI

1148 326 1337 380 νομίζων
1364 324 1410 367 δὲ
1441 325 1514 367 καὶ
1543 324 1692 380 πρότε-

419 413 502 451 ρον
539 396 637 451 περὶ
678 393 844 438 ἑωυτὸν
885 394 994 449 ἔχειν
1031 396 1282 450 Αἰγυπτίων
1320 394 1424 446 τούς
1464 396 1747 447 δοκέονταςιὸ

420 466 534 512 εἶναι
562 467 762 523 πρώτους
791 464 871 521 τήν
897 465 1116 523 ἰητρικὴν,
1146 465 1342 510 τούτοισι
1363 466 1524 523 ἐχρῆτο.
1568 469 1610 510 οἱ
1629 467 1689 519 δὲ,
1756 485 1838 526 263

420 543 725 596 στρεβλοῦντες
755 537 828 581 καὶ
863 535 1072 593 βιώμενοι
1104 536 1183 580 τόν
1221 535 1355 589 πόδα,
1397 537 1534 581 κακόν
1564 539 1694 594 μέζον

392 610 669 666 4ἐργοὶζοντο.
726 606 796 652 ἐπ’
837 608 942 652 ἑπτὰ
979 607 1059 664 μὲν
1098 607 1151 664 δή
1188 607 1351 664 ἡμέρας
1379 610 1452 652 καὶ
1482 609 1588 654 ἑπτά
1617 610 1692 655 νύ-

420 699 524 733 κτας
561 679 650 725 ὑπὸ
689 685 769 724 τοῦ
809 677 1052 735 παρεόντος
1087 684 1228 723 κακοῦ
1267 678 1290 723 ὁ
1321 685 1510 736 Δαρεῖος
1547 682 1691 737 ἄγρυ-

419 754 570 810 πνίῃσι
611 754 744 808 εἴχετο
759 767 767 775 ·

833 756 887 808 τῇ
927 751 973 794 δὲ
1013 750 1066 806 δὴ
1109 750 1244 808 ὀγδόῃ
1281 751 1421 810 ἡμέρῃ
1462 753 1601 809 ἔχοντί
1648 756 1691 798 οἱ

418 822 652 881 φλαύρως,
682 822 971 878 παρακούσας
997 840 1060 873 τις
1088 821 1308 877 πρότερον
1337 823 1398 866 ἔτι
1427 823 1475 868 ἐν
1503 825 1691 881 Σάρδισι
1703 833 1748 866 20

416 902 498 942 τοῦ
528 895 843 954 Κροτωνιήτεω
872 893 1155 951 Δημοκήδεος
1183 893 1262 950 τὴν
1289 894 1468 951 τέχνην,
1499 893 1691 952 ἀγγέλλει

362 1048 517 1082 notante
535 1043 689 1082 VVessel.
702 1072 712 1091 ‚
743 1043 815 1081 Dio
836 1043 1025 1091 Chrysost.

362 1102 428 1139 Or.
452 1101 537 1138 XlV
556 1115 591 1151 p.
613 1103 707 1148 231,
730 1101 773 1137 B.
797 1099 970 1136 Lxxvll
989 1113 1028 1150 p.

361 1158 444 1199 652
466 1158 509 1194 E.
556 1158 792 1206 Significatur
821 1161 944 1193 autem
965 1169 1026 1191 ar-

362 1219 460 1251 taum
482 1214 678 1261 laxatum,
716 1226 812 1263 quae
834 1213 918 1250 alibi
937 1213 1027 1249 dici-

359 1277 420 1309 tur
435 1268 581 1321 ἐκβολή
603 1272 675 1310 τοῦ
696 1268 870 1322 ἄρθρου,
901 1271 988 1306 ossis
1009 1282 1026 1305 e

360 1328 432 1364 loco
461 1341 522 1364 suo
548 1329 673 1374 motio,
723 1333 763 1364 ut
792 1339 825 1363 v.
855 1340 884 1364 c.
924 1326 1023 1376 apud

358 1385 456 1422 Plut.
487 1385 534 1422 de
554 1385 737 1435 superstit.
762 1396 845 1434 pag.
870 1383 949 1422 164
967 1383 1023 1430 E.,

358 1442 421 1479 ubi
449 1442 638 1490 Wyttenb.
666 1442 703 1478 in
735 1440 1023 1478 animadversio-

359 1499 467 1536 nibus
485 1512 520 1549 p.
545 1500 640 1545 999,
669 1496 853 1535 Herodoti
874 1501 912 1534 et
929 1497 1022 1534 Dio-

359 1556 416 1593 nis
447 1568 520 1592 non
545 1556 753 1601 immemor,
794 1553 967 1590 Foesium
986 1553 1023 1589 in

358 1613 497 1650 Oecon.
527 1612 703 1662 Hippocr.
740 1615 778 1648 et
810 1610 949 1660 Upton.
986 1610 1023 1646 in

358 1669 481 1706 Indice
506 1668 667 1719 Epictet.
703 1681 731 1704 s.
753 1680 786 1705 v.
818 1662 1024 1717 ἐκβάλλειν

355 1726 492 1764 laudat.

415 1780 653 1834 Αἰγυπτίων
684 1776 778 1827 τούς
812 1777 1024 1825 δοκέοντας

356 1854 394 1878 κ.
411 1854 443 1877 τ.
464 1837 513 1888 λ.]
546 1839 681 1876 Persae
704 1850 813 1886 quum
834 1836 933 1873 nulla
954 1849 1022 1873 un-

356 1909 468 1946 quam
499 1895 586 1933 artis
611 1895 774 1932 medicae
799 1893 931 1944 peritia
959 1905 1021 1929 va-

354 1952 495 1999 lerent,
544 1965 589 1989 ex
628 1964 703 2000 quo
748 1955 915 2000 tempore
954 1962 1020 2000 per

353 2009 577 2059 Cambysem
596 2007 791 2057 Aegyptus
809 2007 930 2044 Persis
958 2019 1019 2043 co-

353 2066 459 2115 gnita
477 2069 514 2103 et
533 2078 647 2114 regno
668 2065 794 2101 addita
813 2064 903 2111 fuit,
937 2062 1020 2100 hinc

352 2122 513 2160 medicos
542 2135 626 2159 suos
659 2121 809 2172 petiisse
836 2120 1017 2157 videntur.

353 2179 451 2217 Nam
471 2178 664 2228 Aegyptus
686 2178 836 2226 singulis
856 2176 1018 2225 singulos

352 2236 517 2285 corporis
535 2235 702 2285 partibus
722 2234 921 2271 adhibebat
942 2246 1019 2270 me-

354 2292 471 2338 dicos,
501 2291 672 2329 medendi
691 2290 828 2327 scilicet
847 2295 925 2327 arte
937 2303 1018 2327 cum

355 2349 576 2397 astrologia,
621 2360 715 2396 quae
742 2347 891 2393 dicitur,
929 2360 1019 2383 con-

354 2405 496 2450 iuncta3
537 2416 645 2453 quam
666 2416 741 2440 rem
762 2404 949 2451 attigimus
971 2404 1018 2440 ad

356 2462 410 2507 ΙΙ,
441 2461 507 2501 84.
566 2461 653 2497 lnde
679 2458 852 2509 Aegyptii
887 2460 1018 2497 medici

355 2529 446 2568 prae
465 2518 618 2554 caeteris
636 2520 713 2553 arte
731 2517 894 2564 insignes
907 2516 1021 2553 fam-:1-

358 2586 432 2623 que
453 2573 621 2611 celebrati
642 2585 722 2610 esse
747 2573 929 2619 videntur,
961 2586 1020 2609 us-

358 2643 431 2680 que
463 2630 573 2677 dum,
614 2629 729 2667 Dario
763 2642 852 2677 rege
882 2630 1019 2679 quippe

359 2686 452 2724 male
489 2690 672 2733 tractam,
722 2685 853 2723 Graeci
891 2686 1022 2722 medici

359 2755 484 2781 eorum
505 2743 542 2779 in
560 2742 676 2780 locum
696 2743 942 2780 succederent.
981 2741 1022 2777 ld

360 2800 461 2849 quod
481 2812 547 2850 per
562 2799 810 2837 Democedem
836 2798 887 2835 ita
904 2798 1021 2849 potis—

358 2856 487 2894 simum
529 2856 641 2894 fuisse
674 2855 870 2901 effectum,
914 2854 1022 2892 valde

1084 1042 1126 1079 sit
1143 1041 1342 1092 probabile.
1384 1042 1445 1079 Tu
1464 1044 1559 1080 conf.
1580 1043 1746 1081 Brisson.

1082 1098 1103 1135 l.
1125 1098 1147 1136 l.
1170 1099 1183 1135 1
1211 1097 1247 1149 ἓ.
1271 1101 1365 1140 232.
1388 1101 1492 1146 233.
1523 1099 1602 1137 coll.
1623 1099 1746 1137 vales.

1083 1160 1121 1192 et
1167 1155 1417 1204 Lindenbrog.
1474 1156 1523 1192 ad
1567 1156 1746 1193 Ammian.

1082 1211 1242 1249 Marcell.
1273 1212 1399 1259 XXll,
1444 1215 1506 1253 16.
1537 1233 1590 1239 —
1650 1212 1747 1250 Kurt

1081 1268 1275 1318 Sprengel.
1337 1269 1609 1319 pragmatische
1666 1269 1744 1307 Ge-

1081 1325 1243 1362 schichte
1263 1325 1298 1362 d.
1319 1324 1428 1363 Arzn.
1449 1330 1517 1363 etc.
1533 1326 1577 1363 T.
1598 1325 1665 1376 lp.
1678 1329 1745 1368 79.

1138 1382 1417 1432 στρεβλοῦντες
1454 1381 1521 1421 καὶ
1552 1377 1744 1433 βιώμενοι

1080 1434 1151 1477 τόν
1171 1435 1291 1487 πόδα]
1315 1439 1336 1475 i.
1352 1452 1383 1476 e.
1404 1443 1599 1489 torquentes
1612 1440 1745 1489 pedem,

1081 1497 1217 1545 vimque
1238 1494 1445 1544 infit-entes,
1487 1504 1528 1533 ut
1548 1495 1684 1534 scilicet
1707 1497 1744 1533 iu

1081 1558 1218 1589 rectum
1251 1558 1381 1588 statum
1417 1553 1650 1601 redigerent,
1687 1551 1745 1591 ἕλ-

1082 1623 1219 1655 κοντες
1253 1607 1320 1646 καὶ
1352 1604 1577 1659 βιαζόμενοι
1604 1606 1646 1648 τὸ
1674 1606 1743 1660 ἅρ-

1082 1669 1202 1716 θρον,
1233 1670 1273 1702 ut
1294 1665 1344 1702 ait
1361 1665 1434 1703 Dio
1448 1665 1745 1714 chrysostomus,

1082 1723 1143 1771 qui
1182 1723 1293 1768 haec,
1344 1727 1518 1760 monente
1556 1722 1584 1760 V
1589 1723 1743 1771 aleken„

1077 1778 1100 1816 l.
1121 1779 1142 1815 l.
1166 1779 1301 1828 attigit.

1138 1831 1381 1889 α’γρυπνίῃσι
1408 1833 1544 1886 εἴχετο]
1584 1835 1609 1873 ἰ.
1630 1848 1662 1872 e.
1684 1837 1742 1872 in-

1078 1892 1213 1929 somnia
1237 1892 1435 1940 laborabat,
1460 1906 1489 1929 s.
1504 1892 1741 1942 premebatur.

1078 1949 1141 1987 Tu
1161 1951 1297 1987 confer.
1320 1950 1357 1996 1,
1390 1952 1480 1991 190.
1505 1949 1569 1996 ΙΙΙ,
1601 1950 1669 1996 50,
1695 1962 1742 1987 ne

1076 2006 1191 2057 plura.
1234 2006 1314 2043 Alia
1334 2006 1438 2043 dabit
1459 2004 1673 2042 Stallbaum.
1693 2005 1742 2042 ad

1076 2063 1219 2100 Platon.
1250 2062 1388 2100 Phileb.
1416 2060 1452 2114 ὃ.
1476 2064 1530 2103 98
1556 2075 1593 2113 p.
1616 2064 1694 2102 137
1717 2073 1741 2099 a

1077 2119 1144 2158 Cr.
1163 2120 1349 2157 excitatus.
1622 2124 1624 2126 ’

1133 2170 1416 2226 παρεικούσης]
1493 2170 1740 2226 παρακούειν

1076 2235 1185 2271 obiter
1201 2233 1350 2276 autlire;
1380 2235 1466 2283 post
1484 2233 1638 2271 Cattier.
1658 2232 1738 2268 Ga-

1076 2290 1263 2340 zophylac.
1313 2301 1396 2338 pag.
1445 2290 1499 2329 93
1550 2288 1740 2325 illustravit

1075 2346 1266 2384 Fritzsche
1297 2347 1450 2388 Quaest.
1480 2344 1588 2383 Luce.
1610 2359 1646 2395 p.
1674 2344 1739 2384 15.

1131 2404 1204 2442 τοῦ
1238 2397 1522 2451 Κροτωνιήτεω
1548 2396 1741 2451 Δημοκή-

1077 2457 1183 2509 δεος]
1223 2458 1262 2494 ln
1284 2457 1413 2496 Diouis
1434 2457 1514 2493 loco
1537 2456 1558 2496 l.
1584 2464 1739 2507 utroque

1076 2516 1135 2553 illc
1171 2515 1300 2552 dicitur
1338 2510 1589 2563 Δημοδόκος,
1637 2514 1739 2563 quod

1076 2573 1266 2617 nimirum,
1297 2574 1336 2607 ut
1358 2575 1456 2607 recte
1477 2570 1610 2608 iudicat
1630 2571 1739 2619 Wyt-

1077 2627 1245 2665 tenbach.
1267 2628 1314 2663 ad
1326 2626 1420 2662 Plut.
1442 2626 1536 2663 Mor.
1559 2628 1573 2663 Ι
1593 2641 1630 2678 p.
1643 2628 1738 2673 550,

1079 2698 1100 2722 e
1127 2684 1392 2720 Socraticorum
1426 2683 1582 2721 lectione
1612 2683 1737 2721 Demo-

1081 2741 1160 2778 doci
1181 2753 1312 2777 nomen
1333 2739 1443 2777 Dioni
1474 2741 1596 2778 notius
1618 2740 1737 2786 fuerit,

1079 2810 1188 2847 quam
1218 2797 1443 2843 Democedis‚
1496 2801 1534 2834 ut
1558 2801 1658 2834 recte
1678 2795 1737 2833 ille

1077 2853 1284 2906 appellatur
1321 2854 1368 2891 ab
1406 2854 1625 2903 Herodoto,
1669 2851 1736 2891 Ti-
