1904 3304
402 237 487 278 134
800 232 1272 273 HERODOTI

403 342 614 398 ὁρκίοισι,
657 338 686 400 ἦ
721 343 800 398 μὲν
837 342 948 394 ἕξειν
982 339 1092 396 παρ’
1134 341 1312 398 ἑωυτῷ,
1357 339 1460 397 μηδ’
1498 340 1679 394 ἐξοίσειν

402 415 554 471 μηδενὶ
587 413 835 467 ἀνθρώπων
869 410 952 468 τὴν
993 409 1077 454 ἀπὸ
1107 411 1256 467 σφέων
1297 410 1466 469 ἀπάτην
1496 413 1537 464 ές
1567 413 1734 468 Πέρ-Ιο

403 498 483 536 σας
521 490 780 542 γεγονυῖαν·
836 482 1175 539 ὑπισχνεύμενοι
1214 482 1269 525 τὰ
1297 481 1440 526 πάντα
1471 486 1514 527 οἱ
1543 486 1678 541 μυρία

373 554 576 601 δδώσειν.
632 553 962 610 ὖποδεκομένου
992 554 1038 598 δὲ
1068 558 1149 598 τοῦ
1180 555 1451 610 Πρηξάσπεω
1481 557 1680 612 ποιήσειν

402 632 554 680 ταῦτα,
586 624 646 677 ὦς
676 624 909 669 ἀνέπεισάν
938 642 1014 681 μιν
1045 627 1088 669 οἱ
1110 626 1283 682 Μάγοι,
1315 626 1496 683 δεύτερα
1522 627 1679 683 προσέ-

400 714 559 755 φερον,
608 696 735 741 αὐτοὶ
772 696 853 752 μὲν
891 696 1081 752 φάμενοι
1112 696 1283 753 Πέρσας
1318 697 1486 750 πάντας
1521 710 1680 754 συγκα-

401 771 516 814 λέειν
555 767 644 812 ὑπὸ
682 768 731 812 τὸ
769 768 1001 825 βασιλήϊον
1030 774 1190 825 τεῖχος,
1230 773 1378 813 κεῖνον
1406 767 1448 812 δ’
1480 769 1680 813 ἐκέλευον

405 838 631 897 ἀναβάντα
669 838 737 883 ἐπὶ
765 838 939 895 πύργον
970 837 1230 896 ἀγορεῦσαι,
1281 839 1341 891 ὦς
1365 839 1453 884 ὑπό
1483 845 1565 884 τοῦ
1596 840 1737 884 Κύ-15

405 929 490 968 ρου
532 910 749 967 Σμέρδιος
788 910 1017 968 ἄρχονται,
1069 912 1145 955 καὶ
1193 909 1276 955 ’ὑπ’
1317 910 1496 964 οὐδενὸς
1532 911 1680 956 ἄλλου.

374 987 545 1027 4ταῦτα
576 982 622 1026 δὲ
653 981 768 1025 οὕτω
799 982 1094 1033 ἐνετέλλοντο,
1146 981 1205 1035 ὦς
1242 983 1505 1028 πιστοτάτου
1543 985 1682 1040 δῆθεν

404 1053 554 1106 ἐόντος
584 1050 721 1098 αὐτοῦ
752 1052 799 1095 ἐν
831 1053 1050 1111 Πέρσῃσι,
1082 1054 1154 1097 καὶ
1183 1054 1394 1106 πολλάκις
1422 1053 1681 1111 ἀποδεξαμέ-

403 1143 488 1170 νου
506 1124 686 1182 γνώμην
703 1122 763 1175 ὦς
782 1126 950 1180 περιείη
970 1123 994 1168 ὁ
1015 1124 1170 1179 Κύρου
1199 1124 1415 1181 Σμέρδις,
1463 1127 1538 1170 καὶ
1560 1126 1682 1179 ἐξαρ-

275 1190 342 1237 75
400 1196 649 1254 νησαμένου
679 1195 758 1239 τόν
788 1195 931 1251 φόνον
959 1195 1112 1239 αὐτοῦ.

73 1257 149 1286 Eius
158 1257 272 1285 veritas
282 1265 355 1284 cou-

74 1295 124 1319 tra
142 1291 242 1318 datam
264 1290 354 1318 fidem

72 1328 104 1351 et
129 1333 209 1352 mors
243 1325 350 1352 volun-

73 1359 164 1387 tatia.

377 1409 485 1453 Ξκαὶ
515 1406 747 1465 ἀγορεύειν
777 1408 989 1452 ἐκέλευον.

347 1559 440 1599 alios
471 1560 648 1598 accedere
669 1560 788 1599 video.
847 1559 945 1599 Nam
971 1564 1013 1598 ut

348 1629 430 1654 cum
450 1617 639 1653 Gronovio
661 1617 820 1654 dativum
842 1615 1013 1668 ὁρκίοισι

348 1673 398 1710 ad
427 1670 719 1723 προσεκτὲωντο
747 1674 911 1721 referas,
948 1677 1014 1710 aut

349 1742 431 1767 cum
445 1728 617 1767 Abresch.
627 1729 810 1767 Dilucidd.
820 1730 1012 1778 Thucydd.

351 1785 480 1836 p.425
498 1785 690 1836 participio
708 1782 1016 1836 ὑπισχνεύμενοι

351 1842 543 1887 adstruas,
582 1855 625 1879 eo
646 1843 704 1879 vix
727 1844 926 1892 quidquam
950 1843 1016 1880 du-

352 1898 440 1935 rius.
479 1898 684 1947 Schweigh.
707 1898 831 1936 mallet
857 1915 1013 1938 κατα-

354 1949 562 2004 λαβόντες,
603 1955 714 1991 modo
746 1968 838 1992 unus
867 1956 1017 1994 offerret

353 2010 457 2047 liber.
491 2034 543 2041 —
588 2004 616 2061 ἦ
649 2009 720 2061 μὲν
750 2025 832 2049 cum
863 2018 1014 2050 recentt.

353 2067 437 2104 edd.
473 2066 599 2117 scripsi
631 2081 698 2117 pro
733 2068 829 2117 vulg.
860 2062 890 2119 ἦ
920 2064 1014 2119 μήν.

352 2123 413 2160 Tu
438 2123 512 2160 vid.
543 2123 615 2169 ΙΙΙ,
648 2126 712 2164 66.
770 2124 829 2161 Ad
865 2127 1016 2163 verbum

352 2178 521 2226 ἐξοίσειν
557 2181 653 2218 conf.
674 2185 765 2218 nott.
793 2182 841 2219 ad
860 2182 924 2230 ΙΙΙ,
950 2185 1016 2223 71.

351 2256 409 2262 -·
436 2232 484 2274 τά
518 2232 649 2274 πάντα
679 2234 745 2289 (ἰη
773 2239 896 2276 verbb.
927 2236 1017 2277 ὑπι-

354 2287 590 2342 σχνεύμενοι
617 2289 664 2331 τά
699 2288 856 2342 πάντα)
896 2295 1014 2332 valet:

354 2350 394 2384 in
434 2350 643 2387 universum.
711 2349 858 2387 Monuit
897 2363 918 2387 a
951 2351 981 2388 C
988 2364 1017 2388 r.

353 2403 524 2441 laudatus
559 2405 745 2443 Schaeser.
782 2407 829 2443 ad
863 2406 1018 2456 Dionys,

352 2460 471 2497 Halic.
489 2461 535 2497 de
556 2463 855 2511 compos.verbb.
877 2476 911 2512 1).
925 2464 1017 2503 335.

354 2516 415 2554 Tu
437 2518 529 2553 conf.
551 2517 681 2555 Matth.
706 2519 770 2554 Gr.
791 2519 856 2555 Gr.
881 2517 916 2570 ἓ.
937 2521 1018 2560 226

354 2577 432 2613 not.
454 2586 491 2623 p.
505 2573 587 2614 550
611 2578 647 2611 et
662 2575 865 2612 Hermann.
887 2576 936 2612 ad
957 2576 1020 2612 Vi-

354 2641 429 2677 gcr.
449 2642 535 2679 pag.
556 2632 650 2671 727.

411 2738 728 2793 ὖποδεκομὲνου]
760 2742 859 2780 Male
883 2743 918 2779 in
940 2744 1019 2792 qui-

357 2797 512 2836 busdam
572 2798 669 2835 libris
732 2796 1020 2849 ὑποσχομένου.

356 2853 453 2891 Nam
473 2855 643 2904 frequens
672 2855 771 2906 apud
792 2855 1021 2893 Herodotum

1177 1196 1383 1252 Φαμένου
1414 1196 1459 1240 δὲ
1480 1198 1553 1241 καὶ
1579 1200 1738 1241 ταῦ-20

410 1284 465 1312 τοι
484 1266 661 1323 ἑτοίμου
679 1264 791 1310 εἶναι
811 1265 976 1310 ποιέειν
993 1271 1074 1310 τοῦ
1088 1266 1373 1324 Πρηξάσπεα),
1393 1268 1682 1324 συγκαλέσαν-

405 1354 475 1390 τες
492 1337 668 1392 Πέρσας
699 1339 743 1381 oi
760 1336 927 1392 Μάγοι,
958 1336 1224 1394 ἀνεβίβασαν
1253 1337 1390 1382 αὐτὸν
1408 1338 1477 1382 ἐπὶ
1493 1338 1681 1395 πύργον,

1055 1408 1104 1453 Ὁ
1134 1409 1203 1463 δὲ,
1238 1414 1329 1454 τῶν
1352 1410 1507 1468 μέντοι
1523 1410 1683 1454 ἐκεῖνοι

1068 1557 1338 1610 ’ὑποδέχεσθαι
1356 1562 1394 1598 in
1420 1574 1454 1598 se
1473 1564 1636 1612 recipere,
1659 1575 1738 1599 sus-

1071 1619 1204 1666 cipe1·e;
1235 1616 1263 1663 Ι,
1288 1615 1354 1657 24.
1379 1618 1422 1665 ΙΙ,
1449 1621 1523 1659 121
1551 1617 1588 1670 §.
1609 1622 1646 1660 6.
1673 1619 1737 1666 ΙΙΙ,

1073 1676 1152 1714 138
1173 1678 1241 1711 ete.
1274 1696 1325 1701 —
1367 1674 1408 1711 ln
1432 1688 1538 1725 seqq.
1561 1689 1628 1726 pro
1649 1671 1739 1714 α’νέ-

1071 1741 1213 1768 πεισαν
1223 1729 1398 1768 Valcken.
1418 1731 1541 1769 mallet
1564 1727 1739 1784 ἀνέγνω-

1074 1797 1171 1832 σαν,
1206 1788 1315 1823 modo
1336 1787 1416 1824 libri
1441 1788 1587 1826 ferrent.
1627 1789 1737 1826 Conf.

1074 1842 1230 1880 wessel.
1264 1843 1360 1880 Diss.
1385 1844 1527 1882 Herod.
1552 1858 1589 1894 p.
1617 1845 1672 1886 40
1701 1849 1739 1883 et

1072 1899 1212 1937 Herod.
1244 1899 1280 1946 Ι,
1308 1902 1374 1941 68.
1401 1921 1447 1928 -
1497 1900 1554 1937 Ad
1583 1901 1739 1939 sormam

1074 1951 1330 2006 Πρηξάσπεω
1355 1958 1450 1994 conf.
1469 1956 1532 2004 ΙΙΙ,
1555 1959 1624 1998 70.

1131 2007 1295 2064 δεύτερα
1337 2012 1615 2065 προσέφερον]
1660 2016 1683 2052 i.
1705 2028 1737 2053 e.

1073 2068 1224 2106 alterum
1256 2070 1305 2117 (s.
1327 2070 1481 2118 deinde)
1509 2071 1571 2107 hoc
1599 2074 1632 2113 ei
1654 2085 1740 2122 pro-

1071 2130 1277 2176 posuerunt.
1316 2126 1375 2163 Cf.
1398 2127 1443 2173 V,
1467 2126 1533 2168 40.
1556 2127 1654 2172 VIII,
1672 2128 1738 2169 52.

1076 2183 1219 2219 Eodem
1247 2195 1357 2220 sensu
1385 2183 1574 2230 Zonaras,
1613 2184 1741 2222 obser-

1072 2243 1182 2276 vante
1191 2239 1379 2285 Valcken.,
1391 2240 1583 2290 scripserat
1601 2252 1740 2291 προσε-

1074 2297 1217 2346 πῆγον.
1259 2315 1314 2322 --
1362 2296 1403 2332 ln
1449 2308 1553 2345 seqq.
1610 2296 1740 2334 retinui

1077 2349 1328 2402 συγκαλέειν,
1368 2353 1467 2389 cuius
1495 2351 1574 2389 loco
1604 2367 1624 2391 e
1645 2354 1741 2390 San-

1075 2408 1181 2445 crusti
1202 2408 1292 2444 libro
1310 2421 1405 2445 nunc
1424 2410 1621 2458 repositum
1632 2410 1740 2447 video

1077 2462 1309 2514 συγκαλέσε
1323 2479 1378 2502 ιν.
1438 2464 1487 2502 At
1511 2465 1740 2516 συγκαλέειν

1075 2533 1143 2570 pro
1176 2522 1256 2571 ipso
1288 2520 1398 2557 futuri
1431 2521 1609 2559 infinitivo
1634 2523 1739 2572 equi-

1077 2577 1161 2614 dem
1198 2577 1346 2626 accipiO.
1395 2576 1478 2615 Vid.
1507 2578 1640 2617 Matth.
1673 2580 1739 2617 Gr.

1079 2633 1145 2669 Gr.
1173 2644 1258 2682 pag.
1279 2634 1372 2672 523.
1398 2654 1454 2661 —
1485 2633 1525 2671 ln
1552 2635 1624 2674 fine
1659 2648 1740 2686 cap.

1079 2689 1126 2725 ad
1153 2701 1278 2726 vocem
1318 2690 1447 2738 δῆθεν
1480 2693 1575 2728 conf.
1604 2693 1640 2740 1,
1670 2693 1737 2734 59.

1078 2744 1143 2790 vl,
1162 2746 1197 2783 1.
1221 2744 1302 2792 Vll,
1326 2748 1378 2786 (56
1399 2747 1486 2796 ibiq.
1508 2748 1683 2789 Valcken.
1702 2754 1739 2785 et

1079 2801 1129 2838 ad
1157 2801 1268 2838 verba
1306 2797 1603 2856 ἀποδεξαμένου
1639 2799 1738 2858 γνώ-

1081 2871 1160 2908 μην
1180 2857 1208 2905 Ι,
1238 2860 1326 2899 170.
