1904 3304
538 263 883 304 THALIA.
938 263 1003 305 111.

1322 266 1404 306 193

106 374 440 432 3συλλὲγεσθαι,
472 373 634 418 οὐδένα
663 373 719 418 ἄν
748 384 896 430 σφεων
927 370 1243 426 ἀποσώζεσθαι.
1298 371 1403 425 τούς

136 447 216 505 μέν
243 462 328 490 νυν
366 446 543 500 ἔρσενας
579 449 668 489 τῶν
697 445 902 502 καμήλων
940 441 1070 501 (εἶναι
1097 441 1182 499 γὰρ
1211 442 1404 499 ἥσσονας

132 522 232 563 θεῖν
268 521 358 561 τῶν
391 517 578 574 θηλέων)
618 517 691 561 καὶ
720 514 1046 572 παραλύεσθαι,
1088 513 1405 569 ἐπελκομένους

135 587 218 633 οὐκ
248 586 365 645 ὁμοῦ
397 587 695 645 ἀμφοτέρους·
744 586 822 638 τὰς
862 585 909 630 δὲ
945 582 1125 641 θηλέας,
1165 583 1404 641 ἀναμιμνη-

134 759 202 801 καὶ
215 756 511 813 παραλύεσθαι,
533 759 742 813 ε’πελκομέ·

79 833 176 865 νους
224 814 297 857 οὐκ
337 816 441 869 ὁμοῦ
475 814 741 868 α’μφοτὲρους]

76 875 175 914 Dicit
187 874 344 912 W'essel.
354 875 502 912 dubium
520 888 612 922 esse,
623 880 740 912 utrum

77 926 356 983 παραλύεσθαι
376 932 423 968 de
442 933 570 968 virium
594 944 641 969 an
661 933 742 969 vin-

80 989 233 1026 culorum
273 987 494 1025 resolutione
532 989 648 1039 accipi
677 988 743 1025 de-

78 1046 185 1090 beat,
207 1044 356 1094 fitnales
376 1049 589 1081 tamencum
610 1045 744 1082 suerint

80 1102 167 1151 equi
202 1113 341 1146 mares,
394 1100 432 1137 in
460 1101 598 1151 pernici
638 1113 743 1139 cursu

80 1158 223 1195 feminis
248 1157 343 1194 haud
364 1170 491 1207 pares,
522 1158 568 1195 de
591 1157 743 1194 vinculis

82 1214 250 1251 resolutis
261 1213 462 1262 intelligere
477 1213 620 1250 mavult.
651 1214 744 1260 „At-

85 1272 195 1306 tracti
227 1271 328 1319 eqni,
359 1271 432 1314 ait,
463 1270 744 1316 exsolvebantur,

86 1326 153 1363 sed
184 1321 259 1365 ούκ
288 1323 392 1375 ὁμοῦ
412 1320 644 1377 α’μφότεροι,
675 1340 745 1363 'non

87 1383 184 1419 ambo
201 1384 350 1432 pariter,
370 1383 469 1432 prior
483 1383 639 1420 fortasse
659 1384 747 1420 dex-

88 1444 163 1485 ter,
193 1444 267 1475 tum
294 1438 457 1484 sinister,
487 1443 549 1476 aut
575 1440 746 1476 contra.“

88 1495 196 1539 Quae
228 1495 481 1545 interpretatio
510 1495 627 1545 placet
653 1497 745 1533 Ste-

86 1564 175 1600 gero
207 1550 368 1599 itemque
396 1550 534 1601 placuit
559 1552 746 1600 Schweig-

85 1607 276 1653 haeusero,
305 1607 366 1656 qui
399 1607 492 1643 conf.
519 1609 564 1654 V,
590 1610 654 1648 13.
683 1609 748 1656 llI,

87 1664 167 1704 113
196 1667 233 1700 et
256 1663 318 1710 IV,
339 1664 434 1710 203,
466 1663 524 1700 ubi
546 1665 747 1713 iunguntur

88 1715 340 1768 ε’πελκόμενοι
364 1724 400 1756 61
411 1717 685 1771 ύπελκόμενοι,
700 1723 746 1760 de

87 1776 143 1822 iis,
158 1776 219 1824 qui
238 1777 274 1812 in
294 1776 437 1825 agmine
448 1789 545 1826 pone
561 1783 747 1826 maneant,

88 1832 150 1880 qui
162 1833 309 1880 segnius
327 1834 521 1870 exercitum
535 1839 747 1883 sequantur.

90 1889 212 1931 Quam
231 1888 416 1925 notionem
435 1889 515 1926 huic
535 1903 679 1940 quoque
694 1890 749 1927 lo-

90 1956 132 1981 co
150 1944 341 1980 convenire
360 1945 412 1981 ait
429 1944 488 1986 (cf.
506 1945 595 1983 Lex.
609 1947 747 1984 Herod.

94 2012 122 2036 s.
142 1997 213 2047 xx),
250 2000 361 2036 modo
395 2000 539 2038 abesset
573 2003 749 2052 particula

94 2050 169 2094 ούκ
210 2056 248 2091 in
282 2070 353 2094 κου
392 2057 544 2094 forsitan
574 2060 749 2095 mutanda

93 2125 171 2148 cum
191 2111 328 2158 Pawio,
356 2116 394 2148 111
412 2112 500 2150 haec
521 2115 596 2152 fere
618 2115 751 2151 existat

93 2169 292 2205 sententia:
325 2173 518 2216 morantes,
552 2184 579 2207 5.
609 2173 752 2219 segnius

94 2227 270 2272 sequentes
302 2225 470 2271 subinde,
500 2240 528 2263 s.
548 2231 680 2277 passim
703 2229 752 2264 si-

94 2279 165 2317 mul
193 2281 300 2317 ambo.
346 2280 445 2318 Libri
468 2283 593 2334 scripti
613 2297 751 2331 01111165,

95 2342 270 2386 quantum
283 2338 370 2384 scio,
383 2333 456 2376 οὐκ
469 2340 634 2378 retinent.
650 2341 752 2384 Qua-

95 2406 135 2430 re
164 2405 243 2430 cum
272 2389 573 2444 παραλύεσθαι,
600 2401 752 2434 notante

97 2449 229 2497 Corae,
252 2463 325 2487 non
351 2451 468 2488 minus
490 2453 662 2502 frequens
684 2454 751 2490 sit:

99 2504 239 2554 deficere
256 2507 400 2554 viribus,
429 2511 599 2546 remittere
619 2510 665 2547 ab
688 2508 753 2546 ali-

99 2573 171 2608 qua
190 2574 227 2598 re
246 2575 277 2598 v,
300 2576 329 2599 c.
352 2576 374 2600 a
392 2564 600 2614 velocitate,
631 2566 752 2603 malim

101 2616 151 2652 sic
192 2617 439 2667 interpretari:
496 2635 608 2660 mares
651 2636 753 2674 equos

101 2673 205 2707 etiam
228 2676 394 2711 remittere
423 2690 445 2712 a
474 2691 576 2715 cursu
600 2676 646 2730 (s.
671 2680 753 2715 viri-

101 2728 168 2763 bus
197 2728 376 2777 deficere)
408 2737 547 2781 segnz‘us
577 2739 755 2786 sequentes

105 2782 206 2833 (sune
224 2789 409 2832 attractos,
440 2801 484 2826 ne
500 2804 549 2828 sc.
568 2792 672 2828 nimis
688 2806 755 2842 po-

102 2852 149 2876 ne
182 2841 352 2878 seminam
380 2841 664 2897 relinquantur),
695 2861 756 2884 uec

104 2899 217 2932 tamen
241 2902 420 2947 utrumque
432 2905 518 2951 pari
537 2904 653 2951 modo,
674 2917 755 2941 cum

157 2952 364 2991 HssnoDoT.
384 2953 430 2991 ll.

799 760 933 798 scilicet
961 760 1021 796 vix
1052 759 1125 796 duo
1145 760 1228 809 equi
1255 759 1396 798 sunales
1430 773 1460 797 s.

797 817 922 855 cameli
957 820 1031 853 tam
1061 817 1138 866 pari
1168 817 1287 864 gradu
1318 829 1461 854 currere

798 875 954 923 possint,
984 877 1023 909 ut
1041 885 1087 909 ne
1109 872 1202 909 alter
1224 873 1380 911 subinde
1401 886 1460 910 re-

799 930 997 979 linquatur,
1023 928 1115 966 alter
1130 934 1352 978 praecurrat.
1385 931 1460 966 Co-

798 989 893 1034 raes,
911 999 1019 1035 quem
1041 985 1203 1034 sequitur
1219 984 1329 1022 Italus
1351 986 1462 1023 inter-

798 1056 904 1093 pres,
934 1037 1214 1091 παραλύεσθαι
1247 1041 1343 1079 idem
1374 1042 1410 1079 11.
1437 1041 1461 1079 l.

799 1112 880 1137 esse
891 1098 1077 1136 contendit
1089 1103 1200 1147 atque
1210 1098 1461 1149 χωρίζεσθαι,

800 1151 1079 1202 α’ποσπᾶσθαι,
1104 1149 1397 1194 α’πολείπεσθαι
1409 1156 1463 1203 (se

800 1214 955 1261 separer,
986 1212 1166 1258 s’e‘carter,
1191 1211 1389 1259 0’el02'g11er,
1410 1225 1463 1248 re-

801 1272 871 1305 ster
892 1282 933 1305 en
954 1270 1120 1313 ατνίὲνε),
1153 1273 1193 1305 111
1223 1268 1251 1314 Ι,
1279 1268 1369 1310 149.
1400 1268 1464 1315 111,

805 1327 898 1365 136.
916 1324 963 1370 V,
984 1324 1051 1372 75,
1071 1325 1231 1373 indeque
1252 1324 1344 1361 hanc
1366 1324 1464 1363 elicit

801 1380 1040 1419 sententiam:
1071 1381 1150 1427 „les
1171 1381 1370 1419 chameaux
1389 1382 1465 1418 ma·

801 1437 853 1475 les
876 1451 915 1475 se
938 1437 1186 1487 separeroient
1217 1437 1282 1474 des
1304 1437 1465 1475 femelles

804 1495 1035 1542 (resteroient
1055 1507 1100 1531 en
1120 1494 1274 1541 arriere)
1299 1493 1370 1531 s’ils
1389 1494 1465 1531 n'e-

803 1551 920 1588 toient
941 1550 1047 1600 point
1067 1551 1153 1587 tirtsss
1177 1550 1362 1588 ensemble
1388 1554 1423 1588 et
1443 1552 1466 1588 Ξι

805 1607 885 1644 cote
901 1606 1068 1644 d’elles.“
1114 1605 1282 1644 Liberius
1305 1606 1394 1644 haec
1415 1607 1466 1643 ita

804 1663 965 1701 reddidit
995 1663 1107 1700 Miot:
1147 1662 1198 1709 „il
1229 1663 1346 1700 arrive
1380 1675 1467 1700 sou-

804 1724 910 1764 vent,
941 1719 1045 1768 qu'ils
1069 1723 1153 1756 sont
1174 1718 1314 1768 oblige's
1341 1719 1389 1757 de
1414 1718 1468 1756 la-

805 1776 891 1814 cher
921 1775 972 1813 les
1010 1776 1106 1813 deux
1134 1775 1353 1820 chamezmx,
1391 1788 1466 1813 non

803 1845 871 1884 pas
901 1833 923 1869 ἐι
953 1831 987 1868 la
1013 1833 1102 1879 fois,
1132 1833 1222 1869 mais
1253 1832 1327 1870 l'un
1356 1833 1464 1882 apres

806 1889 971 1926 l'autre.“
1028 1888 1159 1937 Lange
1180 1887 1372 1926 vernaculo
1392 1901 1467 1926 ser·

804 1957 913 1982 mone
931 1945 1020 1982 haee
1038 1945 1090 1982 ita
1108 1945 1247 1982 reddit:
1277 1944 1377 1992 „Die
1386 1945 1468 1982 Ka-

805 2001 1054 2049 meelhengste
1084 2021 1136 2028 —
1169 2002 1316 2039 werden
1344 2002 1468 2049 miide,

806 2070 912 2094 wenn
941 2058 993 2094 sie
1021 2069 1061 2092 so
1091 2056 1277 2094 mitlaufen
1309 2059 1468 2105 1111155611,

807 2114 873 2150 der
895 2114 977 2150 eine
996 2112 1131 2159 friiher,
1141 2112 1206 2149 der
1227 2114 1364 2151 andere
1386 2115 1469 2163 spti-

807 2171 901 2206 ter.“
943 2169 1097 2206 Censori
1116 2170 1260 2206 lenensi
1286 2171 1393 2210 1817
1413 2182 1466 2206 nr.

812 2225 891 2266 164
924 2238 1008 2275 pag.
1042 2227 1123 2264 372
1155 2226 1266 2262 verba
1297 2225 1364 2265 καὶ
1391 2240 1467 2264 πα-

810 2278 1029 2333 ραλύεσθαι
1045 2282 1344 2319 antecedentibus
1367 2278 1469 2321 εἶναι

809 2336 882 2391 γὰρ
903 2334 1079 2388 ἥσσονας
1095 2341 1187 2376 θεῖν
1210 2340 1288 2377 τῶν
1309 2337 1469 2389 θηλέων

808 2399 1004 2432 annectere
1028 2394 1149 2445 placet
1176 2399 1213 2432 et
1235 2396 1469 2445 participium

809 2449 1095 2502 ἐπελκομένους
1114 2463 1181 2501 per
1204 2451 1468 2489 anacoluthiam

809 2509 992 2557 quandam
1021 2508 1196 2544 orationis
1218 2509 1380 2559 accipere
1402 2521 1470 2558 pro

810 2565 989 2602 infinitivo
1018 2562 1274 2612 ε’πέλκεσθαι,
1316 2565 1363 2602 ad
1394 2560 1470 2603 ούκ

811 2619 916 2671 ὁμοῦ
927 2626 1048 2658 autem
1063 2619 1234 2671 supplere
1253 2623 1302 2675 τῇ
1322 2619 1470 2674 θηλέῃ,·

810 2683 850 2714 111
868 2678 923 2714 1116
942 2677 1151 2714 evadatloci
1163 2688 1307 2714 sensus:
1325 2689 1471 2724 „mares

812 2733 991 2780 camelos,
1021 2746 1101 2770 cum
1139 2733 1288 2770 omnino
1329 2733 1471 2771 seminis

812 2791 885 2827 sint
934 2790 1090 2840 impares
1135 2791 1314 2826 currendo
1366 2789 1472 2826 inde-

811 2860 884 2895 que
941 2846 1113 2883 deficiant
1174 2845 1306 2882 lassive
1360 2845 1470 2890 fiant,

812 2903 915 2953 sequi
962 2914 1034 2939 non
1064 2913 1175 2952 posse
1224 2901 1379 2939 eundem
1430 2912 1473 2936 ac

1144 2959 1194 2996 13
