1904 3304
78 987 177 1035 165

507 237 1184 279 MELPOMENE.1V.
1392 239 1476 280 569

223 367 267 396 τε
301 350 378 395 τὸν
415 348 679 404 κεχρημένον
707 347 927 399 θάνατον,
962 350 1036 393 καὶ
1065 349 1230 394 δοκέων
1261 346 1478 404 ἀμφίρρυ-

196 430 302 465 5τον
339 421 418 476 τὴν
455 419 666 476 Κυρήνην
705 418 827 463 εἶναι.

885 417 985 474 Εἶχε
1025 422 1070 464 δὲ
1107 424 1294 476 γυναῖκα
1333 430 1480 473 συγγε-

219 492 297 535 νέα
326 492 514 543 ἑωυτοῦ,
543 491 764 548 θυγατέρα
794 491 839 534 δὲ
867 493 948 533 τοῦ
977 493 1065 532 τῶν
1095 491 1330 544 Βαρκαίων
1359 491 1535 545 βασι-55

219 561 338 614 λέος,
370 565 430 621 τῷ
461 562 632 619 οὕνομα
661 558 715 619 ἦν
736 562 929 615 Ἀλαζίρ’
968 559 1086 615 παρα
1104 564 1263 604 τοῦτον
1283 557 1479 603 ἀπικνέε-

191 640 305 675 6ται.
364 634 438 676 καί
465 651 542 689 μιν
572 635 784 690 Βαρκαῖοί
811 649 854 676 τε
885 630 1060 686 ἄνδρες,
1102 632 1175 675 καὶ
1203 635 1292 674 τοῖν
1316 630 1362 674 ἐκ
1392 632 1481 673 Κυ-

222 702 358 760 ρήνης
400 704 615 761 φυγάδων
651 705 785 756 τινὲς,
835 699 1162 758 καταμαθόντες
1201 700 1482 758 ἀγοράζοντα,

221 776 457 818 κτείνουσι·
512 776 620 832 πρὸς
649 776 718 828 δὲ,
746 775 821 820 καὶ
848 775 927 818 τόν
955 774 1171 827 πενθερὸν
1201 772 1338 816 αὐτοῦ
1365 771 1483 815 Ἀλα-
1538 773 1622 818 355

194 850 334 900 7ζῖρα.
391 844 665 903 Ἀρκεσίλεως
704 846 783 902 μέν
821 861 927 898 νυν,
967 846 1049 888 εἴτε
1093 842 1202 887 έκών
1243 846 1323 886 εἴτε
1360 843 1539 886 ἄκωνὸο

222 914 424 972 ἁμαρτών
452 922 531 961 τοῦ
555 920 777 973 χρησμοῦ,
809 916 1005 971 ἐξέπλησε
1024 920 1184 972 μοῖραν
1201 914 1281 970 τὴν
1301 913 1480 957 ἑωυτοῦ.

1551 973 1723 1002 Pha-etima
1730 973 1797 1000 loco

331 987 384 1030 ‘H
410 989 456 1032 δὲ
486 987 623 1044 μήτηρ
655 988 885 1042 Φερετίμη,
921 986 1026 1037 τέως
1053 986 1130 1041 μὲν
1160 984 1182 1028 ὁ
1208 983 1480 1038 Ἀρκεσίλεως
1536 1008 1670 1035 „bsenffig
1692 1006 1747 1033 flffi
1765 1014 1811 1033 re-

1554 1050 1645 1075 gnum
1669 1040 1794 1068 admini-

219 1057 268 1101 έν
305 1063 358 1115 τῇ
393 1058 543 1116 Βάρκῃ
582 1060 775 1103 διαιτᾶτο
816 1057 1122 1113 ἐξεργασμένος
1151 1056 1298 1112 ἑωυτῷ
1326 1052 1477 1104 κακόν,
1536 1073 1815 1110 strans‚posteius

1534 1117 1636 1136 necem
1662 1109 1691 1135 in
1719 1110 1815 1142 Aegy-

220 1128 248 1185 ἦ
287 1129 332 1171 δὲ
372 1127 455 1184 εἶχε
494 1129 602 1185 αὐτή
642 1132 723 1173 τοῦ
760 1128 915 1179 παιδὸς
952 1127 1004 1170 τοὶ
1045 1127 1172 1183 γέρεα
1205 1126 1251 1169 ἐν
1280 1123 1477 1179 Κυρήνῃ,
1534 1146 1619 1178 ptum
1638 1141 1788 1176 confugit.

222 1200 296 1244 καὶ
327 1200 458 1243 τᾶλλα
486 1200 722 1257 νεμομένη,
755 1200 828 1243 καὶ
856 1199 903 1242 ἐν
934 1201 1071 1255 βουλῇ
1100 1198 1364 1250 παρίζουσα·
1395 1194 1540 1238 ἐπεί65

223 1287 268 1314 τε
319 1271 364 1315 δὲ
413 1272 545 1327 ἔμαθε
595 1271 641 1316 ἐν
686 1275 738 1328 τῇ
787 1270 937 1328 Βάρκῃ
987 1267 1271 1313 ἀποθανόντα
1319 1266 1363 1309 οἱ
1406 1263 1486 1308 τὸν

171 1464 252 1501 tuit.
310 1465 428 1509 Quem
453 1465 481 1501 si
513 1477 730 1514 sequamur,
757 1463 829 1502 Ar-

170 1520 319 1558 cesilaus
348 1521 560 1558 crudelitate
590 1522 719 1558 civium
751 1521 830 1558 ani-

170 1589 248 1613 mos
278 1588 300 1611 a
331 1588 369 1614 se
388 1579 438 1613 ita
460 1577 749 1625 abalienaverat,
791 1580 831 1613 ut

172 1633 334 1680 Cyrenes
366 1633 402 1669 in
425 1633 514 1670 urbe
541 1634 686 1671 minime
714 1646 754 1670 se
772 1637 830 1669 tu-

170 1692 245 1725 tum
285 1689 506 1726 existimaret
549 1690 750 1738 urbemque
785 1701 830 1726 eo

172 1744 253 1794 ipso
289 1746 437 1781 consilio
477 1746 606 1782 ductus
638 1745 829 1783 Persarum

172 1800 210 1836 in
238 1801 347 1838 fidem
377 1802 560 1847 traderet3
604 1802 641 1838 in
672 1815 745 1850 quo
774 1806 831 1839 ta-

173 1868 257 1893 men
273 1870 353 1894 eum
371 1858 497 1894 salsum
519 1871 598 1895 esse
619 1858 829 1897 invenimus.

172 1933 227 1939 —
238 1912 279 1949 In
300 1915 464 1963 proxime
486 1927 587 1962 seqq.
599 1915 829 1964 participium

172 1968 412 2020 κεχρημένον
461 1971 604 2019 passive
651 1970 829 2019 accipien-

176 2026 285 2061 dum:
342 2030 481 2062 mortem
525 2028 649 2062 timens
689 2026 830 2061 oraculo

175 2082 244 2118 sibi
266 2083 520 2132 significatam.
558 2083 619 2119 Tu
640 2083 735 2119 conf.
754 2095 832 2118 mo-

177 2138 225 2174 do
249 2137 340 2175 Lex.
368 2139 549 2176 Herodot.
580 2151 608 2174 s.
642 2151 674 2174 v.
733 2139 831 2174 Ante

178 2189 429 2243 ἆμφίῤῥυτον
474 2194 676 2242 Schweigh.
721 2194 832 2230 inseri

176 2249 253 2286 vult
272 2247 358 2297 τήν.
398 2252 447 2287 Et
467 2252 560 2287 conf.
579 2251 626 2286 sis
648 2250 710 2296 lv,
734 2252 830 2290 163:

178 2305 359 2357 βασιλέος
390 2320 468 2343 eum
494 2307 612 2343 Gaisf.
642 2310 679 2343 et
697 2306 831 2343 Matth.

179 2364 303 2412 scripsi
342 2376 407 2413 pro
448 2364 637 2414 βασιλῆος
672 2363 833 2410 itemque

181 2422 325 2470 μοῖραν
347 2433 412 2469 pro
437 2420 603 2470 μοίρην,
644 2419 832 2455 conferens

180 2475 252 2520 Ill,
277 2475 377 2522 142,
415 2477 477 2513 ubi
495 2489 560 2525 par
581 2479 617 2512 et
639 2476 770 2511 locutio
796 2478 832 2511 et

182 2534 372 2568 sententia.
415 2532 474 2569 Ad
506 2532 654 2568 verbum
679 2526 831 2582 οἷγορά-

184 2587 259 2631 ζειν
291 2587 341 2634 (in
361 2588 442 2638 foro
466 2590 618 2633 versari)
649 2589 743 2624 conf.
768 2586 830 2632 ΙΙΙ,

186 2642 277 2681 137.
307 2643 369 2688 IV,
392 2647 457 2685 78.
518 2645 558 2681 In
580 2644 739 2680 Maziris
768 2656 834 2679 no-

184 2698 280 2735 mine
310 2712 389 2735 cum
417 2702 592 2737 fluctuent
619 2700 719 2747 libri,
768 2712 835 2735 nos

184 2754 363 2802 vulgatam
384 2756 604 2793 exhibuimus
631 2756 836 2801 lectionem,

186 2809 253 2846 hoe
272 2813 308 2845 in
329 2811 399 2847 sine
421 2812 627 2849 adiicientes
642 2842 652 2860 ,
694 2812 838 2849 Arcesi-

187 2865 232 2902 lai
267 2871 418 2904 mortem
443 2879 464 2904 a
492 2869 643 2917 'l'hrigio
663 2868 685 2906 l.
703 2869 723 2905 l.
754 2881 837 2919 pag.

888 1463 966 1504 175
1010 1462 1136 1500 referri
1175 1461 1223 1499 ad
1265 1471 1350 1498 ann.
1387 1454 1470 1498 514
1507 1468 1541 1494 a·

885 1520 971 1557 Chr.
1001 1531 1038 1556 n.

1070 1606 1101 1645 C
1114 1619 1135 1644 a
1146 1619 1183 1657 p.
1214 1604 1363 1642 CLXV.

944 1684 1042 1733 τέως
1068 1682 1141 1737 μὲν
1173 1682 1196 1724 ὁ
1223 1679 1472 1735 Ἀρκεσίλεως
1490 1702 1546 1711 —·

886 1742 1022 1795 ἑωυτῷ
1049 1737 1197 1790 κακόν]
1251 1741 1273 1779 i.
1307 1754 1338 1778 e.
1378 1738 1546 1788 quamdiu

885 1800 1088 1837 Arcesilaus
1128 1797 1268 1834 Barcae
1308 1796 1544 1833 commoraba-

887 1861 968 1904 tur,
998 1856 1086 1893 malz·
1103 1857 1160 1891 sui
1180 1856 1251 1904 ipse
1274 1857 1409 1890 auctor.
1453 1852 1544 1888 Post

885 1911 981 1958 τέως
1013 1909 1100 1962 μὲν
1136 1911 1300 1959 sequitur
1327 1907 1355 1960 ἡ
1385 1905 1436 1947 δὲ
1466 1903 1544 1957 εἶχε

887 1973 923 2006 et
944 1981 1026 2005 mox
1049 1967 1134 2007 ἐπεί
1160 1981 1199 2004 τε
1232 1963 1282 2004 δὲ
1312 1964 1460 2015 ἔμαθε,
1497 1964 1545 1999 si-

886 2025 959 2061 mili
994 2022 1246 2073 partieularum
1286 2022 1452 2058 iunctura
1489 2023 1546 2056 at-

887 2093 959 2129 que
984 2080 1046 2126 IV,
1073 2078 1138 2118 65.
1185 2078 1243 2114 Ad
1278 2074 1324 2115 τοὶ
1354 2075 1468 2129 γέρεα
1497 2076 1543 2113 cf.

888 2137 917 2184 1,
939 2138 1003 2176 59.
1047 2135 1231 2181 lv‚162;
1278 2133 1470 2183 νέμεσθαι
1506 2131 1546 2168 ἰη

888 2205 993 2241 seqq.
1040 2191 1138 2228 valet
1178 2190 1445 2237 adminstrare,
1492 2201 1548 2224 ‘res

889 2248 964 2286 scil.
1008 2248 1187 2297 publiceS,
1246 2250 1287 2283 ut
1333 2247 1405 2294 ΙΙΙ,
1452 2246 1549 2285 160.

889 2305 987 2349 Vlll,
1014 2306 1104 2344 136.

944 2360 988 2400 ἓν
1017 2361 1145 2413 βουλῇ
1171 2355 1408 2408 παρίζουσα]
1464 2356 1487 2392 ἰ.
1516 2369 1548 2393 e.

890 2420 929 2454 in
954 2421 1075 2453 senatu
1097 2416 1274 2452 adsidens.
1322 2414 1467 2451 Etenim
1489 2424 1550 2448 co-

888 2475 1079 2522 gitandum
1111 2473 1168 2509 hic
1199 2473 1245 2509 de
1274 2484 1317 2508 eo
1356 2481 1544 2520 procerum

889 2544 916 2566 S.
935 2529 1106 2567 nobilium
1128 2528 1291 2574 concilio,
1312 2539 1424 2577 penes
1444 2525 1545 2574 quod

888 2586 1026 2623 Dorum
1046 2586 1082 2622 in
1099 2585 1299 2622 civitatibus
1323 2595 1462 2619 summa
1489 2593 1548 2617 re-

891 2656 968 2678 rum
990 2642 1214 2692 publicarum
1233 2653 1330 2686 cura,
1362 2639 1436 2675 sive
1455 2637 1548 2687 βου-

893 2695 969 2748 λήν
1021 2699 1158 2734 vocaris
1207 2697 1281 2733 sive
1325 2693 1548 2745 γερουσίαν.

894 2755 974 2790 Yid.
1008 2754 1051 2793 C.
1079 2755 1125 2790 O.
1156 2752 1298 2788 Milller.
1322 2751 1412 2787 Dor.
1445 2749 1478 2785 ΙΙ
1508 2762 1546 2798 p.

895 2812 942 2850 91
971 2823 1046 2858 seq.
1072 2812 1136 2849 96.
1186 2808 1243 2844 Ad
1262 2803 1466 2858 φεύγουσα
1491 2803 1547 2843 οἰ·-

895 2862 1014 2917 ‘spinea
1035 2867 1129 2903 cons.
1155 2864 1216 2912 lv,
1240 2866 1330 2904 127.
