1904 3304
70 760 137 806 74

600 233 948 274 THALIA.

1007 235 1071 274 III.
1395 239 1478 278 133

201 344 524 399 πειρεωμὲνοισι
554 341 830 388 α’νακτᾶσθαι
859 344 939 401 τήν
969 343 1127 400 α’ρχήν·
1186 343 1239 387 τὰ
1269 344 1365 389 τότε
1393 344 1475 389 οὐκ

201 413 507 470 ἐνεδεκόμεθα,
569 413 666 458 ἄλλ’
706 417 774 474 ἐπὶ
821 418 1010 472 διαβολῇ
1062 415 1294 470 ἐδοκέομεν
1345 419 1533 460 εἰπεῖν95

169 484 449 542 3Καμβύσεα.
510 488 614 528 Νῦν
644 481 706 528 ὦν
736 488 908 540 τίθεμαι
944 491 1099 543 ψῆφον
1128 488 1362 531 πείθεσθαι
1390 493 1477 531 Δα-

197 559 319 615 ρείῳ,
350 558 424 600 καὶ
449 556 507 612 μὴ
539 557 798 601 διαλύεσθαι
829 559 874 601 ἐκ
904 561 984 600 τοῦ
1015 556 1234 612 συλλόγου
1255 561 1384 601 τοῦδε
1407 557 1476 602 ἅλ-

195 632 298 671 λοθι
338 627 485 679 ἰόντας
527 628 556 684 ἢ
605 628 673 671 ἐπὶ
727 629 806 672 τόν
855 627 1020 683 Μάγον
1068 629 1251 680 ἰθέως.“

616 700 689 742 καὶ
718 699 873 750 πάντες
902 698 1039 742 ταῦτα
1071 702 1232 743 αἴνεον.

303 767 375 812 'Ev
407 765 442 825 ᾦ
472 771 517 813 δὲ
542 765 666 814 οὗτοι
696 775 833 814 ταῦτα
862 769 1176 826 ἐβουλεύοντο,
1210 771 1374 826 ἐγίνετο
1398 789 1472 815 κα-

195 696 285 742 εἶπε
322 698 555 754 Γωβρύης·

194 839 246 884 τὰ
279 846 512 899 συντυχίην
541 841 654 886 τάδε.

1328 634 1476 674 Ταῦτα

194 911 363 966 μένοισι
395 912 661 969 Πρηξάσπεα
691 914 824 967 φίλον
853 912 1153 965 προσθέσθαι,
1198 912 1265 956 ὅτι
1294 929 1339 956 τε
1368 913 1503 956 ἐπε-2

194 981 357 1026 πόνθεε
393 983 504 1039 πρὸς
535 983 781 1040 Καμβύσεω
814 982 1028 1038 ἀνάρσια,
1080 982 1130 1033 ὅς
1160 984 1204 1026 οἱ
1232 984 1309 1027 τὸν
1338 987 1473 1028 παῖδα

194 1052 400 1106 τοξεύσας
439 1054 724 1099 ἀπολωλέκεε·

785 1055 859 1098 καὶ
899 1053 1011 1098 διότι
1055 1058 1222 1109 μοῦνος
1262 1052 1505 1110 ἠπίστατο5

195 1125 273 1169 τὸν
303 1124 522 1181 Σμέρδιος
550 1130 631 1169 τοῦ
662 1124 820 1180 Κύρου
851 1126 1070 1174 θάνατον,
1113 1124 1364 1182 αὐτοχειρίῃ
1395 1142 1472 1181 μιν

193 1195 426 1247 ἀπολέσας·
482 1196 593 1249 πρὸς
624 1194 666 1239 δ’
703 1196 786 1247 ἔτι,
817 1195 947 1239 ἐόντα
976 1196 1024 1240 ἐν
1054 1199 1156 1254 αἴνῃ
1186 1199 1363 1254 μεγίστῃ
1393 1197 1474 1260 τὸν

166 1274 188 1308 2
203 1267 462 1324 Πρηξάσπεα
488 1267 534 1310 ἐν
552 1267 761 1324 Πέρσῃσι.

819 1267 989 1311 τούτων
1019 1267 1073 1324 δή
1102 1285 1178 1324 μιν
1209 1270 1373 1312 εἵνεκεν
1396 1286 1470 1312 κα-

195 1340 394 1390 λέσαντες
423 1339 555 1393 φίλον
584 1339 930 1393 προσεκτὲωντο,
960 1339 1080 1382 πίστι
1104 1354 1149 1383 τε
1173 1337 1380 1396 λαβόντες
1398 1339 1473 1382 καὶ

140 1512 320 1562 scriptura
347 1514 460 1550 orat10
481 1527 554 1550 non
578 1515 678 1557 satis>
693 1513 804 1564 plena

137 1569 306 1615 videtur,
345 1571 483 1620 quippe
504 1571 680 1607 infinitivo
701 1571 803 1607 verbi

137 1626 323 1662 cuiusdam
377 1627 572 1665 deficiente
625 1628 674 1664 ad
719 1626 800 1664 illa:

138 1676 224 1720 ἄλλ’
254 1678 396 1729 ἰόντας.

317 1740 423 1787 Cap.
454 1739 621 1776 LXXIV.

193 1792 320 1846 πρός
367 1791 399 1834 δ’
444 1795 511 1835 ἔτι
534 1825 545 1843 ,
603 1791 718 1835 ἐόντα
758 1794 801 1834 ἐν

138 1851 254 1904 αἴνῃ
311 1851 552 1906 μεγίστῃ]
633 1853 800 1890 Celerem

137 1909 311 1944 orationis
333 1910 525 1945 transitum
546 1921 568 1945 a
588 1909 698 1946 verbo
717 1909 800 1945 fini-

138 1968 175 2000 to
206 1959 295 2013 (ὅτι
326 1978 365 2002 τε
397 1961 620 2003 ἐπεπόνθεε
653 1988 703 1992 —
732 1964 800 2003 καὶ

138 2015 238 2058 διότι
261 2016 526 2070 -ἠπίστατο
554 2042 610 2048 —-
635 2017 735 2071 πρὸς
766 2017 798 2060 δ’

137 2075 213 2123 ἔτι,
245 2072 384 2125 ἐόντα)
418 2078 454 2114 in
481 2078 708 2127 participium
732 2078 798 2114 ob-

137 2133 294 2169 servavit
314 2133 450 2171 Matth.
474 2135 539 2170 Gr.
562 2134 627 2170 Gr.
653 2131 798 2183 §.631,

135 2188 161 2229 4
183 2203 219 2238 p.
243 2191 369 2237 1300,
400 2197 439 2226 ut
459 2191 604 2227 minime
627 2203 718 2240 opus
738 2191 798 2236 sit,

134 2258 215 2282 cum
236 2246 380 2294 Steger.
404 2247 563 2284 praefat.
594 2259 680 2296 pag.
712 2246 797 2282 XIV

135 2306 262 2339 contra
298 2304 513 2352 scriptorum
550 2302 722 2339 librorum
756 2303 798 2339 si-

135 2358 217 2395 dem
236 2388 247 2406 ,
295 2360 405 2397 edere
453 2355 549 2408 πρὸς
591 2356 663 2405 δὲ,
712 2355 797 2397 ἅτε

134 2411 258 2453 ἐόντα.
304 2415 410 2453 Solet
429 2422 550 2453 autem
571 2415 711 2453 Noster
732 2429 796 2451 vo-

133 2470 234 2508 culae
254 2469 354 2522 πρός
372 2473 470 2509 haud
487 2486 568 2509 raro
588 2473 639 2509 sic
658 2473 796 2510 addere

134 2528 343 2576 particulam
369 2527 434 2567 ἔτι.
482 2530 581 2575 Ῠίἀ,
603 2542 649 2566 ne
676 2530 794 2578 plura,

134 2582 198 2628 ΙΙΙ,
228 2584 280 2624 65
309 2585 369 2621 fin.
393 2585 480 2634 ibiq.
511 2590 604 2622 nott.
660 2586 794 2622 Similis

134 2639 211 2675 fere
232 2641 402 2678 transitus
424 2655 466 2678 ex
490 2643 600 2679 verbo
628 2642 729 2678 finito
756 2642 794 2678 in

134 2694 312 2732 infinitum
334 2697 397 2744 ΠΙ,
421 2698 495 2739 75:
527 2697 594 2737 καὶ
617 2695 666 2749 δή
690 2697 794 2749 ἔλεγε

134 2747 201 2788 τὸν
233 2748 324 2801 μὲν,
365 2751 417 2799 ὥς
449 2776 505 2781 -
536 2750 794 2801 ᾰποκτείνειε,

133 2803 229 2852 τούς
266 2803 438 2857 [Πάγους
476 2808 517 2849 δὲ
555 2807 792 2861 βασιλεύειν.

133 2862 231 2900 Add.
251 2863 313 2911 III,
333 2865 397 2905 87.
420 2887 474 2893 -—
493 2866 731 2906 Locutionem
751 2866 794 2907 ἐν

862 1513 956 1569 αἴνῃ
996 1514 1156 1569 μεγίστῃ
1201 1510 1304 1554 εἶναι
1346 1513 1528 1561 (omnium

861 1572 1030 1609 laudibus
1045 1572 1160 1622 ferri,
1190 1574 1343 1608 maximo
1362 1573 1400 1606 in
1420 1571 1526 1607 hono-

860 1641 896 1665 re
917 1630 1006 1675 esse)
1028 1629 1219 1666 illustravit
1237 1627 1457 1675 wesseling.
1470 1627 1525 1663 his

858 1684 968 1723 locis:
994 1685 1092 1732 VIII,
1114 1687 1206 1726 112.
1250 1683 1393 1722 Arrian.
1415 1683 1524 1721 Indd.

859 1744 925 1782 27.
975 1741 1074 1778 Add.
1105 1741 1170 1788 IX,
1205 1743 1267 1781 16.
1327 1740 1526 1777 Caeterum

859 1810 954 1846 quae
982 1799 1016 1835 h.
1037 1797 1059 1835 l.
1092 1798 1139 1835 de
1163 1797 1347 1846 Prexaspe
1373 1809 1526 1833 narran-

858 1860 936 1901 tur,
976 1855 1107 1892 eodem
1136 1854 1323 1903 pertinere
1347 1853 1526 1903 suspicor,

858 1924 930 1959 quo
952 1911 1104 1948 Ctesiae
1131 1915 1281 1946 narrata
1312 1909 1523 1959 (Excerptt.

856 1966 977 2003 Perss.
997 1965 1124 2017 §.13)
1148 1967 1195 2004 de
1215 1966 1390 2012 habam,
1419 1966 1483 2014 qui
1503 1978 1524 2002 e

854 2022 1007 2060 Perside
1029 2024 1202 2068 veniens,
1233 2023 1331 2059 omni
1352 2022 1523 2059 exercitui

855 2091 930 2115 rem
953 2078 1122 2127 vulgasse
1145 2083 1181 2115 et
1200 2079 1370 2115 conviciis
1388 2079 1424 2114 in
1444 2090 1523 2114 ma-

855 2148 941 2182 gum
963 2135 1151 2181 coniectis,
1182 2135 1219 2171 in
1242 2134 1416 2184 templum
1434 2146 1522 2170 con-

855 2191 993 2239 fugisse
1013 2192 1162 2238 dicitur,
1201 2191 1299 2228 unde
1318 2195 1522 2241 protractus

854 2248 974 2298 periit.

911 2304 1020 2342 πίστι
1053 2318 1094 2342 τε
1130 2298 1321 2354 λαβόντες
1355 2301 1423 2341 καὶ
1456 2299 1520 2354 ὅρ-

855 2358 993 2410 κιύισι]
1016 2360 1037 2396 ἰ.
1052 2373 1084 2397 e.
1098 2361 1177 2410 fide
1188 2360 1277 2396 (lata
1297 2361 1517 2396 etiuramen-

855 2419 902 2452 tis
917 2430 991 2453 eum
1005 2417 1273 2465 obstringentes,
1284 2416 1393 2467 plane
1404 2422 1443 2453 ut
1454 2416 1519 2462 IX,

856 2476 958 2514 106:
998 2473 1107 2512 πίστι
1136 2469 1423 2524 καταλαβόντες
1451 2471 1519 2511 καὶ

854 2528 1020 2580 ὁρκίοισι
1068 2533 1105 2567 et
1144 2531 1244 2580 apud
1280 2530 1435 2580 Procop.
1472 2529 1517 2566 B.

854 2587 966 2623 Goth.
988 2587 1016 2633 1,
1041 2590 1104 2626 11.
1141 2587 1237 2623 Hist.
1258 2586 1342 2623 Arc.
1361 2589 1401 2626 2.
1441 2585 1518 2622 Zo-

852 2644 930 2680 sim.
949 2642 1012 2690 IV,
1030 2645 1097 2683 26.
1131 2643 1238 2686 Quae
1260 2647 1346 2693 apte
1365 2641 1519 2693 protulit

851 2699 1076 2748 wesseling.
1113 2704 1241 2736 contra
1276 2699 1518 2743 Gronovium,

851 2756 906 2793 cui
936 2755 1124 2806 placuerat
1159 2755 1308 2805 πίστις
1340 2755 1516 2805 quemad-

850 2812 1000 2849 modum
1020 2812 1212 2849 Mediceus
1238 2812 1331 2848 liber
1357 2811 1516 2856 exhibet,

851 2868 908 2905 cui
927 2867 1179 2907 Florentinum
1203 2881 1350 2918 quoque
1370 2871 1407 2904 et
1425 2867 1516 2904 duos

1531 749 1610 782 Qum
1643 750 1809 786 Prexaspes

1531 783 1632 818 Magis
1655 786 1808 819 postulan-

1534 818 1614 845 tibus
1632 819 1791 854 receperit.

721 845 844 884 Τοῖσι
875 840 1074 895 [Μάγοισι
1110 841 1226 893 ἔδοξε
1258 845 1476 897 βουλευο-
1534 857 1618 897 235
