1904 3304
450 258 533 298 292

846 253 1321 292 HERODOTI

450 363 573 417 κλέα,
609 362 683 407 καὶ
711 362 789 406 τὸν
821 365 1018 418 ζωστῆρα
1049 362 1340 417 προδέξαντα,
1371 364 1651 416 παραδοῦναι
1670 362 1719 405 τό
1733 369 1775 402 50

452 436 583 489 τόξον
622 451 667 478 τε
705 433 778 477 καὶ
817 432 895 476 τὸν
935 435 1154 488 ζωστῆρα,
1202 434 1352 489 ἔχοντα
1383 433 1449 476 ἐπ’
1483 433 1615 489 ἄκρης
1646 437 1720 488 τῆς

455 509 678 562 συμβολῆς
708 504 870 560 φιάλην
908 504 1122 560 χρυσέην·
1171 506 1350 548 διδόντα
1389 505 1456 555 δὲ,
1499 503 1715 548 ἀπαλλάσ-

425 582 630 622 Ξσεσθαι.
688 574 769 632 τήν
809 573 874 626 δ’,
921 575 1011 619 ἐπεί
1054 577 1098 619 οἱ
1132 576 1400 631 γενομένους
1428 574 1532 626 τούς
1560 577 1719 625 παῖδας

454 647 764 703 ἀνδρωθῆναι,
795 650 925 690 τοῦτο
955 645 1035 701 μέν
1067 657 1146 702 σφι
1178 646 1403 702 οὐνόματα
1432 646 1611 689 θέσθαι·
1659 649 1776 703 τῷδε’)

454 720 556 775 μὲν,
594 716 893 774 Ἀγάθυρσον,
934 715 1102 761 αὐτῶν·
1150 722 1210 776 τῷ
1241 717 1284 762 δ’
1316 718 1531 777 ἑπομένῳ,
1577 721 1718 760 Γελω-

455 788 556 833 νόν·
603 787 793 844 Σκύθην
825 789 892 840 δὲ,
924 792 985 845 τῷ
1015 788 1239 846 νεωτάτῳ·
1271 793 1401 832 τοῦτο
1433 789 1501 840 δὲ,
1531 790 1604 843 τῆς
1634 787 1720 830 ἐπι-

456 863 614 917 στολῆς
643 859 917 915 μεμνημένην
948 859 1107 916 αὕτὴν,
1138 864 1318 916 ποιῆσαι
1347 859 1398 902 τά
1430 858 1720 913 ἐντεταλμένα.

428 932 533 976 3καὶ
564 931 616 987 δὴ
646 930 728 974 δύο
759 931 839 986 μέν
869 932 913 974 οἰ
940 934 1028 974 τῶν
1051 933 1239 983 παίδων,
1271 930 1349 974 τόν
1377 947 1421 974 τε
1449 929 1722 985 Ἀγάθυρσον

456 1004 529 1047 καὶ
558 1002 635 1046 τὸν
666 1000 891 1052 Γελωνόν,
940 1000 1023 1045 οὐκ
1055 1004 1179 1053 οἴους
1218 1018 1260 1044 τε
1298 1001 1563 1057 γενομένους
1591 1000 1721 1053 ἐξικέ-

458 1079 578 1118 σθαι-
607 1072 721 1126 πρός
767 1071 844 1115 τὸν
886 1075 1175 1129 προκείμενον
1213 1072 1396 1121 ἄεθλον,
1442 1074 1636 1127 οἴχεσθαι
1677 1072 1779 1114 ἐκθθ

457 1147 532 1199 τῆς
560 1141 724 1199 χώρης,
765 1143 1050 1198 ἐκβληθέντας
1088 1143 1174 1188 ὑπὸ
1214 1148 1290 1199 τῆς
1322 1143 1595 1199 γειναμένης·
1646 1142 1723 1187 τόν

459 1215 506 1258 δὲ
541 1213 758 1257 νεώτατον
795 1214 944 1257 αὐτῶν
981 1215 1189 1270 Σκύθην,
1235 1215 1554 1264 ἐπιτελέσαντα,
1597 1231 1722 1257 κατα-

431 1289 608 1340 4μεῑναι
655 1285 703 1328 έν
751 1289 803 1342 τῇ
850 1283 983 1341 χώρῃ.

402 1479 478 1527 se),
509 1477 814 1527 quemadmodum
843 1478 980 1514 dudum
996 1490 1061 1514 vo-

402 1535 519 1572 luerat
547 1533 764 1582 Wesseling.
803 1536 992 1572 conferens
1036 1535 1064 1580 1,

403 1593 470 1631 60.
498 1590 571 1626 Pro
592 1586 663 1628 τόν
685 1591 862 1642 ζωστῆρα
880 1591 1063 1628 Sancrofti

402 1646 496 1683 liber
516 1646 627 1683 offert
656 1649 711 1699 τῷ
733 1647 919 1698 ζωστῆρι,
964 1647 1065 1695 quod

403 1704 559 1741 Porson.
579 1702 753 1740 Adverss.
774 1716 859 1752 pag.
881 1701 959 1744 164
981 1716 1062 1740 cum

403 1758 575 1810 Sophocl.
615 1758 711 1796 Oed.
744 1759 792 1796 T.
834 1760 916 1800 456
957 1760 1065 1805 (ubiz

404 1811 593 1867 σκήπτρῳ
623 1812 883 1867 προδεικνύς)
918 1828 1066 1866 compa-

400 1876 467 1909 rat.
527 1871 576 1908 At
595 1871 697 1909 huius
718 1872 786 1909 loci
807 1872 898 1921 alia,
922 1873 1064 1923 opinor,

401 1929 507 1966 ratio.

459 1983 597 2034 ἔχοντα
626 1978 692 2022 ἐπ’
722 1980 847 2035 ι’ίκρης
873 1986 944 2035 τῆς
967 1996 1062 2035 συμ-

405 2040 530 2092 βολῆς
553 2036 703 2090 φιάλην
725 2040 909 2091 χρυσέην]
941 2041 1063 2090 Vulgo

405 2097 456 2134 sic
475 2098 784 2147 interpretantur:
823 2098 950 2148 „quod
970 2096 1065 2148 (ein-

406 2153 560 2203 gulum)
584 2155 623 2189 in
651 2157 806 2191 etz-trema
842 2156 1066 2191 commissura

408 2222 552 2247 auream
579 2210 705 2246 habuit
727 2211 914 2261 phz'alam3
971 2224 1067 2260 quae

408 2267 476 2302 sibi
500 2266 596 2302 haud
627 2265 765 2315 liquere
790 2269 841 2305 ait
860 2268 1065 2316 Schweigh.

405 2321 442 2358 in
472 2321 559 2358 Lex.
582 2323 721 2360 Herod.
760 2324 863 2360 Valla
889 2326 1066 2374 ζωστῆρα

404 2377 581 2415 intellexit
613 2378 786 2422 balteum‚·
827 2393 934 2429 quem
963 2393 1066 2417 secu-

408 2438 466 2470 tus
496 2432 696 2471 Larcherus
724 2435 864 2473 Gallice
891 2436 979 2473 haec
1013 2437 1065 2473 ita

408 2491 607 2540 expressit:
650 2492 707 2535 „a
732 2492 752 2527 l'
764 2493 932 2539 endroit,
963 2493 1010 2528 οὺ
1031 2492 1064 2530 le

408 2545 582 2583 baudrier
626 2546 864 2594 s’attaehoit,
912 2549 1064 2598 pendoit

408 2614 479 2639 une
497 2614 612 2652 coupe
633 2603 764 2640 d'or.“
794 2604 975 2653 Equidem
987 2618 1064 2641 ma-

406 2657 468 2694 lim
493 2655 696 2708 συμβολήν
726 2661 888 2709 accipere
915 2662 962 2697 de
988 2663 1063 2698 cin-

406 2714 490 2762 guli
528 2714 696 2751 claustris
735 2716 862 2763 (Nosz
908 2716 1062 2763 Schloss,

406 2771 707 2820 Giirtelscleloss),
735 2773 865 2821 quibus
884 2786 1061 2823 suspensa

405 2827 481 2863 sive
502 2839 643 2865 annexa
668 2829 774 2866 suerit
793 2828 936 2879 phiala,
979 2842 1061 2866 eum

403 2883 480 2920 sere
506 2883 542 2920 in
571 2885 742 2931 modum,
793 2897 866 2934 quo
901 2886 1060 2922 reddidit

1053 1286 1125 1329 καὶ
1166 1283 1251 1329 α’πὸ
1291 1284 1371 1339 μὲν
1410 1283 1601 1328 Σκύθεω
1642 1288 1724 1329 τοῦ

1120 1476 1239 1522 Miot,
1286 1476 1377 1514 alter
1408 1476 1536 1514 Gallus
1580 1478 1780 1528 interpres:

1121 1534 1195 1581 „la
1217 1535 1371 1570 ceinture
1387 1536 1522 1583 portuz't
1547 1535 1569 1570 ιὶ
1592 1534 1616 1570 l'
1629 1535 1781 1579 endroit,

1121 1591 1164 1626 οῖι
1213 1590 1276 1626 elle
1322 1591 1534 1640 s’agrusm't
1572 1604 1621 1626 un
1655 1592 1782 1640 flacon

1124 1646 1258 1691 ‹l'or‚“
1296 1652 1406 1695 atque
1437 1647 1544 1683 ltalus
1577 1647 1782 1696 interpres:

1124 1733 1148 1750 ‚‚
1158 1703 1186 1739 il
1210 1703 1515 1752 qu(1Ie(cingolo)
1538 1703 1601 1739 all’
1627 1704 1780 1740 estremi-

1123 1761 1161 1795 111
1181 1759 1236 1795 del
1249 1759 1450 1809 sormuglz'o
1473 1772 1582 1796 αυευα
1599 1759 1782 1810 uua-fiala

1124 1816 1269 1853 ‹l’orof‘
1316 1817 1363 1853 Et
1385 1817 1477 1853 hanc
1498 1817 1781 1867 interpretatio-

1122 1885 1227 1918 nem,
1271 1872 1464 1909 vernaculo
1490 1885 1636 1922 quoque
1665 1874 1780 1910 inter-

1120 1930 1215 1980 preti
1244 1930 1460 1979 probatam,
1490 1929 1704 1966 confirmare
1729 1929 1781 1965 vi-

1123 1986 1279 2032 dentur,
1318 1998 1412 2034 quae
1432 1987 1526 2022 infra
1544 1985 1714 2035 leguntur
1734 1985 1782 2022 de

1122 2042 1265 2090 Scythis
1288 2043 1484 2079 etiamnum
1506 2042 1644 2092 phialas
1663 2055 1684 2079 e
1706 2042 1781 2078 ein-

1123 2098 1209 2148 gulo
1233 2111 1429 2148 suspensas
1457 2099 1694 2148 gestantibus.

1181 2156 1251 2205 τῆς
1273 2154 1484 2206 ἐπιστολῆς
1507 2152 1776 2206 μεμνημένην]

1125 2208 1310 2260 ἐπιστολὴ
1342 2213 1475 2249 dicitur
1492 2211 1721 2256 mandatum,
1750 2223 1778 2247 s.

1126 2268 1300 2317 quidquid
1322 2270 1537 2316 iniungitur.
1584 2267 1693 2304 cons.
1720 2266 1779 2313 Vl,

1124 2325 1179 2365 50
1202 2330 1239 2362 et
1257 2324 1460 2360 Blomfield.
1487 2325 1523 2359 in
1546 2322 1708 2360 Glossar.
1731 2323 1778 2359 ad

1123 2379 1289 2428 Aeschyl.
1320 2380 1505 2417 Prometh.
1538 2381 1575 2419 3.
1625 2379 1777 2425 Moneo,

1123 2450 1169 2474 ne
1214 2437 1296 2484 quis
1333 2435 1524 2473 lectionem
1568 2449 1663 2472 nunc
1702 2436 1778 2473 iure

1121 2492 1358 2543 proscriptam
1382 2491 1564 2542 ἕπιτολῆς
1577 2493 1669 2529 tueri
1681 2491 1778 2529 velit.

1180 2544 1255 2586 οὐκ
1298 2548 1409 2594 οἴους
1457 2563 1497 2586 τε
1541 2546 1778 2599 γενομένους

1121 2602 1322 2652 ἐξικέσθαι
1353 2601 1452 2655 πρὸς
1474 2601 1543 2643 τὸν
1572 2605 1778 2657 προκείμε-

1121 2675 1194 2699 νον
1218 2657 1382 2710 ἄεθλον]
1415 2662 1436 2697 i.
1457 2674 1487 2698 e.
1508 2674 1584 2698 cum
1597 2662 1778 2713 proposito

1120 2719 1302 2754 certamini
1318 2721 1429 2753 essent
1446 2719 1605 2767 impares.
1638 2719 1679 2754 In
1693 2730 1774 2766 sqq.

1119 2787 1198 2810 cuin
1233 2774 1348 2809 Gaisf.
1389 2779 1425 2811 et
1468 2774 1601 2812 Matth.
1651 2774 1774 2824 scripsi

1119 2825 1252 2867 αὐτῶν
1271 2843 1336 2879 pro
1362 2825 1512 2869 αὐτέων
1534 2836 1569 2868 et
1592 2829 1775 2882 βασιλέας

1116 2898 1182 2935 pro
1211 2886 1414 2936 βασιλῆας.

1783 510 1864 552 285
