1904 3304
376 228 461 269 362

795 230 1268 270 HERODOTI

376 337 616 382 διεκπλὲειν
647 338 727 389 ἕως
756 339 799 390 ἐς
827 337 908 395 τὴν
937 342 1122 396 βορηΐην
1149 338 1403 394 θάλασσαν,
1433 343 1506 385 καὶ
1531 341 1647 386 οὕτω

349 409 424 460 ὅές
457 411 684 465 Αἴγυπτον
714 409 1010 453 ἀπικνέεσθαι.
1055 410 1349 467 Ὁρμηθέντες
1377 407 1440 456 ὧν
1469 416 1512 457 οἱ
1543 415 1645 457 Φοί-

375 496 492 531 νικες
523 481 569 523 ἐκ
601 485 674 536 τῆς
699 480 916 537 Ἐρυθρῆς
944 482 1192 539 θαλάσσης,
1223 483 1377 526 ἔπλεον
1396 484 1474 539 τήν
1495 487 1646 541 νοτίην

347 559 368 591 6
377 550 619 594 θάλασσαν.
661 550 774 602 ὅκως
794 552 840 595 δὲ
859 554 1026 608 γίνοιτο
1048 552 1360 609 φθινόπωρον,
1392 558 1702 611 προσίσχον-ὅό

373 638 441 673 τες
471 622 527 665 ἂν
557 623 813 676 σπείρεσκον
843 624 922 681 τήν
959 629 1066 682 γῆν,
1109 628 1183 668 ἴνα
1223 624 1425 668 ἑκάστοτε
1462 631 1538 682 τῆς
1568 632 1644 670 Λι-

317 778 500 815 neminem
532 778 635 827 fugit.
696 778 805 815 Conf.
827 778 980 818 Rennel,

320 847 406 885 pag.
437 836 518 874 693
545 848 649 884 seqq.
689 835 802 872 Koes.
830 836 866 872 in
894 836 982 872 scri-

320 891 447 940 ptione
472 891 664 941 peculiari,
707 904 816 940 quam
845 892 881 928 in
908 892 981 928 Ex-

319 959 424 984 cursu
452 949 501 984 ad
526 948 560 984 h.
587 948 607 984 l.
642 948 850 997 citavimus,
893 961 979 999 pag.

323 1006 374 1044 16
396 1017 500 1053 seqq.
521 1004 598 1041 coll.
616 1017 701 1054 pag.
725 1006 749 1045 8
770 1018 847 1054 seq.

376 1059 449 1107 ἕως
469 1060 507 1106 ἐς
533 1058 605 1110 τήν
630 1061 804 1112 βορηΐην
827 1057 981 1099 θάλασ-

317 1116 413 1167 σαν]
474 1115 780 1154 Mediterraneum
828 1117 979 1167 intelligi

316 1186 436 1219 marc,
467 1175 538 1210 iam
556 1186 666 1224 supra
689 1174 905 1211 monuimus.

370 1228 634 1280 Ὁρμηθέντες
648 1224 706 1268 ὦν
729 1229 770 1269 οἵ
793 1231 979 1276 Φοίνικες

314 1285 358 1325 ἐκ
400 1289 472 1337 τῆς
505 1282 707 1337 Ἐρυθρῆς
754 1282 978 1336 θαλάσσης,

316 1341 456 1381 ἔπλεον
484 1339 557 1393 τήν
589 1343 729 1393 νοτίην
748 1338 975 1393 θάλασσαν]

313 1396 391 1450 τήν
428 1395 632 1450 Ἐρυθρὴν
676 1394 889 1438 θάλασσαν
930 1401 977 1437 de

313 1459 395 1493 sinu
415 1456 568 1493 Arabico
598 1456 893 1505 intelligendum,
919 1457 978 1493 vix

313 1526 463 1550 monere
484 1527 588 1563 opus.
635 1510 720 1563 Τὴν
740 1514 877 1562 νοτίην
900 1510 976 1550 θά-

313 1573 463 1608 λασσαν
492 1571 530 1606 id
549 1573 657 1606 vocat
683 1582 783 1607 mare
804 1569 977 1607 Herodo-

313 1631 391 1672 tus,
440 1627 540 1674 quod
575 1638 598 1662 a
637 1626 788 1663 meridie
817 1625 975 1662 Africam

313 1684 562 1720 circumfluere
584 1682 709 1732 incipit
741 1683 787 1719 ab
817 1695 861 1719 eo
890 1683 975 1719 inde

314 1739 405 1785 loco,
429 1739 490 1775 ubi
513 1739 660 1775 rubrum
681 1752 793 1785 mare,
813 1739 858 1775 ab
875 1739 977 1775 lndia

312 1801 525 1842 extensum,
563 1795 707 1833 Africae
733 1808 832 1831 oram
855 1796 976 1832 orien-

313 1852 425 1889 talem
459 1852 569 1888 alluit.
617 1852 676 1888 Cf.
704 1851 858 1889 Rennel.
887 1865 973 1902 pag.

311 1909 406 1950 462.
437 1907 569 1957 Neque
590 1908 776 1958 propriam
791 1908 880 1944 mari
901 1908 975 1944 cui-

310 1966 395 2002 dam
423 1964 516 2001 hanc
544 1965 659 2001 videri
689 1964 972 2014 appellationem

309 2034 419 2072 supra
440 2021 510 2058 iam
530 2022 734 2058 monuimus
757 2022 803 2058 ad
827 2020 887 2066 1V,
906 2023 971 2067 13,

309 2079 376 2115 sed
401 2090 607 2127 cognomen
638 2078 759 2127 potius
779 2077 922 2115 videtur
949 2090 971 2114 a

308 2135 382 2172 situ
404 2134 552 2171 australi
573 2135 750 2185 petitum3
782 2135 832 2171 ita
847 2139 886 2171 ut
903 2134 971 2171 hoc

308 2204 456 2240 quoque
498 2191 578 2228 loco
622 2190 820 2229 australem
861 2191 970 2227 maris

308 2248 405 2284 rubri
436 2252 577 2297 partem
611 2248 731 2284 vocari
768 2251 969 2284 statuamus

308 2316 404 2340 mare
422 2304 594 2350 australe,
625 2316 699 2340 non
718 2303 822 2341 aliter
838 2304 914 2341 fere
927 2316 970 2340 ac

309 2360 338 2396 si
378 2360 592 2397 Herodotus
629 2360 781 2397 dixisset
830 2359 970 2398 ἔπλεον

309 2413 410 2467 πρὸς
433 2413 564 2455 νότον.
613 2415 698 2452 Vid.
716 2416 882 2464 Breiger.
902 2418 924 2452 l.
946 2415 968 2452 l.

308 2486 397 2523 pag.
420 2475 480 2512 10.
533 2473 616 2516 Quo
643 2473 759 2508 minus
779 2473 968 2509 audiamus

307 2529 576 2575 Gosselinium,
606 2528 793 2565 Oceanum
811 2542 893 2566 eum
913 2529 970 2566 hic

307 2586 458 2623 indicari
477 2585 716 2622 arbitrantein
729 2614 742 2631 ,
784 2586 846 2634 qui
868 2598 968 2622 oram

307 2641 451 2680 Africae
480 2640 694 2679 orientalem
725 2654 768 2678 ac
797 2642 969 2679 meridio-

306 2698 426 2736 nalem
460 2698 595 2743 alluat3
643 2698 741 2735 unde
776 2698 968 2735 Herodoto

308 2755 510 2793 innotuisse
538 2767 639 2792 mare
667 2752 889 2791 Atlanticum
912 2759 970 2791 at-

309 2825 381 2862 que
411 2813 556 2848 rubrum
594 2811 661 2848 sibi
692 2812 850 2848 iunctum
871 2810 968 2848 Asri-

309 2881 461 2919 eamque
502 2868 556 2905 his
596 2868 756 2906 maribus
800 2868 964 2906 cinctam.

1039 778 1097 816 Cf.
1130 778 1284 817 Dureau
1325 779 1372 817 de
1416 779 1451 816 la
1484 778 1594 817 Malle
1623 779 1642 816 l.
1676 779 1697 817 l.

1037 849 1122 886 pag.
1154 838 1220 877 69.

1096 889 1202 938 ὅκως
1235 888 1277 930 δὲ
1307 891 1456 943 γίνοιτο
1492 886 1701 939 φθινόπω-

1039 948 1127 999 ρον]
1160 949 1297 985 insistit
1314 950 1349 985 in
1369 950 1535 985 autumni
1548 948 1701 985 notione

1038 1004 1279 1051 Gosselinius,
1295 1006 1432 1054 quippe
1444 1005 1542 1041 uude
1554 1017 1699 1041 omnem

1037 1063 1283 1099 narrationem
1297 1063 1344 1098 de
1354 1061 1595 1098 Phoenicibus
1607 1061 1701 1097 Afri-

1036 1130 1114 1154 cam
1154 1119 1402 1155 circumvectis
1440 1117 1569 1154 falsam
1617 1130 1699 1155 esse

1036 1175 1311 1210 commonstrari
1350 1179 1482 1223 queat3
1526 1187 1606 1211 cum
1646 1187 1698 1210 se-

1032 1231 1202 1280 ptembris
1234 1232 1364 1267 mensis
1397 1231 1578 1267 indicetur
1606 1233 1699 1267 tem-

1035 1300 1115 1336 pus.
1175 1287 1315 1323 Contra
1346 1299 1455 1336 quem
1489 1291 1588 1324 recte
1620 1299 1699 1323 mo-

1035 1348 1149 1391 nent,
1189 1344 1351 1379 autumni
1383 1342 1596 1380 vocabulum
1623 1355 1697 1379 non

1034 1400 1083 1436 ad
1133 1405 1269 1437 certum
1323 1400 1460 1437 debere
1517 1399 1698 1448 adstringi

1033 1468 1196 1493 mensem
1219 1462 1437 1505 tempusque
1466 1456 1597 1502 fixum,
1628 1456 1695 1493 sed

1034 1513 1084 1549 ad
1112 1512 1200 1548 illud
1229 1513 1377 1549 omniuo
1409 1518 1575 1561 tempus,
1622 1524 1696 1561 quo

1034 1581 1100 1605 sua
1129 1569 1284 1618 quisque
1324 1569 1360 1605 in
1399 1574 1496 1605 terra
1532 1573 1696 1605 maturos

1033 1625 1213 1675 percipiat
1246 1626 1393 1662 fructus.
1455 1625 1567 1668 Quod
1598 1624 1695 1661 aliud

1035 1682 1186 1719 Graecis
1216 1681 1555 1730 Phoenicibusque,
1596 1680 1696 1718 aliud

1032 1737 1247 1787 Aegyptiis,
1278 1738 1375 1774 aliud
1399 1750 1484 1774 orae
1500 1738 1695 1775 Africanae

1033 1794 1158 1831 incolis
1183 1807 1284 1840 esse,
1316 1799 1445 1843 sponte
1467 1794 1692 1842 intelligitur.

1032 1851 1140 1888 Plura
1158 1851 1272 1888 Koes.
1298 1850 1319 1889 l.
1344 1850 1367 1887 l.
1389 1863 1475 1900 pag.
1498 1853 1561 1892 19.
1583 1854 1648 1892 20.

1088 1908 1369 1958 προσίσχοντες
1383 1905 1432 1945 ἂν
1445 1905 1692 1957 σπείρεσκον]

1031 1963 1126 2000 Cum
1153 1964 1360 2013 Schweigh.
1395 1969 1431 2002 et
1458 1964 1577 2001 Gaisf.
1607 1964 1694 2001 dedi

1029 2020 1310 2072 προσίσχοντες
1340 2033 1408 2070 pro
1438 2016 1693 2072 προσχόντες,

1029 2077 1191 2127 itemque
1224 2090 1307 2114 mox
1335 2078 1511 2128 γινοίατο
1541 2090 1608 2128 pro
1631 2091 1692 2129 γε-

1029 2134 1178 2172 νοίατο.
1220 2134 1260 2171 ln
1284 2134 1432 2183 vulgata
1450 2134 1606 2172 lectione
1629 2146 1691 2170 ac·

1028 2191 1164 2240 quievit
1187 2191 1377 2228 Matthiae.
1427 2190 1534 2227 Valet
1551 2190 1688 2240 προσί-

1030 2259 1136 2296 σχειν
1155 2247 1342 2297 appellere,
1373 2252 1411 2283 ut
1433 2248 1495 2293 IV,
1514 2248 1579 2286 76.
1598 2244 1687 2293 157.

1029 2304 1098 2352 Vl,
1131 2306 1196 2344 99·
1240 2306 1330 2344 119-
1392 2303 1449 2340 Ad
1485 2302 1599 2340 verba
1637 2297 1689 2340 ἂν

1029 2361 1264 2411 σπείρεσκον
1290 2359 1384 2396 conf.
1415 2359 1486 2404 111,
1518 2360 1596 2398 119
1619 2359 1689 2395 ibi-

1027 2429 1099 2465 que
1121 2422 1215 2453 nott.
1239 2416 1299 2461 lV,
1330 2417 1395 2456 78.
1445 2415 1535 2452 Mox
1560 2415 1687 2465 scripsi

1028 2470 1181 2523 ἄμητον
1195 2472 1280 2523 (pro
1299 2466 1486 2521 οἷμητόν);
1508 2472 1687 2510 vid.n0tt.

1025 2531 1074 2567 ad
1086 2530 1131 2576 ll,
1148 2528 1212 2576 14,
1229 2529 1289 2565 ubi
1305 2541 1372 2578 pro
1392 2527 1453 2574 lV,
1478 2532 1498 2568 1
1512 2530 1537 2567 8
1559 2527 1687 2577 legen-

1026 2587 1111 2622 dum
1128 2586 1189 2632 lv,
1207 2583 1232 2623 4
1245 2587 1282 2624 2.
1311 2585 1422 2628 Quod
1434 2585 1481 2621 ad
1492 2597 1686 2634 argumen-

1025 2647 1102 2679 tum
1141 2642 1292 2687 attinet,
1336 2640 1426 2678 salso
1456 2641 1547 2679 haec
1588 2641 1685 2678 tradi

1024 2699 1214 2736 contendit
1233 2698 1415 2735 Gosselin.
1446 2697 1467 2734 l.
1495 2697 1516 2734 l.
1545 2711 1580 2748 p.
1601 2697 1683 2738 349

1025 2768 1101 2804 seq.
1116 2784 1127 2801 ,
1168 2767 1249 2791 cum
1276 2768 1298 2791 a
1318 2754 1558 2792 Phoenicibus
1583 2754 1684 2792 loco-

1023 2824 1100 2848 rum
1122 2810 1262 2847 illorum
1283 2811 1469 2860 ipsiusque
1494 2810 1561 2847 soli
1578 2811 1681 2860 igna-

1023 2868 1070 2905 ris
1091 2868 1237 2905 minime
1255 2867 1334 2905 talis
1354 2881 1461 2917 seges
1481 2868 1682 2917 messisque
