1904 3304
86 306 318 338 mundissimum

87 341 193 367 leaena
205 361 214 375 ‚
237 340 363 369 sterilis-

87 375 205 403 simum.

420 188 504 229 198

364 451 546 490 Phalarid.
565 451 682 503 Epist.
705 462 791 500 pag.
817 448 895 489 148
916 462 937 487 a
960 449 1024 488 Cr.

366 509 554 546 laudatus:
585 532 637 537 --
675 507 710 545 εἰ
749 522 802 556 μη
841 507 1027 558 γίνεσθαι

365 560 454 604 κατ’
480 562 644 610 αὐτους,
675 558 759 602 οἷόν
785 578 822 602 τι
847 562 915 602 καὶ
935 566 1027 618 τῆσι

367 621 544 676 ἔχίδνησι
575 615 806 671 ἠπιστάμην
841 619 1028 671 γίνεσθαι

366 680 521 725 κακῶς,
567 678 642 716 τοῦ
678 676 796 715 θείου
838 676 1027 748 πρσνοίῃ,

367 731 499 785 ὥσπεο
529 749 596 772 και
627 729 733 779 οἰκός
764 731 865 780 ἔστι,
904 729 1024 788 ἐούσῃ

366 793 477 844 σοφῇ
497 805 533 828 κ.
554 805 588 829 τ.
611 793 644 828 λ.
691 790 798 833 Quae
820 803 901 828 cum
923 791 1028 827 nimis

367 848 543 885 recedant
582 860 604 884 a
645 846 811 883 codicum
849 848 1027 897 vestigiis,

365 907 533 955 praestat
564 915 643 941 eam
683 904 787 951 sequi
824 903 1030 951 lectionem,

371 974 480 1010 quarn
507 960 625 997 Gaisf.
649 959 821 996 exhibuit.

429 1016 600 1062 Καίκως
611 1017 684 1054 τοῦ
696 1015 813 1054 θείου
824 1014 1032 1067 η’προνοῖη

371 1088 405 1111 κ.
434 1088 467 1111 τ.
497 1071 554 1122 L]
595 1072 838 1109 Coniunctum
874 1073 943 1110 hoc
976 1078 1033 1111 est

370 1142 449 1166 cum
469 1129 634 1166 universa
646 1128 772 1166 Nostri
791 1131 973 1167 sententia
985 1131 1033 1167 de

367 1186 515 1222 numine
545 1185 697 1234 eiusque
722 1185 757 1221 vi
788 1186 825 1222 in
849 1188 947 1223 omni
975 1199 1034 1223 re-

368 1254 445 1278 rum
478 1246 622 1278 natura.
695 1241 801 1285 Quae
831 1254 912 1279 cum
950 1241 1031 1279 talis

368 1299 437 1346 sit,
468 1298 566 1335 utin
595 1297 761 1334 omnibus
791 1298 927 1336 iustum
953 1311 1032 1336 mo-

369 1355 456 1391 dum
484 1354 605 1392 valere
632 1354 732 1401 velit,
763 1354 894 1393 iamin
923 1356 1031 1394 rebus

368 1411 534 1448 humanis
550 1411 757 1460 mutuisque
775 1410 962 1449 hominum
975 1425 1035 1449 ra-

369 1468 528 1504 tionibus
566 1467 831 1516 aequabilitate
873 1469 1033 1517 quadam

369 1523 600 1569 continetur,
631 1524 704 1572 qua
731 1536 797 1560 sua
816 1525 948 1573 cuique
968 1525 1034 1561 tri-

370 1580 530 1616 buantur
566 1592 686 1629 neque
713 1580 881 1628 cuiquam
915 1581 1033 1627 liceat,

370 1636 520 1673 modum
550 1636 648 1673 illum
677 1640 742 1672 aut
771 1636 862 1673 fines
891 1638 1033 1687 positos

369 1692 603 1740 transgredi,
633 1691 702 1729 nisi
730 1693 886 1729 numinis
915 1694 1034 1730 vindi-

369 1753 463 1785 ctam
483 1749 520 1784 in
535 1761 575 1785 se
595 1761 792 1798 provocare
807 1749 907 1786 velit.
940 1749 1035 1787 Nam

366 1805 458 1842 deus
478 1805 557 1854 ipse
573 1805 705 1842 vindex
723 1806 829 1853 quasi
852 1811 906 1844 cst
925 1807 1030 1843 huius

368 1874 491 1898 rerum
514 1862 654 1898 ordinis
675 1862 847 1899 divinitus
868 1863 903 1899 in
926 1868 1034 1899 natu-

369 1930 410 1955 ra
431 1918 618 1954 constituti
639 1915 858 1969 (φθονερὸς
880 1916 902 1957 ὁ
925 1915 1031 1966 θεός,

369 1974 444 2010 vid.
473 1978 567 2010 nott.
592 1975 640 2011 ad
661 1975 690 2020 1,
711 1976 776 2015 32.
807 1975 868 2021 lll,
890 1975 964 2025 40)
996 1977 1033 2012 in

371 2043 445 2079 quo
466 2031 588 2067 omnia
612 2031 658 2067 ab
679 2031 780 2067 initio
800 2032 850 2068 ita
871 2037 954 2068 sunt
972 2044 1032 2068 or-

371 2087 517 2134 dinata,
549 2091 586 2123 ut
607 2087 761 2124 invicem
791 2088 858 2124 sibi
883 2101 1036 2138 respon-

372 2144 484 2180 deant
511 2156 707 2192 secumque
745 2146 964 2182 conveniant
992 2157 1035 2182 ac

369 2200 468 2235 iusto
481 2200 728 2237 moderamine
742 2213 780 2237 se
798 2205 926 2237 mutuo
948 2214 1034 2237 con-

370 2260 526 2292 servent.
567 2257 621 2291 lta
642 2269 685 2293 ex
708 2257 890 2293 Herodoti
909 2258 956 2294 de
978 2258 1034 2293 ‹li-

368 2311 457 2347 υίιιιὶ
477 2312 611 2347 natura
631 2314 811 2349 sententia
829 2318 962 2363 sponte
982 2314 1034 2350 al—

370 2374 449 2404 tera
471 2368 629 2404 exoritur
651 2368 853 2415 dederim,
872 2382 967 2417 quae
980 2370 1035 2405 di-

371 2424 732 2472 citur‚providen{i‹z.
804 2425 854 2460 Ut
886 2425 982 2461 enim
1014 2439 1035 2462 a

369 2480 549 2530 principio
599 2481 720 2516 omnia
770 2481 942 2517 divinitus
983 2482 1036 2518 sic

370 2540 495 2573 creata
517 2540 602 2572 sunt
629 2549 670 2573 ac
693 2537 892 2586 disposita,
917 2542 955 2573 ut
978 2538 1034 2574 iu-

370 2597 445 2628 stus
467 2591 526 2628 ille
550 2594 709 2629 onmium
740 2605 857 2629 rerum
881 2594 1036 2656 modus3

372 2654 609 2686 conservetur
628 2662 694 2685 nec
707 2649 935 2697 quidquam
929 2663 964 2685 m
980 2663 1037 2687 re-

374 2717 451 2741 ιιιη]
475 2709 602 2741 natura
624 2705 675 2741 sic
705 2718 725 2740 v
729 2704 846 2751 11«st
874 2710 913 2741 ut
940 2706 1035 2742 illum

373 2761 520 2797 turbare
533 2761 659 2810 possit,
679 2761 729 2797 it1
752 2762 860 2797 etiam
875 2761 1035 2798 divinum

375 2830 508 2855 numen
522 2818 592 2854 toti
618 2823 772 2855 naturae
793 2830 936 2868 semper
952 2831 1037 2868 pro-

817 186 1286 227 HERODOTI

392 296 498 348 Ξτάς
527 295 695 352 ἐχίδνας
723 293 969 352 ἠπιστάμην
991 295 1207 351 γίνεσθαι.
1246 298 1334 341 Καί
1355 313 1442 349 κως
1459 300 1540 340 τοῦ
1562 298 1688 340 θείου

1083 452 1193 501 spicit
1211 456 1323 501 atque
1345 453 1509 500 consulit,
1539 453 1745 503 deprimens

1084 508 1114 544 si
1135 521 1231 557 quae
1251 509 1350 546 illum
1376 511 1524 547 modum
1553 510 1747 556 excedant,

1084 565 1242 613 erigens,
1262 578 1356 614 quae
1369 566 1518 602 inferius
1536 565 1747 614 relinquan-

1084 625 1154 658 tur.
1195 621 1258 658 Tu
1275 622 1370 659 conf.
1392 627 1485 659 nott.
1506 622 1553 658 ad
1579 621 1605 668 l,
1627 624 1682 663 32
1710 626 1747 659 et

1084 678 1224 726 laeger.
1245 678 1280 714 in
1302 678 1462 728 Disputt.
1482 678 1677 715 Herodott.
1707 691 1747 729 p.

1084 733 1139 775 44
1158 747 1236 783 seq.
1275 734 1380 778 Quae
1400 735 1480 784 ipsa
1497 736 1679 772 sententia
1700 736 1748 772 de

1086 792 1208 827 divino
1221 792 1367 828 numine
1379 792 1486 828 rebus
1498 795 1648 828 naturae
1659 804 1748 828 con-

1086 847 1230 885 sulente
1255 860 1298 884 ac
1326 848 1542 897 providente
1572 848 1750 896 quemad-

1087 904 1235 941 modum
1262 903 1558 954 philosophorum
1581 904 1618 940 in
1645 903 1750 940 scho-

1086 960 1128 997 lis
1151 961 1347 1011 postmodo
1366 961 1474 998 fuerit
1493 959 1648 1008 exculta,
1670 959 1752 1010 plu·

1088 1018 1188 1054 ribus
1219 1018 1453 1066 persequitur
1481 1016 1646 1066 Lennep.
1678 1016 1702 1053 l.
1725 1015 1749 1053 l.

1089 1086 1176 1125 pag.
1200 1072 1279 1114 149
1302 1086 1380 1123 seq.
1411 1074 1558 1110 minime
1579 1072 1638 1110 ille
1670 1072 1753 1122 qui-

1090 1130 1176 1167 dem
1204 1141 1343 1178 negans
1370 1150 1426 1157 —
1449 1134 1485 1167 et
1509 1130 1589 1178 quis
1612 1141 1751 1177 quaeso

1089 1199 1227 1235 negare
1238 1185 1375 1235 poterit
1385 1184 1405 1221 ‘3
1426 1209 1477 1214 —-
1496 1185 1602 1222 huius
1614 1186 1751 1222 doctri-

1090 1255 1160 1280 nae
1192 1242 1294 1279 initia
1322 1243 1369 1279 ad
1399 1241 1513 1279 multo
1541 1242 1753 1291 antiquiora

1089 1303 1259 1349 tempora
1295 1298 1499 1349 pertinere,
1547 1310 1658 1347 quam
1702 1298 1753 1335 ad

1089 1355 1294 1401 Platonem,
1325 1355 1386 1404 qui
1406 1355 1542 1405 primus
1559 1355 1654 1392 inter
1671 1354 1754 1405 phi-

1089 1410 1261 1462 losophos
1290 1413 1394 1450 θεοῦ
1427 1407 1644 1462 πρόνοιαν,
1681 1412 1754 1460 qua

1091 1468 1248 1505 mundus
1274 1473 1523 1515 conservetur,
1554 1468 1754 1504 constitue-

1091 1525 1150 1561 rit.
1228 1523 1326 1562 Nam
1366 1528 1453 1561 ante
1482 1524 1752 1572 Anaxagoram,

1091 1582 1153 1630 qui
1183 1581 1321 1631 primus
1348 1580 1549 1627 (Plutarchi
1569 1584 1654 1617 sunt
1672 1593 1754 1617 ver-

1091 1638 1139 1674 ba
1152 1638 1189 1673 in
1200 1638 1272 1673 vita
1286 1636 1434 1674 Periclis
1445 1650 1476 1674 c.
1488 1635 1534 1686 4)
1546 1638 1647 1675 νοῦν
1667 1635 1754 1675 ἕπε’-

1092 1705 1208 1743 στησε
1237 1697 1320 1739 τοῖς
1353 1689 1481 1741 ὅλοις,
1523 1693 1598 1730 sive
1629 1688 1754 1743 τύχην

1091 1751 1168 1787 sive
1211 1744 1395 1801 οἷνάγκηυ
1451 1747 1754 1800 διακοσμήσεως

1092 1802 1218 1856 α’ρχήν
1256 1810 1478 1856 posuerant3
1526 1813 1610 1857 post
1644 1819 1754 1855 quem

1089 1863 1197 1900 Plato
1226 1865 1329 1901 θεοῦ
1360 1858 1553 1912 πρόνοιαν
1577 1863 1613 1899 in
1635 1863 1755 1913 philo-

1090 1919 1255 1969 sophiam
1274 1919 1470 1966 transtulit,
1486 1920 1587 1956 cuius
1608 1925 1755 1956 senten-

1089 1977 1176 2012 tiam
1209 1976 1294 2013 dein
1330 1976 1445 2013 Stoici
1485 1976 1532 2012 ad
1568 1977 1756 2014 doctrinae

1090 2045 1178 2069 suae
1190 2033 1368 2070 rationem
1382 2034 1664 2070 consormarunt.
1678 2033 1755 2069 Sed

1093 2089 1183 2125 haec
1201 2088 1345 2137 longius
1363 2090 1547 2139 persequi,
1565 2089 1611 2125 ab
1628 2089 1756 2125 Hero-

1092 2145 1171 2182 doti
1195 2146 1497 2195 interpretatione
1514 2145 1671 2182 alienum
1701 2145 1755 2180 vi-

1093 2201 1171 2238 deri
1202 2206 1324 2251 queat.
1394 2202 1518 2245 Quare
1547 2201 1614 2238 hoc
1642 2214 1753 2237 unum

1091 2257 1202 2294 modo
1232 2257 1347 2294 teneri
1375 2258 1501 2304 velim,
1531 2258 1634 2294 initia
1662 2257 1754 2293 illius

1092 2314 1281 2350 doctrinae
1301 2314 1346 2350 de
1366 2314 1487 2350 diviua
1510 2318 1630 2350 mente
1646 2314 1754 2350 rebus

1092 2369 1258 2406 humanis
1275 2370 1532 2419 prospiciente,
1543 2382 1652 2418 quam
1672 2369 1755 2420 phi-

1092 2425 1234 2476 losophi
1268 2426 1400 2462 Graeci
1437 2431 1629 2476 tantopere
1661 2426 1755 2464 cele-

1092 2482 1254 2527 brarunt,
1266 2481 1311 2518 ab
1322 2482 1516 2519 Herodoto
1535 2483 1652 2532 repeti
1670 2496 1755 2533 pos-

1093 2550 1155 2584 se,
1186 2538 1247 2586 qui
1278 2537 1324 2574 ab
1357 2537 1435 2574 aliis
1468 2539 1598 2588 prioris
1626 2539 1754 2577 aetatis

1092 2595 1177 2630 viris
1225 2594 1376 2643 ipsoque
1413 2594 1634 2644 Anaxagora
1684 2596 1754 2644 (ad

1093 2662 1202 2698 quem
1225 2650 1383 2699 respexit
1403 2663 1511 2700 supra
1525 2651 1588 2698 lll,
1608 2653 1662 2691 80
1672 2652 1755 2701 sm.)

1093 2706 1229 2755 primus
1258 2707 1462 2754 discedens,
1492 2708 1540 2744 ad
1567 2721 1631 2755 ea,
1661 2721 1755 2758 quae

1094 2767 1131 2798 et
1153 2763 1294 2798 veriora
1320 2767 1355 2799 et
1373 2763 1531 2800 humana
1556 2768 1679 2802 mente
1699 2765 1755 2801 di-

1095 2818 1222 2867 gniora
1240 2824 1338 2867 sunt,
1358 2820 1449 2857 viam
1470 2821 1573 2871 quasi
1592 2820 1755 2872 aperuis-
