1904 3304
593 207 1062 247 THALIA.111.

1372 214 1456 253 2⁰9

182 317 291 372 πρὸς
308 314 545 372 βαρβάρων
562 317 780 371 ποταμόν,
810 317 1037 361 ἐκδιδόντα
1065 317 1108 369 ἐς
1127 314 1357 362 θάλασσαν
1376 320 1455 377 τὴν

181 389 287 443 πρὸς
300 390 440 444 βορῆν
455 386 631 444 ἄνεμον,
654 387 727 432 ἄπ’
748 389 847 432 ὅτευ
865 390 914 433 τὸ
929 388 1140 446 ἤλεκτρον
1154 393 1315 444 φοιτᾶν
1325 391 1456 447 λόγος

180 459 286 510 ἐστὶ,
319 458 417 501 οὔτε
447 458 610 515 νήσους
642 458 743 503 οἶδα
761 462 1076 514 Κασσιτερίδας
1093 459 1269 511 ἐούσας,
1300 459 1347 504 ἐκ
1365 465 1455 505 τῶν

149 529 206 573 36
237 532 490 584 κασσίτερος
520 528 624 586 ἡμῖν
654 536 801 590 φοιτᾷ.

859 535 990 575 τοῦτο
1020 532 1099 587 μὲν
1137 531 1246 587 γὰρ,
1286 530 1310 575 ὁ
1337 529 1512 587 ’Hoc-50

181 600 334 652 δανός,
366 599 475 644 αὐτὸ
506 603 757 659 κατηγορέει
787 602 835 646 τὸ
867 602 1038 658 οὔνομα
1068 601 1127 654 ὥς
1155 603 1243 647 ἔστι
1267 601 1456 660 Ἑλληνι-

182 671 264 715 κὸν
296 671 368 714 καὶ
399 670 455 714 οὔ
483 689 524 714 τι
564 673 862 730 βαρβαρικόν,
899 672 986 717 ὑπὸ
1026 673 1213 730 ποιητέω
1252 673 1298 717 δέ
1336 691 1456 726 τινος

178 742 396 798 ποιηθέν·
451 747 582 788 τοῦτο
625 745 694 797 δὲ,
742 744 927 796 οὐδενὸς
963 743 1186 789 αὐτόπτεω
1215 746 1456 801 γενομένου

181 812 235 858 οὐ
267 813 458 870 δύναμαι
489 813 700 868 οἰκοῦσαι,
730 820 859 859 τοῦτο
881 818 1089 872 μελετῶν,
1121 815 1234 868 ὅκως
1251 815 1455 860 θάλασσά

125 984 188 1032 qui
216 996 338 1021 verum
368 983 444 1020 eius
472 982 578 1019 situm
609 983 787 1032 indagare

124 1039 231 1086 velit,
272 1052 353 1076 eum
385 1039 441 1075 vix
471 1039 671 1089 quidquam
700 1053 787 1090 pro-

124 1097 299 1133 fecturum
320 1109 400 1133 esse
422 1099 559 1146 putem.
613 1095 787 1145 Namque

125 1152 295 1190 electrum
313 1165 392 1190 curn
410 1153 466 1188 vix
486 1152 633 1189 aliunde
658 1153 727 1189 nisi
743 1164 787 1190 ex

125 1210 197 1245 oris
210 1209 382 1258 Europae
401 1209 696 1258 septentrionalis
712 1222 789 1246 ma-

125 1265 275 1311 ritimis,
306 1266 364 1301 ubi
384 1265 504 1301 adhuc
523 1266 704 1315 provenit,
738 1265 787 1301 ad

128 1321 289 1357 Graecos
312 1321 434 1358 afferri
457 1323 637 1370 potuerit,
669 1321 788 1358 Phoe-

127 1378 249 1422 nices,
296 1378 356 1425 qui
386 1376 441 1413 vel
479 1382 598 1414 totam
631 1377 788 1415 Africam

126 1433 453 1482 circumnavigasse
486 1434 675 1480 dicuntur,
722 1433 787 1471 has

127 1502 274 1538 quoque
296 1489 464 1526 Prussiae
493 1491 661 1539 regiones
684 1491 789 1527 navi-

126 1546 192 1583 bus
236 1545 370 1582 adiisse
415 1546 576 1595 indeque
616 1546 786 1584 electrum

128 1614 249 1639 secum
280 1602 490 1649 abstulisse,
540 1615 561 1639 a
594 1616 679 1640 vero
712 1616 787 1640 non

126 1670 274 1708 prorsus
295 1658 476 1696 abhorret.
507 1659 786 1710 confibssthey.

126 1714 148 1750 l.
166 1714 188 1751 l.
209 1727 295 1764 pag.
317 1717 381 1756 21.
406 1718 471 1756 22.
532 1716 635 1760 Quos
663 1721 787 1754 tamen

127 1772 274 1808 eosdem
295 1771 341 1807 ob
361 1784 533 1820 magnum
552 1773 686 1809 succini
705 1787 789 1823 pre-

127 1829 215 1863 tium
238 1827 285 1863 de
305 1826 405 1875 locis,
434 1828 531 1866 unde
553 1829 789 1876 adveherent,

129 1882 185 1919 vel
213 1882 300 1919 nihil
328 1883 526 1932 quidquam
555 1885 611 1922 vel
639 1886 789 1934 incerta,

129 1938 307 1975 mirabilia
334 1940 500 1988 adeoque
519 1940 700 1978 horrenda
726 1955 789 1978 au-

130 1995 208 2031 ditu
240 1995 388 2031 Graecis
422 2008 589 2033 narrasse
616 1998 790 2036 credibile

130 2050 193 2097 fit,
238 2051 440 2088 indicantes
472 2052 546 2088 scil.
573 2053 695 2090 electri
725 2067 792 2103 pa-

131 2108 237 2143 triam
259 2107 458 2144 Eridanum
477 2110 645 2157 fluvium,
685 2111 790 2146 fabu-

128 2161 243 2199 losum
274 2162 372 2200 illum
403 2165 572 2213 quidem,
618 2179 685 2203 nec
717 2167 791 2203 cui-

131 2232 239 2267 quam
262 2221 463 2257 accuratius
486 2227 624 2258 notum.
685 2223 790 2266 Quae

130 2276 208 2325 ipsa
229 2276 312 2313 dein
337 2282 470 2326 poetae
490 2278 621 2316 Graeci
650 2292 789 2316 assum-

133 2332 222 2368 sisse
249 2334 440 2382 magisque
470 2335 564 2371 adeo
590 2348 656 2384 pro
689 2348 790 2373 more

132 2400 325 2426 exornasse
364 2391 535 2427 censendi
573 2397 666 2429 sunt.
740 2392 790 2429 Ut

133 2444 226 2480 enim
254 2447 417 2482 terrestri
451 2447 578 2485 itinere
605 2449 788 2485 succinum

133 2511 155 2535 a
192 2499 319 2537 Baltici
355 2503 461 2539 maris
497 2505 569 2540 oris
609 2505 657 2541 ad
694 2505 789 2541 Padi

133 2556 226 2591 ostia
255 2562 317 2593 aut
346 2558 382 2594 in
407 2559 633 2597 Pannoniam
668 2562 790 2609 regio-

133 2623 271 2659 nesque
312 2626 333 2649 a
374 2614 522 2652 Graecis
566 2617 789 2656 Romanisve

134 2665 314 2704 habitatas
332 2668 475 2707 allatum
495 2673 660 2721 credam,
690 2688 711 2711 a
731 2688 789 2713 me

135 2722 327 2771 impetrare
356 2736 427 2761 non
453 2740 620 2775 possum,
660 2742 789 2779 quam-

133 2790 241 2827 quam
265 2779 397 2817 Ritter.
421 2782 608 2828 (Vorhalle
628 2799 663 2835 p.
688 2789 787 2836 183)

135 2834 185 2870 sic
205 2835 425 2874 existimasse
446 2839 573 2886 video,
607 2849 646 2878 ut
665 2842 787 2881 electri

187 2890 396 2931 Hunonow.
424 2893 470 2932 11.

841 985 1065 1020 mercatores
1096 983 1146 1020 ad
1164 982 1377 1030 Eridanum,
1416 995 1509 1033 quos

841 1040 936 1076 norit
949 1039 1162 1077 Herodotus
1183 1038 1235 1090 [ἷῖ]
1248 1068 1257 1086 ,
1282 1053 1510 1089 quorumque

842 1096 1065 1146 emporium,
1104 1096 1164 1133 ubi
1196 1095 1414 1134 Herodotus
1444 1108 1511 1133 sua

841 1153 1021 1203 acceperit
1041 1150 1111 1203 [‘.?],
1142 1151 1251 1190 Olbia
1275 1153 1408 1201 fuerit,
1447 1153 1510 1190 tali

841 1209 971 1246 itinere
994 1210 1049 1246 usi
1074 1210 1158 1246 sint.

902 1261 1123 1314 ἐκδιδόντα]
1155 1278 1204 1302 sc.
1226 1260 1272 1303 τό
1293 1260 1414 1316 ὕδωρ.
1448 1264 1508 1302 Cf.

844 1320 883 1368 I,
912 1324 937 1362 6
968 1321 1055 1371 ibiq.
1085 1326 1177 1359 nott.
1235 1320 1294 1358 Ad
1322 1316 1411 1361 ὅτευ
1434 1321 1508 1358 vid.

844 1382 938 1414 nott.
963 1378 1011 1414 ad
1032 1378 1069 1424 Ι,
1104 1381 1140 1418 7.
1200 1377 1392 1428 Excerpsit
1421 1377 1511 1415 haee

843 1433 1012 1471 Eustath.
1030 1434 1077 1471 ad
1094 1433 1246 1482 Dionys.
1260 1433 1401 1484 Perieg.
1413 1434 1515 1475 561.-

842 1490 902 1528 De
932 1490 1055 1528 insulis
1077 1490 1353 1527 Cassiteridibus
1383 1491 1510 1541 dispu-

844 1546 999 1584 tavimus
1020 1547 1055 1584 in
1079 1546 1243 1584 Excursu
1263 1547 1310 1583 ad
1328 1547 1362 1584 h.
1383 1547 1405 1584 l.

903 1599 953 1642 οὔ
971 1618 1006 1642 τι
1031 1599 1296 1655 βαρβαρικὸν]
1338 1603 1508 1652 Schwgh.

845 1666 988 1697 secutus
1013 1673 1108 1706 sum;
1147 1661 1199 1698 ita
1221 1661 1315 1697 enim
1342 1659 1510 1710 plerique

844 1716 944 1764 libri,
975 1717 1036 1766 qui
1058 1717 1094 1753 in
1117 1730 1160 1754 eo
1178 1729 1252 1754 uno
1275 1717 1508 1764 dissentiunt,

845 1774 945 1822 quod
974 1774 1085 1811 modo
1117 1770 1168 1812 οὔ
1187 1788 1245 1820 τι,
1276 1774 1387 1810 modo
1419 1769 1510 1812 οὔτε

846 1829 1029 1867 exhibent.
1068 1830 1184 1867 Gaisf.
1214 1830 1331 1867 edidit
1359 1824 1510 1881 βάρβα-

846 1901 920 1937 ρον
939 1900 959 1923 e
976 1887 1162 1924 Sancrosti
1182 1892 1218 1923 et
1234 1886 1443 1926 Vindobon.
1464 1886 1508 1923 li-

844 1942 934 1988 bro,
964 1942 1056 1979 Vall.
1089 1947 1126 1980 et
1144 1942 1313 1979 Eustath.
1344 1944 1391 1980 ad
1418 1942 1509 1979 Dio-

846 2011 925 2046 nys,
955 1998 1097 2047 Perieg.
1131 1999 1193 2040 14.
1235 2000 1343 2037 Conf.
1366 1999 1508 2038 Herod.

847 2055 946 2101 wll,
970 2058 1020 2095 19
1041 2060 1078 2092 et
1101 2055 1128 2101 1,
1150 2057 1202 2096 60
1225 2055 1312 2104 ibiq.
1334 2058 1428 2091 nott.

903 2107 1019 2149 τοῦτο
1047 2109 1230 2161 μελετῶν]
1271 2111 1292 2147 i.
1324 2123 1355 2147 e.
1379 2124 1507 2160 quam-

847 2167 899 2203 vis
919 2168 1092 2213 studiose,
1123 2169 1223 2204 enixe
1245 2167 1283 2203 z'd
1301 2180 1413 2215 agens
1426 2196 1438 2213 ,
1468 2172 1509 2205 ut

848 2236 897 2260 sc.
933 2236 1050 2260 verum
1075 2224 1116 2260 (le
1151 2224 1204 2260 his
1244 2226 1395 2273 certique
1422 2224 1509 2273 quid

847 2283 1076 2330 comperirem.
1108 2281 1164 2317 Cf.
1178 2280 1242 2327 Vl,
1260 2283 1349 2322 105.
1383 2281 1509 2324 Quare

847 2350 919 2373 non
948 2342 1042 2385 erat,
1083 2350 1146 2375 cur
1174 2337 1264 2375 haec
1298 2336 1509 2375 sollicitaret

846 2393 1022 2431 Valcken.
1056 2417 1106 2422 ——
1152 2393 1210 2431 De
1248 2398 1370 2443 etymo
1410 2394 1507 2431 vocis

845 2446 1036 2502 ἤλεκτρον
1070 2463 1145 2487 non
1183 2455 1240 2488 est
1268 2451 1368 2499 quod
1399 2462 1508 2499 agam

845 2511 930 2556 post
968 2520 1033 2554 ea,
1073 2519 1168 2557 quae
1204 2519 1248 2544 ex
1274 2511 1435 2544 veterum
1472 2510 1509 2543 et

845 2564 1087 2601 recentiorum
1121 2563 1425 2613 disputationibus
1452 2568 1507 2599 at-

847 2619 928 2656 tulit
959 2619 1122 2668 Dilthey.
1145 2619 1212 2656 l.²1.
1242 2632 1330 2670 pag.
1359 2621 1384 2659 6
1411 2632 1506 2668 seq.,

847 2676 909 2724 qui
937 2677 1033 2713 idem
1061 2680 1206 2723 monet,
1247 2688 1332 2726 pag.
1357 2678 1382 2715 7
1403 2688 1506 2724 seqq.

846 2731 940 2769 hanc
970 2746 1096 2770 vocem
1133 2733 1182 2769 ad
1216 2733 1290 2769 duo
1313 2731 1424 2782 plane
1452 2732 1508 2768 di-

846 2801 951 2825 versa
970 2793 1181 2839 usurpatam
1200 2801 1303 2835 esse,
1334 2801 1413 2825 cum
1429 2801 1509 2824 mo-

845 2845 893 2882 do
919 2845 1105 2883 metallum
1132 2845 1320 2895 quoddam
1346 2845 1414 2892 (de
1435 2856 1508 2892 quo

1183 2900 1236 2941 14
