1904 3304
371 270 455 311 542
770 265 1241 303 HERODOTI

346 382 367 419 4
375 393 512 433 μενοι.

570 375 620 418 τὸ
662 375 709 418 δὲ
747 372 961 430 ἐμπόριον
989 377 1119 417 τοῦτο
1150 368 1205 430 ἦν
1235 372 1458 431 ἀκήρατον
1488 379 1647 419 τοῦτον
1711 380 1794 424 848

373 449 453 492 τόν
472 446 654 504 χρόνον
688 444 795 489 ὥστε
816 442 1195 500 ἀπονοστήσαντες
1212 441 1336 489 οὗτοι
1356 444 1504 499 ὀπίσω,
1527 446 1648 504 μέγι-

375 530 455 562 στα
486 517 538 572 δὴ
566 515 785 572 Ἑλλήνων
813 516 1014 567 πάντων,
1044 519 1133 558 τῶν
1149 513 1271 571 ἡμεῖς
1290 516 1491 572 ἀτρεκίην
1511 519 1647 573 ἴδμεν,

375 590 422 633 ἐκ
454 590 651 644 φορτίων
673 586 930 643 ἐκέρδησαν,
965 587 1070 644 μετά
1087 602 1134 642 γε
1152 587 1420 640 Σώστρατον
1438 587 1517 630 τόν
1535 592 1647 631 Λαο-

376 660 620 714 δάμαντος,
665 657 926 714 Αἰγινήτην·

348 731 518 785 ὅέρίσαι
558 728 704 772 ἄλλον.

986 657 1127 714 τούτῳ
1157 655 1240 713 γὰρ
1271 657 1354 701 οὐκ
1386 656 1457 701 οἶά
1488 660 1531 702 τέ
1562 660 1705 703 ἐστι35

768 731 811 772 οἱ
842 730 887 774 δὲ
917 729 1082 786 Σάμιοι
1111 728 1190 785 τὴν
1221 727 1405 785 δεκάτην
1436 733 1525 772 τῶν
1553 730 1645 773 ἐπι-

374 803 559 857 κερδίων
601 798 836 854 ἐξελόντες,
884 803 928 854 ἓξ
977 800 1189 853 τάλαντα,
1237 798 1497 856 ἐποιήσαντο
1545 807 1647 856 χαλ-

367 979 422 1037 ἧν
435 981 651 1039 α’κήρατον]
666 986 785 1025 Vertit
795 987 962 1036 Schwgh.
977 1001 984 1023 ε

322 1046 435 1090 „erat
480 1057 521 1080 ea
568 1047 768 1094 tempestate
813 1046 987 1081 intactum

322 1100 382 1137 hoc
401 1102 646 1150 emporium,“
677 1102 713 1137 in
733 1100 823 1138 Lex,
842 1101 983 1138 Herod.

321 1169 446 1194 vocem
477 1152 682 1206 ἀκήρατον
712 1170 900 1206 exponens
929 1159 987 1193 in-

323 1217 478 1260 tactum,
508 1214 707 1260 illibatum,
737 1213 984 1263 nondumfre-

323 1274 526 1320 quentatum
554 1270 803 1306 mercatoribus
840 1271 988 1320 (empo-

322 1328 445 1372 rium).
495 1326 575 1364 Nec
600 1326 704 1363 aliter
730 1327 874 1376 accepit
893 1326 987 1362 Lar-

321 1383 418 1420 cher.
442 1383 588 1420 minime
611 1396 677 1429 ea,
722 1395 818 1432 quae
841 1383 879 1429 1,
906 1384 985 1423 163

323 1440 371 1477 de
403 1439 722 1487 Phocaeensibus,
774 1439 882 1489 primi
925 1438 987 1488 qui

322 1496 533 1533 Tartessum
579 1496 731 1534 Graecis
778 1495 986 1542 indicarint,

322 1553 515 1589 traduntur
556 1552 654 1589 hisce
688 1553 874 1590 adversari
913 1556 989 1588 sta-

323 1613 443 1646 tuens.
503 1609 626 1652 Quam
649 1608 686 1645 in
719 1608 874 1645 eandem
904 1621 987 1644 sen-

323 1666 475 1702 tentiam
506 1664 661 1713 Lange:
709 1664 849 1713 „Diese
877 1663 987 1701 Ηαη-

325 1721 512 1759 delsstc'itte
530 1722 613 1758 aber
632 1733 706 1757 war
721 1721 809 1757 noch*
827 1733 893 1757 neu
909 1720 986 1757 und

322 1778 512 1815 unbesucht
540 1791 587 1814 zu
613 1777 674 1814 cler
694 1777 835 1822 Zeit;“
881 1778 986 1814 item-

324 1848 395 1884 que
415 1834 524 1872 ltalus
545 1834 746 1884 interpres:
787 1834 893 1881 „tale
918 1847 986 1870 em-

318 1904 420 1942 porto
439 1904 500 1927 ιτα
522 1890 640 1927 allora
666 1892 846 1928 i1ztatt0.“
903 1889 985 1927 Nec

325 1960 414 1985 sane
434 1951 644 1998 repugnant
663 1960 759 1996 quae
781 1950 986 1996 sequuntur

323 2005 460 2051 verba,
518 2015 741 2053 quamquam
781 1999 985 2055 οἷκηρατον

324 2073 409 2097 num
430 2060 501 2097 dici
521 2060 642 2110 possit
663 2061 866 2111 emporium
894 2073 984 2096 non-

326 2117 410 2154 dum
423 2116 709 2168 frequentatum,
747 2116 856 2154 velim
883 2117 986 2166 equi-

325 2174 409 2211 dem
445 2174 601 2211 edoceri.
661 2173 858 2210 Substituit
887 2174 984 2210 San·

325 2231 431 2267 crosti
452 2230 543 2267 liber
567 2225 802 2281 οἷπείρατον,
833 2231 854 2267 i.
878 2243 909 2267 e.
930 2231 986 2265 in-

326 2289 498 2323 tentatum
536 2284 715 2337 (Graecis
758 2286 857 2333 scil.‚
905 2298 985 2322 cum

326 2346 437 2380 antea
476 2342 717 2380 Phoenicibus
762 2343 848 2380 solis
890 2346 986 2380 esset

325 2399 553 2447 cognitum),
585 2399 684 2447 quod
702 2399 820 2449 ipsum
842 2399 898 2436 vel
919 2411 988 2449 po-

326 2456 395 2492 tius
416 2450 631 2505 οἷπείρητον
661 2455 692 2490 si
709 2454 828 2504 plures
849 2456 987 2492 ferrent

326 2510 407 2548 libri
447 2511 534 2559 (nisi
572 2524 638 2561 pro
669 2510 894 2558 glossemate
922 2511 987 2548 ha-

326 2568 507 2616 bendum)
540 2567 638 2604 haud
663 2567 869 2617 displiceret
900 2567 987 2604 Val-

328 2624 547 2672 ckenaerio,
584 2636 659 2673 quo
690 2629 863 2660 monente
892 2619 988 2674 α’κή-

329 2695 449 2732 ρατον
467 2681 598 2718 dicitur
609 2692 739 2729 purum
759 2686 868 2729 atque
886 2683 985 2716 inta-

327 2738 500 2774 minatum
523 2738 653 2774 eodeni
672 2737 780 2788 modo
801 2749 874 2785 quo
897 2732 986 2775 (ἰκέ-

329 2809 445 2845 ραιον
470 2795 518 2832 de
536 2793 685 2830 urbibus
711 2805 752 2830 ac
774 2793 985 2842 regionibus

328 2851 504 2900 integris,
542 2849 660 2887 hostili
697 2850 792 2887 ferro
825 2850 985 2886 nondum

329 2906 469 2946 violatis
497 2907 597 2958 apud
624 2905 764 2944 Herod.
795 2905 860 2953 Ill,
894 2905 985 2946 146.

1045 985 1214 1035 Thucyd.
1235 984 1281 1033 ll,
1306 986 1367 1024 18.
1401 985 1508 1029 Quae
1527 987 1556 1022 si
1581 992 1705 1024 tenea-

1043 1056 1145 1090 mus,
1177 1042 1273 1078 haud
1298 1042 1372 1077 scio
1396 1054 1442 1078 an
1465 1055 1544 1079 eum
1569 1043 1604 1079 in
1625 1056 1705 1080 mo-

1043 1101 1129 1137 dum
1159 1097 1360 1146 intelligere
1391 1098 1496 1135 liceat
1527 1099 1621 1137 hunc
1652 1099 1705 1135 lo-

1043 1169 1143 1193 cum:
1187 1155 1248 1191 lwc
1279 1167 1357 1190 vero
1393 1157 1580 1204 emporium
1612 1158 1704 1192 inte-

1043 1225 1149 1261 grum
1179 1211 1296 1248 adlmc
1320 1213 1416 1247 stetit
1444 1212 1507 1247 illo
1538 1215 1703 1261 tempore,-

1043 1274 1085 1306 ut
1106 1268 1289 1305 Herodoti
1309 1272 1431 1305 aetate
1449 1269 1606 1304 dirutum
1629 1270 1705 1306 sere

1044 1339 1111 1362 nec
1132 1325 1203 1361 ullo
1218 1324 1329 1361 modo
1355 1324 1508 1374 amplius
1526 1325 1706 1362 exstitisse

1045 1382 1186 1420 credas.
1208 1401 1259 1408 —-
1291 1379 1349 1417 Ad
1368 1380 1586 1419 locutionem
1608 1376 1705 1419 α’πο-

1045 1433 1308 1488 νοστήσαντες
1340 1431 1470 1476 ὀπίσω
1494 1438 1589 1475 conf.
1611 1443 1704 1475 nott.

1044 1496 1092 1532 ad
1115 1495 1176 1540 lll,
1199 1496 1262 1535 16.

1101 1553 1180 1589 τῶν
1210 1548 1326 1600 ἡμεῖς
1354 1544 1538 1598 εἷτρεκίην
1575 1547 1702 1600 ἴδμεν]

1044 1608 1066 1644 i.
1092 1621 1123 1645 e.
1149 1619 1291 1657 quorum
1313 1607 1438 1642 certior
1461 1605 1511 1642 ad
1539 1618 1601 1641 nus
1622 1618 1704 1654 per-

1042 1666 1138 1701 venit
1158 1665 1299 1700 notitia.
1331 1662 1447 1698 Simili
1467 1662 1576 1698 modo
1594 1657 1702 1712 ἄτρε-

1044 1721 1110 1771 κίη
1140 1720 1209 1766 Vl,
1242 1722 1277 1758 1.
1337 1719 1408 1755 Pro
1439 1718 1553 1768 ἴδμεν
1582 1719 1703 1756 Codd.

1044 1789 1170 1815 omnes
1213 1775 1350 1825 ἰ’σμενς
1405 1787 1515 1823 quam
1547 1775 1703 1812 eandem

1044 1836 1198 1871 sormam
1218 1832 1356 1881 aliquot
1378 1828 1456 1867 libri
1476 1831 1654 1881 praebent
1672 1831 1702 1877 Ι,

1047 1891 1138 1931 178.
1176 1889 1247 1936 lv,
1286 1890 1387 1934 197,
1427 1886 1582 1924 alienam
1607 1886 1703 1924 illam

1042 1947 1190 1996 quidem
1233 1945 1279 1982 ab
1315 1944 1523 1981 Herodoto.
1581 1943 1704 1980 Verba

1043 2002 1236 2052 sequentia
1267 1995 1362 2051 μετά
1393 2015 1435 2052 γε
1465 1995 1702 2050 Σώστρατον

1042 2075 1078 2098 κ.
1098 2074 1129 2097 τ.
1152 2061 1184 2097 λ.
1223 2058 1305 2095 hinc
1335 2057 1445 2095 affert
1463 2056 1629 2093 Eustath.
1654 2055 1702 2093 ad

1042 2116 1196 2165 Dionys„
1218 2114 1361 2163 Perieg.
1382 2114 1476 2155 511.
1515 2113 1599 2150 Hoc
1616 2125 1703 2150 vero

1043 2173 1092 2210 ad
1119 2184 1265 2209 omnem
1295 2171 1411 2208 teneri
1434 2169 1539 2207 velim
1573 2181 1703 2206 narra-

1042 2229 1203 2275 tionem,
1225 2227 1424 2276 Aeginetas
1442 2239 1559 2275 aeque
1580 2238 1622 2263 ac
1633 2225 1702 2262 Sa·

1043 2286 1134 2323 mios
1163 2285 1315 2332 antiquo
1347 2283 1574 2333 potissimum
1609 2293 1700 2318 aevo

1043 2342 1136 2379 inter
1160 2341 1323 2378 Graecos
1350 2339 1556 2377 excelluisse
1577 2350 1616 2374 re
1636 2350 1701 2373 na-

1042 2398 1136 2444 vali,
1195 2401 1424 2442 mercatura,
1485 2394 1701 2443 magnisque

1043 2455 1127 2491 hinc
1143 2454 1330 2502 acquisitis
1358 2452 1500 2501 opibus.
1546 2449 1605 2487 De
1628 2462 1700 2498 quo

1044 2512 1138 2550 conf.
1159 2514 1251 2547 nott.
1272 2509 1319 2546 ad
1341 2508 1404 2555 Ill,
1429 2508 1492 2547 59
1521 2508 1586 2547 60
1609 2507 1700 2546 139.

1102 2563 1351 2617 ἐπικερδίων]
1374 2564 1429 2600 lta
1449 2576 1528 2600 cum
1547 2566 1700 2600 recentt.

1046 2625 1131 2662 edd
1152 2621 1319 2671 rescripsi
1342 2633 1408 2670 pro
1441 2616 1699 2669 ἐπικερδέων;

1043 2679 1145 2730 quod
1184 2683 1329 2729 praeter
1370 2676 1542 2722 Portum,
1587 2675 1649 2724 qui
1679 2687 1701 2712 a

1043 2749 1131 2774 voce
1150 2731 1350 2784 ἑπικερδές
1370 2733 1532 2778 ‹loris-,at
1554 2731 1703 2769 retinuit

1044 2803 1191 2842 quoque
1210 2789 1340 2826 Matth.
1373 2788 1443 2825 Pro
1461 2783 1701 2836 ἐποιησαντο

1044 2851 1086 2897 (i.
1107 2861 1138 2885 e,
1158 2845 1375 2897 saecundum
1409 2847 1598 2893 curarunt)
1627 2844 1702 2880 duo

1043 2904 1124 2942 libri
1153 2902 1358 2953 ἐποίησαν.
1422 2901 1480 2938 Ad
1509 2895 1701 2952 χαλκήϊον
