1904 3304
583 233 933 272 THALJA.
994 234 1055 273 111.
1293 284 1301 292 .
1424 238 1453 276 5

1505 347 1577 374 belli
1595 354 1614 374 a
1633 347 1782 382 Cambysu

182 341 236 386 οὐ
256 341 465 393 πιθανός·
510 340 570 394 ὥς
589 346 677 386 τῶν
696 345 928 400 Περσίδων
953 347 1178 399 γυναικῶν
1207 343 1449 388 ἐσελθοῦσά
1507 381 1782 416 inwgypmmsus-

1506 415 1595 449 cepti,
1616 415 1713 441 minus
1731 423 1781 442 vc-

179 430 244 465 τις
279 413 399 468 παρὰ
436 414 513 466 τὰς
545 413 704 470 Κύρου
743 421 974 472 γυναῖκας,
1019 413 1078 466 ὥς
1117 413 1203 459 εἶδε
1242 419 1296 473 τῇ
1326 419 1449 459 Κασ-
1506 449 1662 476 ,Μηιῃθω
1689 449 1780 477 inam.

178 484 374 542 σανδάνῃ
406 492 683 541 παρεστεῶτα
712 487 842 531 τέκνα
873 484 1044 530 εὐειδέα
1081 504 1124 530 τε
1164 487 1237 531 καὶ
1267 486 1446 543 μεγάλα,
1463 495 1507 529 50

149 560 330 613 Ξπολλῷ
359 556 514 612 ἐχρᾶτο
544 563 604 618 τῷ
636 561 824 616 ἐπαίνῳ,
859 557 1283 613 ὑπερθωυμοίζουσα.
1344 558 1370 615 ἦ
1405 559 1449 602 δὲ

178 629 498 687 Κασσανδάνη,
544 631 679 675 ἐοῦσα
717 634 798 674 τοῦ
828 629 987 684 Κύρου
1027 630 1164 686 γυνὴ,
1215 627 1304 673 εἷπε
1334 629 1448 674 τάδε.

148 702 411 753 3,,Τοιῶνδε
440 701 590 756 μέντοι
623 703 695 759 ἐμὲ
723 703 896 746 παίδων
915 701 1078 757 μητέρα
1108 701 1274 745 ἐοῦσαν
1294 704 1449 756 Κῦρος

176 771 224 814 ἐν
253 769 402 828 ἀτιμίῃ
441 772 545 828 ἔχει·
595 773 673 830 τήν
705 772 747 817 δ’
780 770 856 816 ἀπ’
889 771 1115 828 Αἰγύπτου
1146 773 1375 828 ἐπίκτητον
1405 773 1504 816 ἐν55

146 846 282 900 4τιμῇ
312 845 519 886 τίθεται.“
583 845 672 901 Τὴν
702 845 801 901 μὲν,
835 842 1084 900 ἀχθομένην
1113 847 1167 901 τῇ
1190 844 1364 901 Νιτήτι,
1395 846 1449 888 εἰ-

176 919 273 958 πεῖν
302 919 459 958 ταῦτα·
501 919 592 959 τῶν
622 916 667 960 δέ
699 919 744 961 οῖ
771 917 943 960 παίδων
972 917 1050 959 τὸν
1066 913 1363 971 πρεσβύτερον
1392 916 1449 958 εἰ·

145 991 276 1030 5πεῖν
320 987 583 1043 Καμβύσεα·
640 986 850 1044 ,,Τοιγοῖρ
896 1003 988 1041 τοι,
1040 981 1075 1030 ὦ
1114 990 1274 1043 μῆτερ,
1318 985 1449 1029 ἐπεάν

175 1056 258 1114 ἐγώ
299 1057 493 1114 γένωμαι
533 1057 668 1115 ἀνὴρ,
716 1059 946 1115 Αἰγύπτου
976 1057 1028 1101 τὰ
1057 1058 1137 1113 μὲν
1166 1056 1284 1110 ἅνω,
1329 1055 1446 1101 κάτω
1508 1076 1588 1116 195

147 1128 334 1185 ὅθήσω·
384 1129 437 1173 τὰ
467 1130 513 1174 δὲ
543 1130 688 1185 κάτω,
730 1130 864 1175 &ivm-‘⁶
940 1133 1093 1172 Ταῦτα
1133 1129 1269 1172 εἰπεῖν
1310 1126 1504 1172 αύτὸνὸο

172 1200 268 1244 ἔτεα
298 1199 358 1252 ὥς
389 1200 492 1244 δέκα
522 1219 606 1245 κου
635 1200 868 1258 γεγονότα,
919 1203 992 1244 καὶ
1032 1199 1110 1251 τας
1149 1204 1363 1255 γυναῖκας
1402 1200 1450 1243 ἐν

172 1271 375 1327 θωύματι
403 1272 632 1328 γενέσθαι·
670 1273 749 1317 τὸν
768 1274 837 1325 δὲ,
870 1270 1299 1327 διαμνημονεύοντα,
1331 1269 1447 1314 οὕτω

175 1342 256 1399 δή,
305 1343 395 1386 ἐπεί
440 1359 484 1386 τε
525 1342 759 1401 ἀνδρώθη,
809 1343 883 1387 καὶ
927 1343 1021 1398 ἔσχε
1058 1341 1140 1398 τήν
1190 1345 1447 1399 βασιληίην,

172 1411 445 1470 ποιήσασθαι
474 1416 553 1471 τὴν
581 1414 643 1459 ἐπ’
673 1418 899 1471 Αἴγυπτον
929 1416 1175 1470 στρατηΐην.

83 1480 116 1524 4
285 1486 529 1542 Συνήνεικε
561 1487 607 1532 δὲ
636 1488 709 1531 καὶ
741 1485 848 1530 ἄλλο
883 1502 924 1529 τι
964 1485 1139 1529 τοιόνδε
1169 1490 1351 1542 πρῆγμα
1380 1503 1444 1542 γε·
1456 1494 1619 1528 651‘hanes
1641 1497 1777 1525 Graecus

1504 1531 1670 1566 transfugit
1689 1532 1726 1558 ab
1743 1534 1780 1558 Α-

144 1555 338 1600 Ξνὲσθαι
368 1557 410 1610 ἐς
439 1558 518 1616 τὴν
545 1558 878 1614 ἐπιστράτευσιν
908 1555 1084 1613 ταύτην.
1145 1551 1200 1613 ἦν
1237 1561 1326 1600 τῶν
1356 1557 1444 1601 ἐπι-
1501 1565 1617 1634 ῐῶζῗὲιθ
1635 1565 1673 1594 ad
1693 1566 1780 1594 Gam-

115 1686 290 1724 malumus
318 1689 508 1725 advertere
545 1686 701 1726 lectores
731 1687 779 1723 ad

114 1743 299 1781 Herodoti
315 1745 474 1782 studium
493 1745 567 1781 veri
586 1745 780 1795 exquiren-

116 1800 154 1836 di
174 1813 426 1851 summamque
452 1802 527 1838 eius
545 1802 581 1838 in
604 1814 779 1838 enarran-

115 1857 172 1893 dis
194 1858 301 1894 rebus
316 1859 516 1895 cautionem
530 1886 541 1903 ‚
581 1864 621 1895 ut
641 1872 683 1895 eo
702 1871 779 1894 ma-

115 1913 231 1951 iorem
269 1914 414 1963 reliquis
447 1915 493 1951 ab
532 1914 595 1951 lllo
623 1916 778 1952 narratis

116 1969 227 2006 fidem
266 1970 438 2008 tribuant.
470 1991 526 1997 —-
572 1972 630 2008 Ad
667 1972 779 2008 verba

116 2038 221 2075 seqq.
266 2025 308 2065 ἐν
345 2030 441 2080 τιμῇ
482 2027 636 2066 τίθεται
683 2029 779 2065 conf.

115 2095 210 2132 quae
238 2083 367 2120 similia
403 2088 486 2120 sunt
513 2083 623 2121 allata
655 2084 703 2121 ad
731 2084 778 2132 ll,

117 2138 193 2178 141
220 2139 297 2176 init.
322 2142 414 2181 172.

170 2193 218 2234 τοὶ
241 2193 313 2247 μὲν
335 2194 433 2244 ἅνω,
473 2191 581 2235 κάτω
600 2192 720 2247 θήσω
740 2212 774 2235 κ.

113 2267 145 2290 τ.
173 2252 220 2302 λ..]
273 2253 296 2294 i.
332 2267 363 2291 e.
407 2253 515 2303 plane
566 2254 779 2304 confundam

114 2322 224 2345 omnes
250 2322 304 2346 res
332 2314 550 2360 evertamque
566 2311 777 2360 Aegyptum.

114 2365 182 2402 Est
198 2367 434 2416 proverbialis
453 2367 586 2404 locutio
607 2369 653 2405 de
670 2368 777 2405 rebus

114 2423 152 2459 in
167 2428 345 2473 perpetua
362 2425 436 2461 fere
449 2425 693 2461 inconstantia
710 2437 778 2474 po-

113 2479 217 2525 sitis,
245 2481 506 2517 fluctuantibus
529 2486 641 2529 atque
661 2482 777 2518 incer-

113 2535 171 2574 tis.
203 2535 262 2573 De
282 2550 354 2585 qua
373 2538 506 2574 videsis
520 2537 712 2574 Heindorf.
730 2538 778 2574 ad

113 2591 257 2629 Platon.
279 2593 466 2631 Phaedon.
485 2606 570 2643 pag.
595 2596 674 2634 172
698 2606 776 2643 seq.

114 2652 150 2684 et
172 2648 309 2686 Vomel.
346 2651 393 2686 ad
426 2650 666 2688 Demosthen.
692 2650 778 2687 Phi-

115 2703 202 2754 lipp.
226 2705 242 2741 I
263 2704 299 2757 ᾗ.
323 2704 372 2744 41
402 2718 487 2756 pag.
512 2709 607 2746 211.
632 2727 688 2733 —
718 2707 778 2743 Ad

114 2761 245 2798 verba:
286 2761 371 2801 ἔτεα
391 2761 444 2809 αἱς
464 2761 557 2801 δέκα
577 2778 650 2802 κου
670 2777 776 2814 γεγο-

114 2812 213 2865 νότα
249 2819 343 2858 conf.
376 2818 506 2856 Matth.
542 2820 607 2856 Gr.
640 2819 705 2856 Gr.
738 2817 775 2869 ἓ.

114 2871 211 2921 425,
243 2876 270 2914 2
296 2874 331 2912 b.
353 2879 390 2912 et
413 2875 597 2913 Thomam
624 2876 775 2926 Magist.

837 1698 865 1726 s.
886 1698 919 1721 v.
941 1682 1083 1737 γέγονα
1102 1698 1187 1735 pag.
1208 1687 1305 1733 183,
1322 1685 1380 1722 ubi
1401 1698 1506 1723 accu-

836 1743 992 1779 sativum
1022 1743 1057 1778 in
1088 1742 1155 1778 hac
1184 1742 1366 1779 locutione
1397 1755 1505 1793 prae-

836 1800 921 1836 ferri
950 1800 1068 1836 docet.
1130 1799 1178 1835 At
1212 1799 1307 1836 male
1341 1798 1398 1836 ille
1435 1812 1503 1849 pro

837 1854 932 1894 δέκα
963 1871 1035 1894 κου
1057 1855 1204 1893 exhibet
1226 1851 1390 1894 δώδεκα.
1416 1870 1504 1894 ποι-

838 1916 972 1950 εῖσθαι
1034 1913 1250 1961 στρατηίην
1308 1912 1502 1949 Herodoto

836 1982 934 2006 esse:
966 1969 1214 2018 expeditionem
1237 1971 1420 2018 suscipere,
1431 1968 1499 2018 fa-

836 2039 928 2072 cere,
971 2026 1114 2062 monuit
1141 2026 1315 2063 Valcken.
1346 2025 1501 2063 laudans

835 2082 899 2130 ΙΙΙ,
919 2084 982 2123 30.
1012 2082 1058 2129 V,
1082 2085 1147 2121 77.

1065 2183 1175 2234 Cap.
1206 2182 1271 2221 IV.

893 2247 1116 2300 Συνήνεικε
1144 2249 1186 2290 δὲ
1206 2250 1273 2289 καὶ
1296 2248 1390 2289 ἄλλο
1413 2266 1447 2290 κ.
1469 2266 1500 2288 τ.

836 2309 882 2358 λ.]
916 2309 973 2346 De
993 2313 1176 2346 structura
1194 2309 1296 2345 verbi
1320 2303 1501 2357 συνήνει-

836 2381 880 2404 κε
902 2366 996 2402 conf.
1026 2379 1135 2416 supra
1166 2365 1290 2402 laudd.
1314 2366 1361 2401 ad
1384 2364 1411 2410 Ι,
1433 2367 1499 2404 73.

840 2425 903 2462 13.
930 2428 966 2459 et
984 2423 1078 2459 infra
1097 2422 1161 2465 lli,
1179 2420 1304 2460 14.-—
1320 2417 1501 2472 ἐπιστρά-

835 2491 967 2518 τευσιν
992 2478 1047 2515 hic
1067 2478 1240 2516 exhibent
1265 2478 1392 2528 optimi
1418 2478 1500 2527 qui-

835 2549 908 2585 que
929 2535 1028 2581 libri,
1067 2540 1103 2572 et
1121 2533 1248 2571 Lexic.
1274 2535 1443 2583 Seguier.
1463 2548 1500 2585 p.

836 2591 904 2638 94,
927 2594 994 2631 20.
1034 2586 1266 2642 στράτευσιν
1296 2603 1341 2628 ex
1369 2590 1501 2627 Aldina

835 2650 949 2686 fluxit.
1001 2648 1101 2684 Infra
1129 2648 1196 2695 IX,
1231 2649 1257 2688 3
1286 2648 1324 2684 in
1352 2647 1415 2684 fin.
1445 2652 1501 2684 est

835 2704 1106 2755 ἐπιστρατηΐη.

891 2756 945 2812 ἦν
968 2762 1048 2799 τῶν
1067 2754 1309 2810 ἐπικούρων]
1331 2758 1501 2796 Indican-

834 2823 894 2855 tur
912 2817 1040 2854 milites
1062 2817 1266 2854 mercenarii
1290 2815 1457 2853 mercede
1480 2827 1500 2851 e

835 2875 987 2913 Graecis
1007 2874 1251 2926 potissimum,
1279 2871 1427 2910 Ionibus
1445 2874 1501 2907 at-
