<?xml version="1.0" encoding="UTF-8"?>
<!DOCTYPE html PUBLIC "-//W3C//DTD XHTML 1.0 Transitional//EN"
    "http://www.w3.org/TR/xhtml1/DTD/xhtml1-transitional.dtd">
<html xmlns="http://www.w3.org/1999/xhtml" xml:lang="en" lang="en">
 <head>
  <title>
</title>
<meta http-equiv="Content-Type" content="text/html;charset=utf-8" />
  <meta name='ocr-system' content='tesseract 3.04.00' />
  <meta name='ocr-capabilities' content='ocr_page ocr_carea ocr_par ocr_line ocrx_word'/>
</head>
<body>
  <div class='ocr_page' id='page_1' title='image "./musaeherodoto02hero_0315.png"; bbox 0 0 1904 3304; ppageno 0'>
   <div class='ocr_carea' id='block_1_1' title="bbox 458 244 1140 284">
    <p class='ocr_par' dir='ltr' id='par_1_1' title="bbox 458 244 1140 284">
     <span class='ocr_line' id='line_1_1' title="bbox 458 244 1140 284; baseline -0.001 0"><span class='ocrx_word' id='word_1_1' title='bbox 458 244 1019 284; x_wconf 90' lang='lat' dir='ltr'>MELPOMENE.</span> <span class='ocrx_word' id='word_1_2' title='bbox 1078 245 1140 283; x_wconf 89' lang='lat' dir='ltr'>IV.</span> 
     </span>
    </p>
   </div>
   <div class='ocr_carea' id='block_1_2' title="bbox 1359 249 1442 288">
    <p class='ocr_par' dir='ltr' id='par_1_2' title="bbox 1359 249 1442 288">
     <span class='ocr_line' id='line_1_2' title="bbox 1359 249 1442 288; baseline 0.012 -1"><span class='ocrx_word' id='word_1_3' title='bbox 1359 249 1442 288; x_wconf 64' lang='lat'>307</span> 
     </span>
    </p>
   </div>
   <div class='ocr_carea' id='block_1_3' title="bbox 173 353 1444 411">
    <p class='ocr_par' dir='ltr' id='par_1_3' title="bbox 173 353 1444 411">
     <span class='ocr_line' id='line_1_3' title="bbox 194 353 1438 376; baseline 0.001 -6"><span class='ocrx_word' id='word_1_4' title='bbox 194 361 215 376; x_wconf 47' lang='grc' dir='ltr'>(χ</span> <span class='ocrx_word' id='word_1_5' title='bbox 297 355 307 370; x_wconf 77' lang='lat'>5</span> <span class='ocrx_word' id='word_1_6' title='bbox 379 355 391 370; x_wconf 70' lang='grc' dir='ltr'><strong><em>τ</em></strong></span> <span class='ocrx_word' id='word_1_7' title='bbox 566 354 575 366; x_wconf 75' lang='lat' dir='ltr'>r</span> <span class='ocrx_word' id='word_1_8' title='bbox 771 357 780 371; x_wconf 77' lang='lat' dir='ltr'>t</span> <span class='ocrx_word' id='word_1_9' title='bbox 983 354 990 368; x_wconf 51' lang='grc' dir='ltr'>ἱ</span> <span class='ocrx_word' id='word_1_10' title='bbox 1088 359 1106 367; x_wconf 64' lang='grc' dir='ltr'><em>υ</em></span> <span class='ocrx_word' id='word_1_11' title='bbox 1261 353 1294 368; x_wconf 72' lang='grc' dir='ltr'>ἰι</span> <span class='ocrx_word' id='word_1_12' title='bbox 1334 355 1344 370; x_wconf 74' lang='lat'><em>9</em></span> <span class='ocrx_word' id='word_1_13' title='bbox 1381 356 1392 370; x_wconf 75' lang='lat'>7</span> <span class='ocrx_word' id='word_1_14' title='bbox 1431 357 1438 371; x_wconf 71' lang='grc' dir='ltr'>ι</span> 
     </span>
     <span class='ocr_line' id='line_1_4' title="bbox 173 355 1444 411; baseline -0.002 -10"><span class='ocrx_word' id='word_1_15' title='bbox 173 375 215 402; x_wconf 83' lang='grc' dir='ltr'>οι</span> <span class='ocrx_word' id='word_1_16' title='bbox 252 372 334 400; x_wconf 87' lang='grc' dir='ltr'>ουκ</span> <span class='ocrx_word' id='word_1_17' title='bbox 374 355 443 399; x_wconf 85' lang='grc' dir='ltr'>επὶ</span> <span class='ocrx_word' id='word_1_18' title='bbox 480 365 643 411; x_wconf 79' lang='grc' dir='ltr'><em>σιτησει</em></span> <span class='ocrx_word' id='word_1_19' title='bbox 684 366 913 409; x_wconf 79' lang='grc' dir='ltr'><strong><em>σπειρουσι</em></strong></span> <span class='ocrx_word' id='word_1_20' title='bbox 942 371 1022 398; x_wconf 85' lang='grc' dir='ltr'>τον</span> <span class='ocrx_word' id='word_1_21' title='bbox 1060 366 1202 405; x_wconf 82' lang='grc' dir='ltr'>σιτον,</span> <span class='ocrx_word' id='word_1_22' title='bbox 1247 359 1326 399; x_wconf 59' lang='lat' dir='ltr'>aaz</span> <span class='ocrx_word' id='word_1_23' title='bbox 1375 372 1444 399; x_wconf 78' lang='grc' dir='ltr'>επι</span> 
     </span>
    </p>
   </div>
   <div class='ocr_carea' id='block_1_4' title="bbox 143 425 344 484">
    <p class='ocr_par' dir='ltr' id='par_1_4' title="bbox 143 425 344 484">
     <span class='ocr_line' id='line_1_5' title="bbox 143 425 344 484; baseline -0.01 -14"><span class='ocrx_word' id='word_1_24' title='bbox 143 434 165 470; x_wconf 79' lang='lat'>4</span> <span class='ocrx_word' id='word_1_25' title='bbox 176 425 344 484; x_wconf 81' lang='grc' dir='ltr'><em>πρήσει.</em></span> 
     </span>
    </p>
   </div>
   <div class='ocr_carea' id='block_1_5' title="bbox 116 526 387 534">
    <p class='ocr_par' dir='ltr' id='par_1_5' title="bbox 116 526 387 534">
     <span class='ocr_line' id='line_1_6' title="bbox 116 526 387 534; baseline 0 0"><span class='ocrx_word' id='word_1_26' title='bbox 116 526 387 534; x_wconf 95' lang='lat' dir='ltr'> </span> 
     </span>
    </p>
   </div>
   <div class='ocr_carea' id='block_1_6' title="bbox 111 578 775 2941">
    <p class='ocr_par' dir='ltr' id='par_1_6' title="bbox 111 578 775 2545">
     <span class='ocr_line' id='line_1_7' title="bbox 114 578 775 631; baseline -0.009 -12"><span class='ocrx_word' id='word_1_27' title='bbox 114 584 232 631; x_wconf 82' lang='lat' dir='ltr'>tingui</span> <span class='ocrx_word' id='word_1_28' title='bbox 285 580 361 618; x_wconf 82' lang='lat' dir='ltr'>vult</span> <span class='ocrx_word' id='word_1_29' title='bbox 401 579 570 619; x_wconf 70' lang='lat' dir='ltr'>Volcker.</span> <span class='ocrx_word' id='word_1_30' title='bbox 629 578 775 628; x_wconf 73' lang='lat' dir='ltr'>(Myth.</span> 
     </span>
     <span class='ocr_line' id='line_1_8' title="bbox 117 631 775 688; baseline -0.008 -11"><span class='ocrx_word' id='word_1_31' title='bbox 117 640 254 687; x_wconf 82' lang='lat' dir='ltr'>Geogr.</span> <span class='ocrx_word' id='word_1_32' title='bbox 281 651 317 688; x_wconf 91' lang='lat' dir='ltr'>p.</span> <span class='ocrx_word' id='word_1_33' title='bbox 352 638 474 684; x_wconf 83' lang='lat'>179),</span> <span class='ocrx_word' id='word_1_34' title='bbox 516 638 579 686; x_wconf 87' lang='lat' dir='ltr'>qui</span> <span class='ocrx_word' id='word_1_35' title='bbox 611 631 775 675; x_wconf 71' lang='grc' dir='ltr'><em>Σκύθαι</em></span> 
     </span>
     <span class='ocr_line' id='line_1_9' title="bbox 115 693 772 748; baseline -0.011 -13"><span class='ocrx_word' id='word_1_36' title='bbox 115 693 278 748; x_wconf 76' lang='grc' dir='ltr'><em>γεωργοὶ</em></span> <span class='ocrx_word' id='word_1_37' title='bbox 299 699 474 731; x_wconf 89' lang='lat' dir='ltr'>vocantur</span> <span class='ocrx_word' id='word_1_38' title='bbox 507 695 589 741; x_wconf 76' lang='lat' dir='ltr'>(lv,</span> <span class='ocrx_word' id='word_1_39' title='bbox 623 696 685 734; x_wconf 73' lang='grc'>18.</span> <span class='ocrx_word' id='word_1_40' title='bbox 709 694 772 732; x_wconf 80' lang='grc'>53.</span> 
     </span>
     <span class='ocr_line' id='line_1_10' title="bbox 116 749 772 801; baseline -0.011 -10"><span class='ocrx_word' id='word_1_41' title='bbox 116 751 184 799; x_wconf 79' lang='lat'>54)</span> <span class='ocrx_word' id='word_1_42' title='bbox 216 751 449 801; x_wconf 75' lang='lat' dir='ltr'>Scythaeque</span> <span class='ocrx_word' id='word_1_43' title='bbox 481 752 551 787; x_wconf 89' lang='lat' dir='ltr'>sint</span> <span class='ocrx_word' id='word_1_44' title='bbox 580 749 772 795; x_wconf 73' lang='lat' dir='ltr'>Heilenici,</span> 
     </span>
     <span class='ocr_line' id='line_1_11' title="bbox 116 806 771 854; baseline -0.002 -11"><span class='ocrx_word' id='word_1_45' title='bbox 116 809 294 845; x_wconf 83' lang='lat' dir='ltr'><strong>orientem</strong></span> <span class='ocrx_word' id='word_1_46' title='bbox 326 820 450 845; x_wconf 81' lang='lat' dir='ltr'>versus</span> <span class='ocrx_word' id='word_1_47' title='bbox 489 820 510 844; x_wconf 84' lang='lat' dir='ltr'>a</span> <span class='ocrx_word' id='word_1_48' title='bbox 543 806 771 854; x_wconf 66' lang='lat' dir='ltr'>Borysthene</span> 
     </span>
     <span class='ocr_line' id='line_1_12' title="bbox 114 863 773 912; baseline -0.008 -11"><span class='ocrx_word' id='word_1_49' title='bbox 114 865 342 910; x_wconf 86' lang='lat' dir='ltr'>habitantes,</span> <span class='ocrx_word' id='word_1_50' title='bbox 387 877 465 901; x_wconf 78' lang='lat' dir='ltr'>curn</span> <span class='ocrx_word' id='word_1_51' title='bbox 500 863 659 912; x_wconf 71' lang='lat' dir='ltr'>Scythae</span> <span class='ocrx_word' id='word_1_52' title='bbox 685 863 773 898; x_wconf 81' lang='lat' dir='ltr'>Aro-</span> 
     </span>
     <span class='ocr_line' id='line_1_13' title="bbox 116 919 774 966; baseline -0.008 -8"><span class='ocrx_word' id='word_1_53' title='bbox 116 925 205 958; x_wconf 76' lang='lat' dir='ltr'>teres</span> <span class='ocrx_word' id='word_1_54' title='bbox 229 922 454 958; x_wconf 88' lang='lat' dir='ltr'>occidentem</span> <span class='ocrx_word' id='word_1_55' title='bbox 470 932 591 956; x_wconf 77' lang='lat' dir='ltr'>versus</span> <span class='ocrx_word' id='word_1_56' title='bbox 613 932 634 955; x_wconf 87' lang='lat' dir='ltr'>a</span> <span class='ocrx_word' id='word_1_57' title='bbox 658 919 774 966; x_wconf 72' lang='lat' dir='ltr'>Bory-</span> 
     </span>
     <span class='ocr_line' id='line_1_14' title="bbox 116 975 772 1025; baseline -0.008 -10"><span class='ocrx_word' id='word_1_58' title='bbox 116 978 243 1015; x_wconf 79' lang='lat' dir='ltr'><strong>sthene</strong></span> <span class='ocrx_word' id='word_1_59' title='bbox 278 977 382 1014; x_wconf 88' lang='lat' dir='ltr'>sedes</span> <span class='ocrx_word' id='word_1_60' title='bbox 418 976 577 1013; x_wconf 78' lang='lat' dir='ltr'>tenuisse</span> <span class='ocrx_word' id='word_1_61' title='bbox 616 975 772 1025; x_wconf 83' lang='lat' dir='ltr'>putandi</span> 
     </span>
     <span class='ocr_line' id='line_1_15' title="bbox 114 1032 772 1083; baseline -0.005 -12"><span class='ocrx_word' id='word_1_62' title='bbox 114 1036 207 1081; x_wconf 85' lang='lat' dir='ltr'>sint,</span> <span class='ocrx_word' id='word_1_63' title='bbox 255 1033 469 1083; x_wconf 88' lang='lat' dir='ltr'>praesertim</span> <span class='ocrx_word' id='word_1_64' title='bbox 508 1045 586 1069; x_wconf 89' lang='lat' dir='ltr'>eum</span> <span class='ocrx_word' id='word_1_65' title='bbox 627 1032 712 1068; x_wconf 89' lang='lat' dir='ltr'>inde</span> <span class='ocrx_word' id='word_1_66' title='bbox 751 1044 772 1068; x_wconf 86' lang='lat' dir='ltr'>a</span> 
     </span>
     <span class='ocr_line' id='line_1_16' title="bbox 112 1088 771 1138; baseline -0.008 -9"><span class='ocrx_word' id='word_1_67' title='bbox 112 1090 285 1129; x_wconf 85' lang='lat' dir='ltr'>Danubio</span> <span class='ocrx_word' id='word_1_68' title='bbox 315 1094 427 1138; x_wconf 84' lang='lat' dir='ltr'>atque</span> <span class='ocrx_word' id='word_1_69' title='bbox 455 1088 629 1134; x_wconf 87' lang='lat' dir='ltr'>Polonia,</span> <span class='ocrx_word' id='word_1_70' title='bbox 678 1100 771 1137; x_wconf 87' lang='lat' dir='ltr'>quae</span> 
     </span>
     <span class='ocr_line' id='line_1_17' title="bbox 113 1145 773 1194; baseline -0.003 -10"><span class='ocrx_word' id='word_1_71' title='bbox 113 1160 208 1184; x_wconf 93' lang='lat' dir='ltr'>nunc</span> <span class='ocrx_word' id='word_1_72' title='bbox 239 1151 409 1193; x_wconf 77' lang='lat' dir='ltr'>vocatur,</span> <span class='ocrx_word' id='word_1_73' title='bbox 448 1158 564 1194; x_wconf 86' lang='lat' dir='ltr'>usque</span> <span class='ocrx_word' id='word_1_74' title='bbox 600 1145 647 1181; x_wconf 89' lang='lat' dir='ltr'>ad</span> <span class='ocrx_word' id='word_1_75' title='bbox 673 1157 773 1182; x_wconf 88' lang='lat' dir='ltr'>mare</span> 
     </span>
     <span class='ocr_line' id='line_1_18' title="bbox 112 1201 774 1251; baseline -0.005 -11"><span class='ocrx_word' id='word_1_76' title='bbox 112 1202 305 1240; x_wconf 72' lang='lat' dir='ltr'>Asovicum</span> <span class='ocrx_word' id='word_1_77' title='bbox 324 1201 439 1239; x_wconf 86' lang='lat' dir='ltr'>solum</span> <span class='ocrx_word' id='word_1_78' title='bbox 467 1203 513 1238; x_wconf 90' lang='lat' dir='ltr'>sit</span> <span class='ocrx_word' id='word_1_79' title='bbox 535 1202 651 1239; x_wconf 85' lang='lat' dir='ltr'>fertile</span> <span class='ocrx_word' id='word_1_80' title='bbox 668 1201 774 1251; x_wconf 78' lang='lat' dir='ltr'>plan-</span> 
     </span>
     <span class='ocr_line' id='line_1_19' title="bbox 113 1258 770 1308; baseline -0.003 -12"><span class='ocrx_word' id='word_1_81' title='bbox 113 1260 235 1308; x_wconf 87' lang='lat' dir='ltr'>tisque</span> <span class='ocrx_word' id='word_1_82' title='bbox 271 1259 465 1307; x_wconf 80' lang='lat' dir='ltr'>gignendis</span> <span class='ocrx_word' id='word_1_83' title='bbox 494 1258 599 1295; x_wconf 73' lang='lat' dir='ltr'>valde</span> <span class='ocrx_word' id='word_1_84' title='bbox 631 1262 770 1307; x_wconf 89' lang='lat' dir='ltr'>aptum.</span> 
     </span>
     <span class='ocr_line' id='line_1_20' title="bbox 113 1314 772 1364; baseline -0.003 -12"><span class='ocrx_word' id='word_1_85' title='bbox 113 1317 171 1353; x_wconf 91' lang='lat' dir='ltr'>Cf.</span> <span class='ocrx_word' id='word_1_86' title='bbox 192 1316 350 1353; x_wconf 88' lang='lat' dir='ltr'>Heeren.</span> <span class='ocrx_word' id='word_1_87' title='bbox 370 1314 391 1353; x_wconf 84' lang='lat' dir='ltr'>l.</span> <span class='ocrx_word' id='word_1_88' title='bbox 413 1315 434 1351; x_wconf 89' lang='lat'>1.</span> <span class='ocrx_word' id='word_1_89' title='bbox 455 1328 492 1364; x_wconf 89' lang='lat' dir='ltr'>p.</span> <span class='ocrx_word' id='word_1_90' title='bbox 511 1317 605 1354; x_wconf 79' lang='lat'>272.</span> <span class='ocrx_word' id='word_1_91' title='bbox 645 1315 772 1362; x_wconf 85' lang='lat' dir='ltr'>ltaque</span> 
     </span>
     <span class='ocr_line' id='line_1_21' title="bbox 113 1372 772 1419; baseline -0.005 -10"><span class='ocrx_word' id='word_1_92' title='bbox 113 1373 149 1409; x_wconf 92' lang='lat' dir='ltr'>in</span> <span class='ocrx_word' id='word_1_93' title='bbox 170 1385 212 1409; x_wconf 84' lang='lat' dir='ltr'>ea</span> <span class='ocrx_word' id='word_1_94' title='bbox 236 1372 406 1419; x_wconf 77' lang='lat' dir='ltr'>regione,</span> <span class='ocrx_word' id='word_1_95' title='bbox 447 1372 502 1407; x_wconf 92' lang='lat' dir='ltr'>cui</span> <span class='ocrx_word' id='word_1_96' title='bbox 526 1383 620 1407; x_wconf 90' lang='lat' dir='ltr'>nunc</span> <span class='ocrx_word' id='word_1_97' title='bbox 638 1383 772 1407; x_wconf 84' lang='lat' dir='ltr'>nomen</span> 
     </span>
     <span class='ocr_line' id='line_1_22' title="bbox 117 1427 773 1476; baseline -0.002 -12"><span class='ocrx_word' id='word_1_98' title='bbox 117 1427 286 1473; x_wconf 68' lang='lat' dir='ltr'>Ukraz&#39;nc,</span> <span class='ocrx_word' id='word_1_99' title='bbox 318 1439 485 1476; x_wconf 83' lang='lat' dir='ltr'>quaeque</span> <span class='ocrx_word' id='word_1_100' title='bbox 504 1428 686 1463; x_wconf 87' lang='lat' dir='ltr'>frumento</span> <span class='ocrx_word' id='word_1_101' title='bbox 708 1427 773 1463; x_wconf 92' lang='lat' dir='ltr'>ho-</span> 
     </span>
     <span class='ocr_line' id='line_1_23' title="bbox 112 1483 772 1533; baseline -0.005 -12"><span class='ocrx_word' id='word_1_102' title='bbox 112 1485 245 1533; x_wconf 81' lang='lat' dir='ltr'>dieque</span> <span class='ocrx_word' id='word_1_103' title='bbox 276 1484 462 1529; x_wconf 81' lang='lat' dir='ltr'>abundet,</span> <span class='ocrx_word' id='word_1_104' title='bbox 506 1483 664 1533; x_wconf 75' lang='lat' dir='ltr'>Scythas</span> <span class='ocrx_word' id='word_1_105' title='bbox 685 1484 772 1519; x_wconf 87' lang='lat' dir='ltr'>Aro-</span> 
     </span>
     <span class='ocr_line' id='line_1_24' title="bbox 112 1539 770 1590; baseline 0.002 -15"><span class='ocrx_word' id='word_1_106' title='bbox 112 1545 199 1577; x_wconf 80' lang='lat' dir='ltr'>teres</span> <span class='ocrx_word' id='word_1_107' title='bbox 221 1540 403 1577; x_wconf 80' lang='lat' dir='ltr'>habitasse</span> <span class='ocrx_word' id='word_1_108' title='bbox 422 1540 526 1590; x_wconf 90' lang='lat' dir='ltr'>ponit</span> <span class='ocrx_word' id='word_1_109' title='bbox 554 1553 641 1589; x_wconf 82' lang='lat' dir='ltr'>pag.</span> <span class='ocrx_word' id='word_1_110' title='bbox 667 1539 770 1585; x_wconf 77' lang='lat'>2953</span> 
     </span>
     <span class='ocr_line' id='line_1_25' title="bbox 112 1596 771 1646; baseline -0.002 -13"><span class='ocrx_word' id='word_1_111' title='bbox 112 1609 265 1646; x_wconf 90' lang='lat' dir='ltr'>quorum</span> <span class='ocrx_word' id='word_1_112' title='bbox 307 1597 413 1633; x_wconf 89' lang='lat' dir='ltr'>sedes</span> <span class='ocrx_word' id='word_1_113' title='bbox 461 1596 509 1632; x_wconf 88' lang='lat' dir='ltr'>ad</span> <span class='ocrx_word' id='word_1_114' title='bbox 546 1597 771 1646; x_wconf 87' lang='lat' dir='ltr'>superiorem</span> 
     </span>
     <span class='ocr_line' id='line_1_26' title="bbox 111 1651 773 1702; baseline -0.002 -13"><span class='ocrx_word' id='word_1_115' title='bbox 111 1653 245 1701; x_wconf 79' lang='lat' dir='ltr'>Tyram</span> <span class='ocrx_word' id='word_1_116' title='bbox 264 1651 477 1702; x_wconf 85' lang='lat' dir='ltr'>(Dniester)</span> <span class='ocrx_word' id='word_1_117' title='bbox 511 1652 661 1690; x_wconf 83' lang='lat' dir='ltr'>collocat</span> <span class='ocrx_word' id='word_1_118' title='bbox 687 1652 773 1689; x_wconf 86' lang='lat' dir='ltr'>Bla-</span> 
     </span>
     <span class='ocr_line' id='line_1_27' title="bbox 112 1708 771 1756; baseline 0 -9"><span class='ocrx_word' id='word_1_119' title='bbox 112 1710 282 1756; x_wconf 85' lang='lat' dir='ltr'>remberg</span> <span class='ocrx_word' id='word_1_120' title='bbox 316 1709 432 1746; x_wconf 84' lang='lat' dir='ltr'>Choix</span> <span class='ocrx_word' id='word_1_121' title='bbox 473 1709 537 1746; x_wconf 87' lang='lat' dir='ltr'>des</span> <span class='ocrx_word' id='word_1_122' title='bbox 583 1708 771 1747; x_wconf 86' lang='lat' dir='ltr'>medailles</span> 
     </span>
     <span class='ocr_line' id='line_1_28' title="bbox 113 1765 770 1815; baseline -0.003 -11"><span class='ocrx_word' id='word_1_123' title='bbox 113 1770 179 1804; x_wconf 87' lang='lat' dir='ltr'>etc.</span> <span class='ocrx_word' id='word_1_124' title='bbox 208 1778 292 1815; x_wconf 84' lang='lat' dir='ltr'>pag.</span> <span class='ocrx_word' id='word_1_125' title='bbox 319 1768 390 1811; x_wconf 79' lang='lat'>133</span> <span class='ocrx_word' id='word_1_126' title='bbox 428 1765 477 1802; x_wconf 85' lang='lat' dir='ltr'>ad</span> <span class='ocrx_word' id='word_1_127' title='bbox 504 1766 770 1814; x_wconf 66' lang='lat' dir='ltr'>Borysthenem</span> 
     </span>
     <span class='ocr_line' id='line_1_29' title="bbox 112 1822 770 1872; baseline 0 -13"><span class='ocrx_word' id='word_1_128' title='bbox 112 1822 312 1872; x_wconf 88' lang='lat' dir='ltr'>(Dnieper)</span> <span class='ocrx_word' id='word_1_129' title='bbox 330 1827 439 1871; x_wconf 86' lang='lat' dir='ltr'>atque</span> <span class='ocrx_word' id='word_1_130' title='bbox 459 1822 494 1857; x_wconf 86' lang='lat' dir='ltr'>in</span> <span class='ocrx_word' id='word_1_131' title='bbox 514 1822 666 1860; x_wconf 85' lang='lat' dir='ltr'>Podolia</span> <span class='ocrx_word' id='word_1_132' title='bbox 680 1823 770 1860; x_wconf 78' lang='lat' dir='ltr'>Nie-</span> 
     </span>
     <span class='ocr_line' id='line_1_30' title="bbox 112 1878 769 1929; baseline 0.003 -16"><span class='ocrx_word' id='word_1_133' title='bbox 112 1879 214 1915; x_wconf 89' lang='lat' dir='ltr'>buhr.</span> <span class='ocrx_word' id='word_1_134' title='bbox 243 1879 360 1925; x_wconf 79' lang='lat' dir='ltr'>(Hist.</span> <span class='ocrx_word' id='word_1_135' title='bbox 381 1878 529 1914; x_wconf 87' lang='lat' dir='ltr'>Schrift.</span> <span class='ocrx_word' id='word_1_136' title='bbox 548 1880 563 1914; x_wconf 94' lang='lat' dir='ltr'>I</span> <span class='ocrx_word' id='word_1_137' title='bbox 594 1893 630 1929; x_wconf 88' lang='lat' dir='ltr'>p.</span> <span class='ocrx_word' id='word_1_138' title='bbox 653 1881 769 1927; x_wconf 85' lang='grc'>360),</span> 
     </span>
     <span class='ocr_line' id='line_1_31' title="bbox 113 1933 770 1983; baseline 0.003 -13"><span class='ocrx_word' id='word_1_139' title='bbox 113 1936 150 1971; x_wconf 91' lang='lat' dir='ltr'>in</span> <span class='ocrx_word' id='word_1_140' title='bbox 172 1933 321 1970; x_wconf 81' lang='lat' dir='ltr'>australi</span> <span class='ocrx_word' id='word_1_141' title='bbox 340 1939 444 1983; x_wconf 88' lang='lat' dir='ltr'>parte</span> <span class='ocrx_word' id='word_1_142' title='bbox 464 1934 620 1973; x_wconf 85' lang='lat' dir='ltr'>Galitiae</span> <span class='ocrx_word' id='word_1_143' title='bbox 640 1948 681 1972; x_wconf 92' lang='lat' dir='ltr'>ac</span> <span class='ocrx_word' id='word_1_144' title='bbox 696 1936 770 1972; x_wconf 91' lang='lat' dir='ltr'>Bu-</span> 
     </span>
     <span class='ocr_line' id='line_1_32' title="bbox 112 1991 771 2041; baseline 0 -14"><span class='ocrx_word' id='word_1_145' title='bbox 112 1991 282 2036; x_wconf 81' lang='lat' dir='ltr'>kowina,</span> <span class='ocrx_word' id='word_1_146' title='bbox 331 1995 523 2039; x_wconf 79' lang='lat' dir='ltr'>tractuque</span> <span class='ocrx_word' id='word_1_147' title='bbox 553 1993 771 2041; x_wconf 82' lang='lat' dir='ltr'>septentrio-</span> 
     </span>
     <span class='ocr_line' id='line_1_33' title="bbox 114 2046 772 2092; baseline 0.003 -9"><span class='ocrx_word' id='word_1_148' title='bbox 114 2046 184 2083; x_wconf 86' lang='lat' dir='ltr'>nali</span> <span class='ocrx_word' id='word_1_149' title='bbox 229 2046 456 2092; x_wconf 65' lang='lat' dir='ltr'>Momm-iae,</span> <span class='ocrx_word' id='word_1_150' title='bbox 520 2047 694 2085; x_wconf 86' lang='lat' dir='ltr'>Podoliae</span> <span class='ocrx_word' id='word_1_151' title='bbox 731 2061 772 2085; x_wconf 85' lang='lat' dir='ltr'>ac</span> 
     </span>
     <span class='ocr_line' id='line_1_34' title="bbox 112 2102 771 2154; baseline 0.002 -15"><span class='ocrx_word' id='word_1_152' title='bbox 112 2102 314 2150; x_wconf 66' lang='lat' dir='ltr'>Volhyniae</span> <span class='ocrx_word' id='word_1_153' title='bbox 332 2103 515 2140; x_wconf 88' lang='lat' dir='ltr'>Mannert.</span> <span class='ocrx_word' id='word_1_154' title='bbox 536 2103 557 2143; x_wconf 87' lang='lat' dir='ltr'>l.</span> <span class='ocrx_word' id='word_1_155' title='bbox 577 2104 597 2140; x_wconf 92' lang='lat' dir='ltr'>l.</span> <span class='ocrx_word' id='word_1_156' title='bbox 616 2104 666 2141; x_wconf 65' lang='lat' dir='ltr'>lv</span> <span class='ocrx_word' id='word_1_157' title='bbox 684 2118 771 2154; x_wconf 85' lang='lat' dir='ltr'>pag.</span> 
     </span>
     <span class='ocr_line' id='line_1_35' title="bbox 113 2158 773 2207; baseline 0.003 -12"><span class='ocrx_word' id='word_1_158' title='bbox 113 2158 179 2199; x_wconf 85' lang='lat'>95.</span> <span class='ocrx_word' id='word_1_159' title='bbox 210 2158 262 2195; x_wconf 90' lang='lat' dir='ltr'>Ac</span> <span class='ocrx_word' id='word_1_160' title='bbox 275 2159 435 2207; x_wconf 81' lang='lat' dir='ltr'>denique</span> <span class='ocrx_word' id='word_1_161' title='bbox 454 2162 773 2198; x_wconf 82' lang='lat' dir='ltr'>commemoranda</span> 
     </span>
     <span class='ocr_line' id='line_1_36' title="bbox 112 2213 772 2267; baseline 0.003 -15"><span class='ocrx_word' id='word_1_162' title='bbox 112 2213 248 2252; x_wconf 79' lang='lat' dir='ltr'>Ritteri</span> <span class='ocrx_word' id='word_1_163' title='bbox 290 2216 435 2265; x_wconf 68' lang='lat' dir='ltr'>opium,</span> <span class='ocrx_word' id='word_1_164' title='bbox 503 2229 576 2266; x_wconf 88' lang='lat' dir='ltr'>qua</span> <span class='ocrx_word' id='word_1_165' title='bbox 616 2216 772 2267; x_wconf 73' lang='lat' dir='ltr'>Scythae</span> 
     </span>
     <span class='ocr_line' id='line_1_37' title="bbox 112 2272 770 2322; baseline 0.005 -15"><span class='ocrx_word' id='word_1_166' title='bbox 112 2272 270 2308; x_wconf 79' lang='lat' dir='ltr'>Aroteres</span> <span class='ocrx_word' id='word_1_167' title='bbox 290 2273 429 2322; x_wconf 86' lang='lat' dir='ltr'>posteri</span> <span class='ocrx_word' id='word_1_168' title='bbox 449 2273 519 2309; x_wconf 91' lang='lat' dir='ltr'>sint</span> <span class='ocrx_word' id='word_1_169' title='bbox 542 2275 770 2322; x_wconf 85' lang='lat' dir='ltr'>antiquorum</span> 
     </span>
     <span class='ocr_line' id='line_1_38' title="bbox 114 2328 772 2378; baseline 0.003 -14"><span class='ocrx_word' id='word_1_170' title='bbox 114 2328 413 2375; x_wconf 83' lang='lat' dir='ltr'>Cimmeriorum‚</span> <span class='ocrx_word' id='word_1_171' title='bbox 465 2330 527 2378; x_wconf 90' lang='lat' dir='ltr'>qui</span> <span class='ocrx_word' id='word_1_172' title='bbox 559 2331 652 2367; x_wconf 79' lang='lat' dir='ltr'>servi</span> <span class='ocrx_word' id='word_1_173' title='bbox 680 2331 772 2378; x_wconf 79' lang='lat' dir='ltr'>Scy-</span> 
     </span>
     <span class='ocr_line' id='line_1_39' title="bbox 113 2384 769 2434; baseline 0.005 -14"><span class='ocrx_word' id='word_1_174' title='bbox 113 2384 254 2421; x_wconf 85' lang='lat' dir='ltr'>tharum</span> <span class='ocrx_word' id='word_1_175' title='bbox 295 2389 406 2434; x_wconf 89' lang='lat' dir='ltr'>atque</span> <span class='ocrx_word' id='word_1_176' title='bbox 438 2384 642 2423; x_wconf 87' lang='lat' dir='ltr'>Alazonum</span> <span class='ocrx_word' id='word_1_177' title='bbox 687 2387 769 2423; x_wconf 87' lang='lat' dir='ltr'>olim</span> 
     </span>
     <span class='ocr_line' id='line_1_40' title="bbox 114 2441 768 2481; baseline 0.006 -5"><span class='ocrx_word' id='word_1_178' title='bbox 114 2441 248 2478; x_wconf 79' lang='lat' dir='ltr'>suerint</span> <span class='ocrx_word' id='word_1_179' title='bbox 265 2442 360 2478; x_wconf 85' lang='lat' dir='ltr'>facti.</span> <span class='ocrx_word' id='word_1_180' title='bbox 403 2442 486 2479; x_wconf 66' lang='lat' dir='ltr'>Yid.</span> <span class='ocrx_word' id='word_1_181' title='bbox 505 2443 675 2480; x_wconf 77' lang='lat' dir='ltr'>Vorhalle</span> <span class='ocrx_word' id='word_1_182' title='bbox 703 2450 768 2481; x_wconf 87' lang='lat' dir='ltr'>etc.</span> 
     </span>
     <span class='ocr_line' id='line_1_41' title="bbox 113 2496 379 2545; baseline 0.004 -13"><span class='ocrx_word' id='word_1_183' title='bbox 113 2509 150 2545; x_wconf 89' lang='lat' dir='ltr'>p.</span> <span class='ocrx_word' id='word_1_184' title='bbox 172 2497 265 2537; x_wconf 85' lang='lat'>344.</span> <span class='ocrx_word' id='word_1_185' title='bbox 288 2496 379 2538; x_wconf 82' lang='lat'>458.</span> 
     </span>
    </p>

    <p class='ocr_par' dir='ltr' id='par_1_7' title="bbox 114 2547 772 2941">
     <span class='ocr_line' id='line_1_42' title="bbox 173 2547 771 2605; baseline 0.007 -15"><span class='ocrx_word' id='word_1_186' title='bbox 173 2553 212 2590; x_wconf 82' lang='grc' dir='ltr'>οἳ</span> <span class='ocrx_word' id='word_1_187' title='bbox 238 2547 313 2591; x_wconf 75' lang='grc' dir='ltr'>οὔκ</span> <span class='ocrx_word' id='word_1_188' title='bbox 342 2552 404 2592; x_wconf 80' lang='grc' dir='ltr'>ἐπὶ</span> <span class='ocrx_word' id='word_1_189' title='bbox 433 2551 581 2605; x_wconf 81' lang='grc' dir='ltr'><em>σιτήσει</em></span> <span class='ocrx_word' id='word_1_190' title='bbox 600 2576 656 2583; x_wconf 89' lang='lat'>-—</span> <span class='ocrx_word' id='word_1_191' title='bbox 679 2550 771 2594; x_wconf 71' lang='grc' dir='ltr'>ἄλλ’</span> 
     </span>
     <span class='ocr_line' id='line_1_43' title="bbox 115 2605 771 2660; baseline 0.002 -13"><span class='ocrx_word' id='word_1_192' title='bbox 115 2607 180 2647; x_wconf 77' lang='grc' dir='ltr'>ἐπὶ</span> <span class='ocrx_word' id='word_1_193' title='bbox 223 2605 386 2660; x_wconf 76' lang='grc' dir='ltr'>πρήσει]</span> <span class='ocrx_word' id='word_1_194' title='bbox 450 2612 552 2649; x_wconf 84' lang='lat' dir='ltr'>Bene</span> <span class='ocrx_word' id='word_1_195' title='bbox 602 2613 771 2650; x_wconf 63' lang='lat' dir='ltr'>observat</span> 
     </span>
     <span class='ocr_line' id='line_1_44' title="bbox 114 2665 771 2718; baseline 0.015 -18"><span class='ocrx_word' id='word_1_196' title='bbox 114 2665 273 2702; x_wconf 84' lang='lat' dir='ltr'>Heeren.</span> <span class='ocrx_word' id='word_1_197' title='bbox 304 2665 414 2703; x_wconf 83' lang='lat' dir='ltr'>Ideen</span> <span class='ocrx_word' id='word_1_198' title='bbox 444 2667 480 2712; x_wconf 85' lang='grc' dir='ltr'>Ι,</span> <span class='ocrx_word' id='word_1_199' title='bbox 509 2671 536 2708; x_wconf 85' lang='lat'><strong>2</strong></span> <span class='ocrx_word' id='word_1_200' title='bbox 562 2682 647 2718; x_wconf 85' lang='lat' dir='ltr'>pag.</span> <span class='ocrx_word' id='word_1_201' title='bbox 675 2672 771 2715; x_wconf 79' lang='lat'><strong>297,</strong></span> 
     </span>
     <span class='ocr_line' id='line_1_45' title="bbox 114 2722 772 2763; baseline 0.009 -6"><span class='ocrx_word' id='word_1_202' title='bbox 114 2722 164 2757; x_wconf 83' lang='lat' dir='ltr'>uti</span> <span class='ocrx_word' id='word_1_203' title='bbox 184 2734 278 2759; x_wconf 89' lang='lat' dir='ltr'>nune</span> <span class='ocrx_word' id='word_1_204' title='bbox 300 2734 341 2758; x_wconf 80' lang='lat' dir='ltr'>ex</span> <span class='ocrx_word' id='word_1_205' title='bbox 370 2722 466 2761; x_wconf 83' lang='lat' dir='ltr'>hisce</span> <span class='ocrx_word' id='word_1_206' title='bbox 485 2724 640 2762; x_wconf 76' lang='lat' dir='ltr'>Russiae</span> <span class='ocrx_word' id='word_1_207' title='bbox 661 2727 772 2763; x_wconf 86' lang='lat' dir='ltr'>meri-</span> 
     </span>
     <span class='ocr_line' id='line_1_46' title="bbox 116 2777 771 2831; baseline 0.011 -19"><span class='ocrx_word' id='word_1_208' title='bbox 116 2777 270 2814; x_wconf 87' lang='lat' dir='ltr'>dionalis</span> <span class='ocrx_word' id='word_1_209' title='bbox 294 2779 522 2826; x_wconf 81' lang='lat' dir='ltr'>regionibus,</span> <span class='ocrx_word' id='word_1_210' title='bbox 556 2782 598 2818; x_wconf 88' lang='lat' dir='ltr'>iis</span> <span class='ocrx_word' id='word_1_211' title='bbox 628 2784 771 2831; x_wconf 88' lang='lat' dir='ltr'>praeci-</span> 
     </span>
     <span class='ocr_line' id='line_1_47' title="bbox 115 2835 768 2886; baseline 0.008 -17"><span class='ocrx_word' id='word_1_212' title='bbox 115 2847 207 2883; x_wconf 81' lang='lat' dir='ltr'>pue,</span> <span class='ocrx_word' id='word_1_213' title='bbox 248 2847 342 2883; x_wconf 86' lang='lat' dir='ltr'>quae</span> <span class='ocrx_word' id='word_1_214' title='bbox 372 2835 419 2870; x_wconf 90' lang='lat' dir='ltr'>ad</span> <span class='ocrx_word' id='word_1_215' title='bbox 457 2843 648 2886; x_wconf 84' lang='lat' dir='ltr'>utramque</span> <span class='ocrx_word' id='word_1_216' title='bbox 692 2840 768 2875; x_wconf 87' lang='lat' dir='ltr'>Bo-</span> 
     </span>
     <span class='ocr_line' id='line_1_48' title="bbox 116 2891 769 2941; baseline 0.011 -15"><span class='ocrx_word' id='word_1_217' title='bbox 116 2891 295 2938; x_wconf 68' lang='lat' dir='ltr'>rysthenis</span> <span class='ocrx_word' id='word_1_218' title='bbox 328 2892 443 2941; x_wconf 83' lang='lat' dir='ltr'>ripam</span> <span class='ocrx_word' id='word_1_219' title='bbox 473 2893 562 2930; x_wconf 85' lang='lat' dir='ltr'>sitae</span> <span class='ocrx_word' id='word_1_220' title='bbox 594 2895 640 2930; x_wconf 87' lang='lat' dir='ltr'>ad</span> <span class='ocrx_word' id='word_1_221' title='bbox 662 2896 769 2933; x_wconf 85' lang='lat' dir='ltr'>Kiew</span> 
     </span>
    </p>
   </div>
   <div class='ocr_carea' id='block_1_7' title="bbox 411 424 1439 482">
    <p class='ocr_par' dir='ltr' id='par_1_8' title="bbox 411 424 1439 482">
     <span class='ocr_line' id='line_1_49' title="bbox 411 424 1439 482; baseline -0.001 -12"><span class='ocrx_word' id='word_1_222' title='bbox 411 427 582 470; x_wconf 79' lang='grc' dir='ltr'><em>τούτων</em></span> <span class='ocrx_word' id='word_1_223' title='bbox 631 427 677 470; x_wconf 81' lang='grc' dir='ltr'>δὲ</span> <span class='ocrx_word' id='word_1_224' title='bbox 726 425 977 480; x_wconf 78' lang='grc' dir='ltr'><strong>κατύπερθε</strong></span> <span class='ocrx_word' id='word_1_225' title='bbox 1027 424 1218 469; x_wconf 83' lang='grc' dir='ltr'><em>οἰκέουσι</em></span> <span class='ocrx_word' id='word_1_226' title='bbox 1258 429 1439 482; x_wconf 80' lang='grc' dir='ltr'><strong><em>Νευροί.</em></strong></span> 
     </span>
    </p>
   </div>
   <div class='ocr_carea' id='block_1_8' title="bbox 826 577 1497 2990">
    <p class='ocr_par' dir='ltr' id='par_1_9' title="bbox 826 577 1497 2990">
     <span class='ocr_line' id='line_1_50' title="bbox 834 577 1495 628; baseline 0.003 -15"><span class='ocrx_word' id='word_1_227' title='bbox 834 590 949 626; x_wconf 86' lang='lat' dir='ltr'>usque</span> <span class='ocrx_word' id='word_1_228' title='bbox 976 579 1161 628; x_wconf 81' lang='lat' dir='ltr'>pertinent</span> <span class='ocrx_word' id='word_1_229' title='bbox 1182 577 1364 626; x_wconf 59' lang='lat' dir='ltr'>(Ultraine</span> <span class='ocrx_word' id='word_1_230' title='bbox 1385 577 1495 628; x_wconf 84' lang='lat' dir='ltr'>vulgo</span> 
     </span>
     <span class='ocr_line' id='line_1_51' title="bbox 833 635 1497 684; baseline 0.002 -14"><span class='ocrx_word' id='word_1_231' title='bbox 833 636 1078 684; x_wconf 85' lang='lat' dir='ltr'>nuncupant),</span> <span class='ocrx_word' id='word_1_232' title='bbox 1102 647 1235 684; x_wconf 82' lang='lat' dir='ltr'>magna</span> <span class='ocrx_word' id='word_1_233' title='bbox 1250 635 1420 672; x_wconf 86' lang='lat' dir='ltr'>frumenti</span> <span class='ocrx_word' id='word_1_234' title='bbox 1436 648 1497 672; x_wconf 88' lang='lat' dir='ltr'>co-</span> 
     </span>
     <span class='ocr_line' id='line_1_52' title="bbox 830 690 1496 741; baseline 0.003 -15"><span class='ocrx_word' id='word_1_235' title='bbox 830 690 892 740; x_wconf 87' lang='lat' dir='ltr'>pia</span> <span class='ocrx_word' id='word_1_236' title='bbox 927 696 1140 741; x_wconf 84' lang='lat' dir='ltr'>exportatur</span> <span class='ocrx_word' id='word_1_237' title='bbox 1183 705 1251 741; x_wconf 90' lang='lat' dir='ltr'>per</span> <span class='ocrx_word' id='word_1_238' title='bbox 1280 690 1387 728; x_wconf 88' lang='lat' dir='ltr'>Ponti</span> <span class='ocrx_word' id='word_1_239' title='bbox 1420 691 1496 728; x_wconf 92' lang='lat' dir='ltr'>Eu-</span> 
     </span>
     <span class='ocr_line' id='line_1_53' title="bbox 831 746 1496 798; baseline 0.006 -17"><span class='ocrx_word' id='word_1_240' title='bbox 831 746 901 782; x_wconf 82' lang='lat' dir='ltr'>xini</span> <span class='ocrx_word' id='word_1_241' title='bbox 923 749 1100 798; x_wconf 90' lang='lat' dir='ltr'>emporia,</span> <span class='ocrx_word' id='word_1_242' title='bbox 1129 747 1180 784; x_wconf 87' lang='lat' dir='ltr'>ita</span> <span class='ocrx_word' id='word_1_243' title='bbox 1206 747 1407 796; x_wconf 85' lang='lat' dir='ltr'>antiquitus</span> <span class='ocrx_word' id='word_1_244' title='bbox 1425 749 1496 785; x_wconf 90' lang='lat' dir='ltr'>iam</span> 
     </span>
     <span class='ocr_line' id='line_1_54' title="bbox 830 803 1496 842; baseline 0.006 -4"><span class='ocrx_word' id='word_1_245' title='bbox 830 815 873 839; x_wconf 88' lang='lat' dir='ltr'>ex</span> <span class='ocrx_word' id='word_1_246' title='bbox 895 803 1023 840; x_wconf 90' lang='lat' dir='ltr'>iisdem</span> <span class='ocrx_word' id='word_1_247' title='bbox 1044 803 1150 841; x_wconf 87' lang='lat' dir='ltr'>terris</span> <span class='ocrx_word' id='word_1_248' title='bbox 1170 805 1353 840; x_wconf 84' lang='lat' dir='ltr'>frumento</span> <span class='ocrx_word' id='word_1_249' title='bbox 1381 805 1496 842; x_wconf 84' lang='lat' dir='ltr'>abun-</span> 
     </span>
     <span class='ocr_line' id='line_1_55' title="bbox 833 859 1496 898; baseline 0.005 -3"><span class='ocrx_word' id='word_1_250' title='bbox 833 859 1005 896; x_wconf 83' lang='lat' dir='ltr'>dantibus</span> <span class='ocrx_word' id='word_1_251' title='bbox 1033 864 1261 898; x_wconf 84' lang='lat' dir='ltr'>mercaturae</span> <span class='ocrx_word' id='word_1_252' title='bbox 1284 873 1394 897; x_wconf 84' lang='lat' dir='ltr'>causa</span> <span class='ocrx_word' id='word_1_253' title='bbox 1419 874 1496 898; x_wconf 90' lang='lat' dir='ltr'>ma-</span> 
     </span>
     <span class='ocr_line' id='line_1_56' title="bbox 831 917 1496 964; baseline 0.005 -13"><span class='ocrx_word' id='word_1_254' title='bbox 831 927 941 964; x_wconf 87' lang='lat' dir='ltr'>gnam</span> <span class='ocrx_word' id='word_1_255' title='bbox 982 917 1154 954; x_wconf 84' lang='lat' dir='ltr'>frumenti</span> <span class='ocrx_word' id='word_1_256' title='bbox 1190 917 1259 954; x_wconf 86' lang='lat' dir='ltr'>vim</span> <span class='ocrx_word' id='word_1_257' title='bbox 1290 917 1404 954; x_wconf 88' lang='lat' dir='ltr'>fuisse</span> <span class='ocrx_word' id='word_1_258' title='bbox 1431 918 1496 954; x_wconf 83' lang='lat'>01-</span> 
     </span>
     <span class='ocr_line' id='line_1_57' title="bbox 831 972 1495 1021; baseline 0.003 -13"><span class='ocrx_word' id='word_1_259' title='bbox 831 972 927 1008; x_wconf 84' lang='lat' dir='ltr'>biam</span> <span class='ocrx_word' id='word_1_260' title='bbox 966 973 1156 1010; x_wconf 86' lang='lat' dir='ltr'>advectam</span> <span class='ocrx_word' id='word_1_261' title='bbox 1171 1000 1181 1019; x_wconf 93' lang='lat'>,</span> <span class='ocrx_word' id='word_1_262' title='bbox 1236 972 1335 1010; x_wconf 89' lang='lat' dir='ltr'>unde</span> <span class='ocrx_word' id='word_1_263' title='bbox 1375 973 1495 1021; x_wconf 74' lang='lat' dir='ltr'>Iones,</span> 
     </span>
     <span class='ocr_line' id='line_1_58' title="bbox 829 1028 1494 1076; baseline 0.005 -12"><span class='ocrx_word' id='word_1_264' title='bbox 829 1028 1089 1076; x_wconf 83' lang='lat' dir='ltr'>Athenienses,</span> <span class='ocrx_word' id='word_1_265' title='bbox 1111 1029 1169 1066; x_wconf 86' lang='lat' dir='ltr'>alii</span> <span class='ocrx_word' id='word_1_266' title='bbox 1192 1029 1327 1067; x_wconf 85' lang='lat' dir='ltr'>Graeci</span> <span class='ocrx_word' id='word_1_267' title='bbox 1347 1030 1383 1066; x_wconf 91' lang='lat' dir='ltr'>in</span> <span class='ocrx_word' id='word_1_268' title='bbox 1406 1029 1494 1067; x_wconf 82' lang='lat' dir='ltr'>alias</span> 
     </span>
     <span class='ocr_line' id='line_1_59' title="bbox 830 1085 1494 1135; baseline 0.006 -15"><span class='ocrx_word' id='word_1_269' title='bbox 830 1085 928 1121; x_wconf 90' lang='lat' dir='ltr'>orbis</span> <span class='ocrx_word' id='word_1_270' title='bbox 965 1090 1142 1123; x_wconf 85' lang='lat' dir='ltr'>terrarum</span> <span class='ocrx_word' id='word_1_271' title='bbox 1182 1091 1306 1135; x_wconf 87' lang='lat' dir='ltr'>partes</span> <span class='ocrx_word' id='word_1_272' title='bbox 1342 1087 1494 1124; x_wconf 88' lang='lat' dir='ltr'>navibus</span> 
     </span>
     <span class='ocr_line' id='line_1_60' title="bbox 829 1140 1323 1180; baseline 0.002 -3"><span class='ocrx_word' id='word_1_273' title='bbox 829 1140 916 1178; x_wconf 80' lang='lat' dir='ltr'>illud</span> <span class='ocrx_word' id='word_1_274' title='bbox 938 1141 1032 1178; x_wconf 86' lang='lat' dir='ltr'>ultra</span> <span class='ocrx_word' id='word_1_275' title='bbox 1048 1144 1323 1180; x_wconf 81' lang='lat' dir='ltr'>transvexerint.</span> 
     </span>
     <span class='ocr_line' id='line_1_61' title="bbox 886 1193 1495 1251; baseline 0.003 -15"><span class='ocrx_word' id='word_1_276' title='bbox 886 1193 1039 1236; x_wconf 81' lang='grc' dir='ltr'>τούτων</span> <span class='ocrx_word' id='word_1_277' title='bbox 1062 1197 1105 1237; x_wconf 82' lang='grc' dir='ltr'>δὲ</span> <span class='ocrx_word' id='word_1_278' title='bbox 1128 1194 1357 1251; x_wconf 74' lang='grc' dir='ltr'><em>κατύπερθε</em></span> <span class='ocrx_word' id='word_1_279' title='bbox 1389 1198 1495 1238; x_wconf 82' lang='grc' dir='ltr'><em>οἰκέ-</em></span> 
     </span>
     <span class='ocr_line' id='line_1_62' title="bbox 832 1253 1494 1304; baseline 0.003 -12"><span class='ocrx_word' id='word_1_280' title='bbox 832 1267 921 1293; x_wconf 88' lang='grc' dir='ltr'>ουσι</span> <span class='ocrx_word' id='word_1_281' title='bbox 964 1254 1139 1304; x_wconf 75' lang='grc' dir='ltr'>Νευροί]</span> <span class='ocrx_word' id='word_1_282' title='bbox 1212 1253 1364 1295; x_wconf 82' lang='grc' dir='ltr'><em>τούτων</em></span> <span class='ocrx_word' id='word_1_283' title='bbox 1413 1269 1494 1294; x_wconf 92' lang='lat' dir='ltr'>cum</span> 
     </span>
     <span class='ocr_line' id='line_1_63' title="bbox 832 1311 1493 1362; baseline 0.008 -15"><span class='ocrx_word' id='word_1_284' title='bbox 832 1311 949 1348; x_wconf 88' lang='lat' dir='ltr'>Gaisf.</span> <span class='ocrx_word' id='word_1_285' title='bbox 976 1316 1012 1349; x_wconf 87' lang='lat' dir='ltr'>et</span> <span class='ocrx_word' id='word_1_286' title='bbox 1034 1311 1166 1349; x_wconf 85' lang='lat' dir='ltr'>Matth.</span> <span class='ocrx_word' id='word_1_287' title='bbox 1191 1312 1277 1350; x_wconf 87' lang='lat' dir='ltr'>dedi</span> <span class='ocrx_word' id='word_1_288' title='bbox 1304 1325 1372 1362; x_wconf 91' lang='lat' dir='ltr'>pro</span> <span class='ocrx_word' id='word_1_289' title='bbox 1402 1328 1493 1352; x_wconf 86' lang='grc' dir='ltr'>του-</span> 
     </span>
     <span class='ocr_line' id='line_1_64' title="bbox 830 1365 1494 1419; baseline 0.002 -14"><span class='ocrx_word' id='word_1_290' title='bbox 830 1366 940 1406; x_wconf 83' lang='grc' dir='ltr'><strong><em>τέων.</em></strong></span> <span class='ocrx_word' id='word_1_291' title='bbox 984 1365 1145 1414; x_wconf 75' lang='lat' dir='ltr'>Neuros,</span> <span class='ocrx_word' id='word_1_292' title='bbox 1178 1368 1226 1406; x_wconf 88' lang='lat' dir='ltr'>de</span> <span class='ocrx_word' id='word_1_293' title='bbox 1247 1370 1378 1419; x_wconf 90' lang='lat' dir='ltr'>quibus</span> <span class='ocrx_word' id='word_1_294' title='bbox 1399 1370 1494 1406; x_wconf 86' lang='lat' dir='ltr'>infra</span> 
     </span>
     <span class='ocr_line' id='line_1_65' title="bbox 830 1424 1495 1476; baseline -0.005 -10"><span class='ocrx_word' id='word_1_295' title='bbox 830 1424 894 1471; x_wconf 63' lang='lat' dir='ltr'>IV,</span> <span class='ocrx_word' id='word_1_296' title='bbox 917 1424 983 1465; x_wconf 89' lang='lat'>51.</span> <span class='ocrx_word' id='word_1_297' title='bbox 1006 1426 1109 1472; x_wconf 88' lang='grc'>105,</span> <span class='ocrx_word' id='word_1_298' title='bbox 1144 1427 1193 1462; x_wconf 88' lang='lat' dir='ltr'>ad</span> <span class='ocrx_word' id='word_1_299' title='bbox 1219 1426 1337 1464; x_wconf 87' lang='lat' dir='ltr'>fontes</span> <span class='ocrx_word' id='word_1_300' title='bbox 1363 1425 1495 1476; x_wconf 80' lang='lat' dir='ltr'>Hypa-</span> 
     </span>
     <span class='ocr_line' id='line_1_66' title="bbox 829 1480 1494 1531; baseline 0.006 -15"><span class='ocrx_word' id='word_1_301' title='bbox 829 1481 886 1516; x_wconf 87' lang='lat' dir='ltr'>nis</span> <span class='ocrx_word' id='word_1_302' title='bbox 910 1480 1032 1530; x_wconf 83' lang='lat' dir='ltr'>(Bug)</span> <span class='ocrx_word' id='word_1_303' title='bbox 1065 1486 1100 1519; x_wconf 88' lang='lat' dir='ltr'>et</span> <span class='ocrx_word' id='word_1_304' title='bbox 1129 1480 1253 1530; x_wconf 74' lang='lat' dir='ltr'>Tyrae</span> <span class='ocrx_word' id='word_1_305' title='bbox 1282 1482 1494 1531; x_wconf 85' lang='lat' dir='ltr'>(Dniester)</span> 
     </span>
     <span class='ocr_line' id='line_1_67' title="bbox 829 1537 1494 1588; baseline 0.006 -16"><span class='ocrx_word' id='word_1_306' title='bbox 829 1537 866 1573; x_wconf 89' lang='lat' dir='ltr'>in</span> <span class='ocrx_word' id='word_1_307' title='bbox 907 1537 1068 1575; x_wconf 87' lang='lat' dir='ltr'>Galitiae</span> <span class='ocrx_word' id='word_1_308' title='bbox 1113 1540 1340 1588; x_wconf 84' lang='lat' dir='ltr'>regioneque</span> <span class='ocrx_word' id='word_1_309' title='bbox 1376 1539 1494 1576; x_wconf 85' lang='lat' dir='ltr'>vicina</span> 
     </span>
     <span class='ocr_line' id='line_1_68' title="bbox 829 1593 1493 1632; baseline 0.003 -2"><span class='ocrx_word' id='word_1_310' title='bbox 829 1593 955 1630; x_wconf 85' lang='lat' dir='ltr'>Lutzk</span> <span class='ocrx_word' id='word_1_311' title='bbox 980 1594 1164 1632; x_wconf 84' lang='lat' dir='ltr'>habitasse</span> <span class='ocrx_word' id='word_1_312' title='bbox 1193 1596 1318 1632; x_wconf 85' lang='lat' dir='ltr'>statuit</span> <span class='ocrx_word' id='word_1_313' title='bbox 1338 1594 1493 1632; x_wconf 83' lang='lat' dir='ltr'>Rennel.</span> 
     </span>
     <span class='ocr_line' id='line_1_69' title="bbox 830 1649 1492 1701; baseline 0.003 -15"><span class='ocrx_word' id='word_1_314' title='bbox 830 1649 851 1688; x_wconf 94' lang='lat' dir='ltr'>l.</span> <span class='ocrx_word' id='word_1_315' title='bbox 876 1649 898 1686; x_wconf 89' lang='lat' dir='ltr'>l.</span> <span class='ocrx_word' id='word_1_316' title='bbox 920 1662 1005 1699; x_wconf 83' lang='lat' dir='ltr'>pag.</span> <span class='ocrx_word' id='word_1_317' title='bbox 1028 1650 1135 1696; x_wconf 82' lang='grc'>415,</span> <span class='ocrx_word' id='word_1_318' title='bbox 1173 1663 1265 1701; x_wconf 88' lang='lat' dir='ltr'>quos</span> <span class='ocrx_word' id='word_1_319' title='bbox 1287 1652 1436 1689; x_wconf 88' lang='lat' dir='ltr'>eosdem</span> <span class='ocrx_word' id='word_1_320' title='bbox 1455 1651 1492 1688; x_wconf 89' lang='lat' dir='ltr'>in</span> 
     </span>
     <span class='ocr_line' id='line_1_70' title="bbox 829 1706 1493 1757; baseline 0.003 -15"><span class='ocrx_word' id='word_1_321' title='bbox 829 1707 1039 1755; x_wconf 77' lang='lat' dir='ltr'>regionibus</span> <span class='ocrx_word' id='word_1_322' title='bbox 1069 1720 1186 1757; x_wconf 86' lang='lat' dir='ltr'>prope</span> <span class='ocrx_word' id='word_1_323' title='bbox 1217 1706 1406 1756; x_wconf 80' lang='lat' dir='ltr'>Lemberg</span> <span class='ocrx_word' id='word_1_324' title='bbox 1427 1709 1493 1744; x_wconf 78' lang='lat' dir='ltr'>Vi-</span> 
     </span>
     <span class='ocr_line' id='line_1_71' title="bbox 829 1763 1492 1802; baseline 0.002 -2"><span class='ocrx_word' id='word_1_325' title='bbox 829 1763 960 1800; x_wconf 79' lang='lat' dir='ltr'>stulam</span> <span class='ocrx_word' id='word_1_326' title='bbox 985 1776 1110 1801; x_wconf 78' lang='lat' dir='ltr'>versus</span> <span class='ocrx_word' id='word_1_327' title='bbox 1132 1765 1239 1801; x_wconf 84' lang='lat' dir='ltr'>sedes</span> <span class='ocrx_word' id='word_1_328' title='bbox 1272 1777 1354 1802; x_wconf 87' lang='lat' dir='ltr'>suas</span> <span class='ocrx_word' id='word_1_329' title='bbox 1378 1764 1492 1801; x_wconf 91' lang='lat' dir='ltr'>habu-</span> 
     </span>
     <span class='ocr_line' id='line_1_72' title="bbox 829 1820 1491 1870; baseline 0.003 -14"><span class='ocrx_word' id='word_1_330' title='bbox 829 1820 899 1857; x_wconf 88' lang='lat' dir='ltr'>isse</span> <span class='ocrx_word' id='word_1_331' title='bbox 920 1820 1028 1858; x_wconf 88' lang='lat' dir='ltr'>docet</span> <span class='ocrx_word' id='word_1_332' title='bbox 1048 1820 1233 1858; x_wconf 86' lang='lat' dir='ltr'>Mannert.</span> <span class='ocrx_word' id='word_1_333' title='bbox 1256 1822 1307 1858; x_wconf 90' lang='lat' dir='ltr'>lV</span> <span class='ocrx_word' id='word_1_334' title='bbox 1336 1834 1371 1870; x_wconf 90' lang='lat' dir='ltr'>p.</span> <span class='ocrx_word' id='word_1_335' title='bbox 1400 1823 1491 1861; x_wconf 83' lang='lat'>103.</span> 
     </span>
     <span class='ocr_line' id='line_1_73' title="bbox 828 1876 1492 1916; baseline 0.006 -4"><span class='ocrx_word' id='word_1_336' title='bbox 828 1876 879 1913; x_wconf 86' lang='lat' dir='ltr'>Et</span> <span class='ocrx_word' id='word_1_337' title='bbox 908 1889 995 1913; x_wconf 85' lang='lat' dir='ltr'>sane</span> <span class='ocrx_word' id='word_1_338' title='bbox 1025 1890 1068 1914; x_wconf 92' lang='lat' dir='ltr'>eo</span> <span class='ocrx_word' id='word_1_339' title='bbox 1096 1878 1228 1915; x_wconf 84' lang='lat' dir='ltr'>ducere</span> <span class='ocrx_word' id='word_1_340' title='bbox 1249 1878 1393 1916; x_wconf 71' lang='lat' dir='ltr'>videtur</span> <span class='ocrx_word' id='word_1_341' title='bbox 1412 1877 1492 1916; x_wconf 85' lang='lat' dir='ltr'>He-</span> 
     </span>
     <span class='ocr_line' id='line_1_74' title="bbox 828 1933 1490 1983; baseline 0.003 -15"><span class='ocrx_word' id='word_1_342' title='bbox 828 1933 980 1969; x_wconf 84' lang='lat' dir='ltr'>rodotus</span> <span class='ocrx_word' id='word_1_343' title='bbox 1001 1934 1079 1983; x_wconf 86' lang='lat' dir='ltr'>ipse</span> <span class='ocrx_word' id='word_1_344' title='bbox 1101 1934 1163 1981; x_wconf 88' lang='lat' dir='ltr'>IV,</span> <span class='ocrx_word' id='word_1_345' title='bbox 1188 1937 1279 1974; x_wconf 87' lang='lat'>100.</span> <span class='ocrx_word' id='word_1_346' title='bbox 1329 1935 1490 1971; x_wconf 85' lang='lat' dir='ltr'>Heeren.</span> 
     </span>
     <span class='ocr_line' id='line_1_75' title="bbox 831 1989 1491 2040; baseline 0.005 -15"><span class='ocrx_word' id='word_1_347' title='bbox 831 1989 942 2026; x_wconf 82' lang='lat' dir='ltr'>ldeen</span> <span class='ocrx_word' id='word_1_348' title='bbox 967 1990 993 2036; x_wconf 77' lang='lat' dir='ltr'>l,</span> <span class='ocrx_word' id='word_1_349' title='bbox 1014 1993 1040 2030; x_wconf 82' lang='lat'><strong>2</strong></span> <span class='ocrx_word' id='word_1_350' title='bbox 1058 2003 1145 2040; x_wconf 83' lang='lat' dir='ltr'>pag.</span> <span class='ocrx_word' id='word_1_351' title='bbox 1169 1993 1252 2031; x_wconf 77' lang='lat'>276</span> <span class='ocrx_word' id='word_1_352' title='bbox 1276 1992 1312 2027; x_wconf 90' lang='lat' dir='ltr'>in</span> <span class='ocrx_word' id='word_1_353' title='bbox 1336 1990 1491 2028; x_wconf 86' lang='lat' dir='ltr'>Polonia</span> 
     </span>
     <span class='ocr_line' id='line_1_76' title="bbox 831 2046 1491 2096; baseline 0.003 -15"><span class='ocrx_word' id='word_1_354' title='bbox 831 2046 992 2083; x_wconf 81' lang='lat' dir='ltr'>interiori</span> <span class='ocrx_word' id='word_1_355' title='bbox 1016 2059 1057 2083; x_wconf 91' lang='lat' dir='ltr'>ac</span> <span class='ocrx_word' id='word_1_356' title='bbox 1076 2046 1273 2084; x_wconf 83' lang='lat' dir='ltr'>Lithuania</span> <span class='ocrx_word' id='word_1_357' title='bbox 1302 2060 1324 2083; x_wconf 87' lang='lat' dir='ltr'>a</span> <span class='ocrx_word' id='word_1_358' title='bbox 1351 2048 1491 2096; x_wconf 88' lang='lat' dir='ltr'>Carpa-</span> 
     </span>
     <span class='ocr_line' id='line_1_77' title="bbox 831 2102 1491 2152; baseline 0.005 -15"><span class='ocrx_word' id='word_1_359' title='bbox 831 2103 927 2138; x_wconf 85' lang='lat' dir='ltr'>tibus</span> <span class='ocrx_word' id='word_1_360' title='bbox 957 2103 1140 2140; x_wconf 87' lang='lat' dir='ltr'>montibus</span> <span class='ocrx_word' id='word_1_361' title='bbox 1174 2102 1348 2152; x_wconf 87' lang='lat' dir='ltr'>lacuque,</span> <span class='ocrx_word' id='word_1_362' title='bbox 1392 2104 1491 2140; x_wconf 82' lang='lat' dir='ltr'>unde</span> 
     </span>
     <span class='ocr_line' id='line_1_78' title="bbox 830 2158 1490 2209; baseline 0.005 -16"><span class='ocrx_word' id='word_1_363' title='bbox 830 2158 949 2206; x_wconf 74' lang='lat' dir='ltr'>Tyras</span> <span class='ocrx_word' id='word_1_364' title='bbox 968 2161 1179 2209; x_wconf 84' lang='lat' dir='ltr'>proveniat,</span> <span class='ocrx_word' id='word_1_365' title='bbox 1202 2161 1490 2208; x_wconf 86' lang='lat' dir='ltr'>septentrionem</span> 
     </span>
     <span class='ocr_line' id='line_1_79' title="bbox 829 2216 1489 2264; baseline 0.006 -15"><span class='ocrx_word' id='word_1_366' title='bbox 829 2228 952 2251; x_wconf 76' lang='lat' dir='ltr'>versus</span> <span class='ocrx_word' id='word_1_367' title='bbox 985 2228 1102 2264; x_wconf 91' lang='lat' dir='ltr'>usque</span> <span class='ocrx_word' id='word_1_368' title='bbox 1142 2217 1190 2252; x_wconf 89' lang='lat' dir='ltr'>ad</span> <span class='ocrx_word' id='word_1_369' title='bbox 1222 2216 1489 2264; x_wconf 75' lang='lat' dir='ltr'>Borysthenem</span> 
     </span>
     <span class='ocr_line' id='line_1_80' title="bbox 828 2271 1489 2317; baseline 0.003 -10"><span class='ocrx_word' id='word_1_370' title='bbox 828 2276 1071 2308; x_wconf 85' lang='lat' dir='ltr'>commoratos</span> <span class='ocrx_word' id='word_1_371' title='bbox 1091 2284 1171 2309; x_wconf 88' lang='lat' dir='ltr'>esse</span> <span class='ocrx_word' id='word_1_372' title='bbox 1184 2271 1326 2309; x_wconf 84' lang='lat' dir='ltr'>Neuros</span> <span class='ocrx_word' id='word_1_373' title='bbox 1344 2273 1489 2317; x_wconf 81' lang='lat' dir='ltr'>scribit3</span> 
     </span>
     <span class='ocr_line' id='line_1_81' title="bbox 828 2328 1489 2376; baseline 0.002 -13"><span class='ocrx_word' id='word_1_374' title='bbox 828 2341 920 2376; x_wconf 73' lang='lat' dir='ltr'>quos</span> <span class='ocrx_word' id='word_1_375' title='bbox 943 2329 979 2364; x_wconf 90' lang='lat' dir='ltr'>in</span> <span class='ocrx_word' id='word_1_376' title='bbox 1001 2329 1176 2366; x_wconf 87' lang='lat' dir='ltr'>Poloniae</span> <span class='ocrx_word' id='word_1_377' title='bbox 1201 2341 1243 2366; x_wconf 92' lang='lat' dir='ltr'>ac</span> <span class='ocrx_word' id='word_1_378' title='bbox 1268 2328 1489 2365; x_wconf 86' lang='lat' dir='ltr'>Lithuaniae</span> 
     </span>
     <span class='ocr_line' id='line_1_82' title="bbox 828 2384 1487 2423; baseline 0 -2"><span class='ocrx_word' id='word_1_379' title='bbox 828 2385 993 2421; x_wconf 77' lang='lat' dir='ltr'>confiniis</span> <span class='ocrx_word' id='word_1_380' title='bbox 1024 2386 1165 2423; x_wconf 88' lang='lat' dir='ltr'>sedisse</span> <span class='ocrx_word' id='word_1_381' title='bbox 1192 2385 1268 2422; x_wconf 78' lang='lat' dir='ltr'>vult</span> <span class='ocrx_word' id='word_1_382' title='bbox 1293 2384 1487 2423; x_wconf 85' lang='lat' dir='ltr'>Reichard.</span> 
     </span>
     <span class='ocr_line' id='line_1_83' title="bbox 828 2440 1489 2491; baseline -0.002 -13"><span class='ocrx_word' id='word_1_383' title='bbox 828 2441 850 2478; x_wconf 91' lang='lat' dir='ltr'>l.</span> <span class='ocrx_word' id='word_1_384' title='bbox 874 2441 894 2478; x_wconf 90' lang='lat' dir='ltr'>l.</span> <span class='ocrx_word' id='word_1_385' title='bbox 911 2455 946 2491; x_wconf 91' lang='lat' dir='ltr'>p.</span> <span class='ocrx_word' id='word_1_386' title='bbox 965 2442 1038 2482; x_wconf 88' lang='lat'>57:</span> <span class='ocrx_word' id='word_1_387' title='bbox 1069 2443 1130 2479; x_wconf 91' lang='lat' dir='ltr'>ubi</span> <span class='ocrx_word' id='word_1_388' title='bbox 1151 2446 1187 2479; x_wconf 85' lang='lat' dir='ltr'>et</span> <span class='ocrx_word' id='word_1_389' title='bbox 1205 2442 1334 2479; x_wconf 79' lang='lat' dir='ltr'>fluvius</span> <span class='ocrx_word' id='word_1_390' title='bbox 1358 2440 1489 2478; x_wconf 82' lang='lat' dir='ltr'>Narew</span> 
     </span>
     <span class='ocr_line' id='line_1_84' title="bbox 829 2498 1487 2547; baseline 0 -13"><span class='ocrx_word' id='word_1_391' title='bbox 829 2498 989 2547; x_wconf 87' lang='lat' dir='ltr'>urbsque</span> <span class='ocrx_word' id='word_1_392' title='bbox 1007 2499 1168 2536; x_wconf 87' lang='lat' dir='ltr'>eiusdem</span> <span class='ocrx_word' id='word_1_393' title='bbox 1182 2499 1335 2535; x_wconf 89' lang='lat' dir='ltr'>nominis</span> <span class='ocrx_word' id='word_1_394' title='bbox 1348 2499 1396 2535; x_wconf 88' lang='lat' dir='ltr'>ad</span> <span class='ocrx_word' id='word_1_395' title='bbox 1413 2498 1487 2535; x_wconf 87' lang='lat' dir='ltr'>eius</span> 
     </span>
     <span class='ocr_line' id='line_1_85' title="bbox 828 2553 1487 2604; baseline -0.003 -12"><span class='ocrx_word' id='word_1_396' title='bbox 828 2556 947 2592; x_wconf 82' lang='lat' dir='ltr'>sontes</span> <span class='ocrx_word' id='word_1_397' title='bbox 975 2556 1122 2592; x_wconf 86' lang='lat' dir='ltr'>condita</span> <span class='ocrx_word' id='word_1_398' title='bbox 1147 2555 1319 2604; x_wconf 88' lang='lat' dir='ltr'>lacusque</span> <span class='ocrx_word' id='word_1_399' title='bbox 1346 2553 1487 2592; x_wconf 72' lang='lat' dir='ltr'>Narosz</span> 
     </span>
     <span class='ocr_line' id='line_1_86' title="bbox 829 2610 1487 2660; baseline -0.002 -12"><span class='ocrx_word' id='word_1_400' title='bbox 829 2613 865 2648; x_wconf 88' lang='lat' dir='ltr'>in</span> <span class='ocrx_word' id='word_1_401' title='bbox 904 2611 1080 2660; x_wconf 82' lang='lat' dir='ltr'>gubernio</span> <span class='ocrx_word' id='word_1_402' title='bbox 1121 2612 1245 2648; x_wconf 77' lang='lat' dir='ltr'>Minsk</span> <span class='ocrx_word' id='word_1_403' title='bbox 1288 2610 1487 2648; x_wconf 69' lang='lat' dir='ltr'>Nemorum</span> 
     </span>
     <span class='ocr_line' id='line_1_87' title="bbox 829 2668 1488 2719; baseline 0 -15"><span class='ocrx_word' id='word_1_404' title='bbox 829 2669 982 2717; x_wconf 72' lang='lat' dir='ltr'>vestigia</span> <span class='ocrx_word' id='word_1_405' title='bbox 1001 2669 1159 2719; x_wconf 88' lang='lat' dir='ltr'>prodere</span> <span class='ocrx_word' id='word_1_406' title='bbox 1178 2669 1382 2706; x_wconf 80' lang='lat' dir='ltr'>videantur.</span> <span class='ocrx_word' id='word_1_407' title='bbox 1429 2668 1488 2704; x_wconf 90' lang='lat' dir='ltr'>In-</span> 
     </span>
     <span class='ocr_line' id='line_1_88' title="bbox 828 2725 1487 2776; baseline -0.003 -14"><span class='ocrx_word' id='word_1_408' title='bbox 828 2731 884 2762; x_wconf 89' lang='lat' dir='ltr'>ter</span> <span class='ocrx_word' id='word_1_409' title='bbox 907 2729 1047 2762; x_wconf 80' lang='lat' dir='ltr'>veteres</span> <span class='ocrx_word' id='word_1_410' title='bbox 1078 2730 1225 2776; x_wconf 85' lang='lat' dir='ltr'>praeter</span> <span class='ocrx_word' id='word_1_411' title='bbox 1256 2725 1487 2762; x_wconf 89' lang='lat' dir='ltr'>Herodotum</span> 
     </span>
     <span class='ocr_line' id='line_1_89' title="bbox 830 2781 1487 2830; baseline -0.005 -11"><span class='ocrx_word' id='word_1_412' title='bbox 830 2781 1025 2819; x_wconf 73' lang='lat' dir='ltr'>Nemorum</span> <span class='ocrx_word' id='word_1_413' title='bbox 1073 2782 1192 2830; x_wconf 82' lang='lat' dir='ltr'>gentis</span> <span class='ocrx_word' id='word_1_414' title='bbox 1245 2782 1487 2818; x_wconf 88' lang='lat' dir='ltr'>meminerunt</span> 
     </span>
     <span class='ocr_line' id='line_1_90' title="bbox 827 2837 1485 2885; baseline 0.003 -10"><span class='ocrx_word' id='word_1_415' title='bbox 827 2839 963 2875; x_wconf 85' lang='lat' dir='ltr'>Plinius</span> <span class='ocrx_word' id='word_1_416' title='bbox 1002 2838 1050 2875; x_wconf 91' lang='lat' dir='ltr'>H.</span> <span class='ocrx_word' id='word_1_417' title='bbox 1082 2837 1132 2875; x_wconf 89' lang='lat' dir='ltr'>N.</span> <span class='ocrx_word' id='word_1_418' title='bbox 1162 2838 1232 2883; x_wconf 74' lang='lat' dir='ltr'>lv,</span> <span class='ocrx_word' id='word_1_419' title='bbox 1271 2840 1384 2885; x_wconf 82' lang='lat'>(26)</span> <span class='ocrx_word' id='word_1_420' title='bbox 1423 2839 1485 2876; x_wconf 81' lang='lat'>12-</span> 
     </span>
     <span class='ocr_line' id='line_1_91' title="bbox 826 2892 1483 2940; baseline -0.005 -9"><span class='ocrx_word' id='word_1_421' title='bbox 826 2892 913 2933; x_wconf 78' lang='lat' dir='ltr'>Mel.</span> <span class='ocrx_word' id='word_1_422' title='bbox 935 2896 982 2939; x_wconf 88' lang='grc' dir='ltr'>ΙΙ,</span> <span class='ocrx_word' id='word_1_423' title='bbox 1010 2897 1046 2939; x_wconf 86' lang='grc'>1,</span> <span class='ocrx_word' id='word_1_424' title='bbox 1069 2895 1133 2935; x_wconf 88' lang='grc'>75.</span> <span class='ocrx_word' id='word_1_425' title='bbox 1160 2895 1262 2940; x_wconf 83' lang='lat'>130,</span> <span class='ocrx_word' id='word_1_426' title='bbox 1304 2893 1483 2929; x_wconf 82' lang='lat' dir='ltr'>Ammian.</span> 
     </span>
     <span class='ocr_line' id='line_1_92' title="bbox 1121 2947 1208 2990; baseline 0.011 -1"><span class='ocrx_word' id='word_1_427' title='bbox 1121 2952 1174 2990; x_wconf 78' lang='lat'>20</span> <span class='ocrx_word' id='word_1_428' title='bbox 1190 2947 1208 2966; x_wconf 83' lang='lat'>*</span> 
     </span>
    </p>
   </div>
  </div>
 </body>
</html>
