1904 3304
468 277 1016 317 MELPOMENE
1086 279 1147 318 IV.

175 385 355 445 μεγάθεϊ
394 387 552 443 σμικρή
593 387 748 439 ἐοῦσα,
788 392 919 446 κιρνᾷ
957 387 1036 432 τόν
1060 386 1273 441 ‘Tuccium
1316 387 1446 432 ἐόντα
1504 403 1587 444 305

147 456 376 514 4ποταμόν
410 457 456 501 ἐν
487 456 671 514 ὀλίγοισι
702 459 849 515 μέγαν.

1362 282 1447 321 38⁰1

911 459 1000 503 ἔστι
1029 458 1075 503 δὲ
1105 456 1131 515 ἡ
1162 459 1301 515 κρήνη
1334 459 1445 515 αὕτη
1457 467 1502 500 66

173 530 220 573 ἐν
258 527 431 583 οὔροισι
465 529 607 585 χώρης
645 534 720 586 τῆς
762 547 806 574 τε
849 528 1085 586 ἀροτήρων
1112 531 1333 575 Σκυθέων
1371 532 1445 575 καὶ

169 598 442 652 Ἀλαζώνων·
498 601 670 657 οὕνομα
701 603 746 645 δὲ
775 607 829 659 τῇ
859 600 1025 658 κρήνῃ,
1069 601 1165 653 καὶ,
1208 602 1314 647 ὅθεν
1345 604 1443 660 ῥέει,

172 673 233 728 τῷ
262 668 410 730 χώρῳ,
443 673 663 715 Σκυθιστὶ
691 673 790 729 μὲν,

143 740 393 799 5Ἐλλήνων
428 748 657 800 γλῶσσαν,
698 742 801 799 Ἱραὶ
841 743 955 788 ὁδοί.

819 672 1099 729 Ἐξαμπαῖος·
1149 674 1261 718 κατὰ
1292 675 1338 719 δὲ
1369 673 1503 732 τὴν7ο

1025 742 1267 800 συνάγουσι
1309 746 1356 789 δὲ
1392 746 1445 790 τὰ

169 813 359 869 τέρματα
389 814 413 858 ὅ
443 832 486 859 τε
515 814 659 872 Τύρης
681 816 754 858 καὶ
785 813 808 859 ὁ
827 814 1013 865 ‘'Tuamg
1042 814 1154 857 κατὰ
1178 813 1443 870 Ἀλάζωνας·

113 1000 192 1036 nios
211 1012 238 1036 s.
256 1000 352 1049 Bugi
374 1000 510 1050 ripam,
542 1001 615 1048 qua
636 1000 672 1035 in
691 1011 772 1036 eum

113 1056 277 1093 Selnitza
306 1057 436 1093 influit.
487 1055 559 1093 lllie
588 1056 682 1093 enim
706 1056 773 1092 mi-

112 1112 244 1150 neralis
267 1113 360 1149 fons.
407 1112 496 1149 Mox
521 1118 641 1149 tamen
663 1112 773 1149 subii-

113 1170 180 1215 cit,
221 1169 400 1206 Herodoti
424 1171 559 1206 fontem
589 1170 696 1206 situm
723 1169 774 1205 vi-

112 1226 189 1262 deri
219 1238 240 1261 a
270 1227 518 1275 septentrione
546 1227 664 1274 Bugi3
707 1226 775 1263 etsi

113 1282 160 1318 de
182 1282 287 1318 huius
309 1283 408 1318 fluvii
428 1283 691 1328 amaritudine,
715 1295 776 1317 cu-

113 1339 168 1375 ius
192 1338 305 1387 ipsius
334 1351 441 1375 causa
469 1340 513 1375 sit
544 1340 643 1386 sons,
689 1337 775 1374 nihil

114 1395 316 1444 quidquam
344 1408 440 1431 nune
468 1396 643 1432 traditum
669 1408 776 1444 repe-

112 1452 235 1487 riatur.
300 1452 476 1489 Ponticae
520 1465 606 1489 orae
640 1452 774 1497 fontes,

112 1519 186 1543 non
226 1508 293 1543 nisi
329 1508 442 1544 laticis
483 1521 601 1557 paene
644 1508 773 1545 marini

111 1569 288 1599 memorat
307 1565 415 1602 Ovid.
450 1564 504 1599 Ex
526 1564 632 1600 l'ont.
653 1564 713 1610 lll,
736 1566 771 1607 1,

114 1621 177 1659 17.
206 1620 349 1656 Addam
369 1620 423 1656 his
433 1620 607 1657 Koehleri
626 1626 772 1658 senten-

110 1676 328 1723 tiamOIem.
345 1689 406 1712 sur
415 1676 448 1713 la
460 1690 590 1714 course
600 1682 667 1714 cet.
683 1690 770 1714 con-

111 1745 200 1769 sacr.
220 1734 241 1769 a
262 1732 564 1783 Achill.p.126),
587 1734 650 1783 qui
666 1734 771 1770 fabu-

110 1789 179 1826 lam
218 1789 265 1827 de
292 1789 504 1840 Exampaeo
540 1791 645 1828 fonte
685 1790 771 1828 inde

110 1850 236 1883 censet
256 1852 373 1882 ortam
396 1859 499 1892 esse,
531 1848 630 1895 quod
652 1859 771 1896 aquae

111 1903 230 1951 stagni
249 1902 497 1950 Borysthenici
518 1903 716 1953 aliquando
735 1904 772 1940 in

111 1960 227 2007 ipsum
251 1959 398 1995 fluvium
418 1964 608 1997 ventorum
631 1961 666 1997 vi
693 1961 773 1997 fue-

111 2015 182 2051 rint
214 2015 392 2062 reiectae,
442 2029 552 2065 quum
593 2029 689 2066 quae
725 2017 772 2054 de

111 2070 222 2108 hocce
259 2076 452 2108 narrentur
489 2073 593 2110 fonte
633 2086 771 2119 amaro,

110 2127 294 2165 Herodoti
324 2133 446 2166 aetate
478 2130 507 2165 si
535 2141 621 2166 vera
661 2129 772 2167 fuisse

110 2196 309 2233 ponamus,
339 2198 435 2222 nunc
454 2186 600 2223 minime
624 2186 674 2222 ita
690 2198 771 2223 sese

112 2240 283 2278 habeant.
341 2241 464 2290 Atque
502 2254 523 2278 a
560 2243 772 2280 recentioris

111 2297 242 2334 aetatis
293 2298 572 2347 peregrinatore
618 2298 770 2336 relatum

111 2353 255 2401 inveni,
283 2354 433 2391 fluvium
456 2355 631 2405 Hypanin
656 2368 772 2405 prope

113 2410 257 2458 urbem,
288 2423 384 2461 quae
405 2424 501 2449 nunc
525 2417 676 2449 vocatur
700 2411 772 2449 Νί-

113 2464 273 2516 kolajef,
319 2469 484 2517 quamvis
535 2469 771 2519 septuaginta

115 2523 272 2571 quinque
308 2525 383 2561 fere
413 2525 568 2562 Russica
608 2525 772 2562 milliaria

43 2590 50 2598 ’
112 2580 270 2622 (vocant
289 2579 443 2629 lVerst)
476 2594 497 2618 a
532 2584 621 2618 mari
653 2594 771 2619 remo-

115 2638 213 2681 tum,
265 2635 395 2673 salsam
433 2643 554 2675 tamen
593 2639 770 2689 praebere

115 2702 259 2739 aquam.
291 2693 347 2729 Cf.
365 2693 540 2731 Sommer.
560 2694 768 2733 Taaehenb.

115 2760 178 2782 zur
212 2747 387 2787 Verbreit.
440 2763 565 2798 geogr.
602 2752 767 2789 Kenntn.

120 2804 226 2844 1832
247 2817 331 2854 pag.
359 2807 449 2846 129.
512 2807 611 2844 ldem
633 2821 676 2846 ex
697 2809 767 2846 alio

116 2859 232 2895 diario
267 2861 414 2897 allatum
452 2863 603 2912 posthac
639 2865 715 2902 vidi
747 2879 769 2903 a

116 2915 151 2952 T
154 2916 321 2955 zschuck.
342 2919 365 2955 l.
388 2917 409 2954 l.
429 2931 514 2968 pag.
529 2921 596 2965 38,
620 2922 770 2960 fluvium

831 998 1042 1035 milliaribus
1056 998 1273 1047 quibusdam
1286 1004 1502 1050 ante,quam

832 1059 997 1092 excurrat
1033 1055 1069 1091 in
1103 1055 1283 1104 Pontum,
1337 1069 1498 1094 amarum

833 1124 1004 1162 saporem
1043 1112 1217 1159 traxisse,
1270 1125 1378 1162 quem
1410 1115 1500 1150 mari

832 1169 1009 1205 tribuunt.
1061 1168 1101 1204 In
1123 1181 1196 1218 quo
1216 1169 1345 1207 eodem
1367 1171 1500 1219 priuci-

832 1226 889 1275 pis
904 1224 1265 1274 Wiirtembergensis
1282 1227 1399 1263 diario
1420 1240 1499 1264 me-

832 1285 995 1318 moratur
1014 1280 1111 1318 lacus
1131 1283 1248 1318 salsus
1263 1312 1272 1329 ,
1306 1296 1374 1332 per
1390 1297 1499 1332 quem

832 1338 870 1374 in
905 1350 1004 1374 mare
1036 1340 1126 1374 fluat
1153 1338 1316 1387 Tele'gol,
1356 1341 1425 1376 nisi
1451 1340 1500 1376 sit

832 1395 937 1431 huius
959 1400 1074 1431 mater
1096 1395 1230 1443 (sons).
1261 1395 1316 1432 Ac
1339 1397 1500 1445 denique

831 1451 964 1488 Ritter.
989 1451 1176 1498 (Vorhalle
1197 1464 1281 1502 pag.
1305 1451 1407 1503 345)
1430 1466 1499 1489 no·

831 1520 915 1544 men
953 1508 1066 1543 fontis
1094 1507 1303 1557 Exampaei
1333 1509 1496 1558 suspica-

831 1569 889 1599 tur
918 1575 999 1600 esse
1019 1563 1258 1613 Hexc-›zpfacl‚
1297 1565 1498 1614 Asenpfad,

829 1620 940 1669 idque
958 1620 1083 1657 referri
1110 1621 1158 1657 ad
1185 1622 1373 1669 antiquam
1402 1621 1496 1658 viam

829 1688 989 1722 sacram,
1030 1677 1103 1725 qua
1122 1677 1364 1714 Buddhistica
1392 1690 1497 1716 sacra

828 1733 1056 1770 occidentem
1096 1746 1223 1771 versus
1255 1734 1387 1771 fuerint
1422 1740 1497 1773 tra-

829 1790 952 1827 ducta.

886 1901 928 1941 ἐν
951 1897 1115 1952 ὀλίγοισι
1138 1900 1277 1953 μέγαν]
1319 1903 1340 1938 i.
1364 1916 1395 1940 e.
1415 1903 1496 1952 flu-

828 1961 923 1996 vium
941 1961 1033 1996 inter
1044 1960 1190 1995 minores
1203 1971 1373 2007 magnum
1385 1957 1496 2009 (Scy-

828 2016 927 2053 thiae
957 2029 1004 2052 sc.
1034 2017 1129 2052 inter
1157 2016 1288 2052 fluvios
1318 2015 1493 2064 reliquos,

829 2086 909 2109 cum
942 2073 1037 2108 Istro
1064 2069 1336 2121 comparatos),
1373 2078 1414 2108 ut
1437 2085 1494 2109 re·

828 2134 908 2175 ete,
938 2128 1019 2165 mea
1040 2128 1186 2176 quidem
1208 2128 1410 2174 sententia,
1438 2129 1492 2164 in-

828 2189 1051 2235 terpretatur
1080 2184 1281 2233 Schweigh.
1330 2184 1421 2221 Alii:
1452 2186 1492 2221 in

821 2244 949 2292 paucis
964 2253 1148 2289 magnum,
1173 2241 1239 2278 i.e.
1260 2241 1362 2289 longe
1382 2243 1492 2278 omni-

828 2311 887 2335 um
904 2299 1107 2334 maximum.
1148 2297 1207 2335 De
1227 2310 1301 2347 quo
1319 2298 1415 2334 conf.
1438 2298 1492 2334 al-

827 2355 902 2392 lata
923 2355 969 2392 ab
981 2354 1261 2392 Hemsterhusio
1282 2354 1329 2391 ad
1338 2353 1492 2391 Lucian.

828 2413 902 2462 lp.
927 2413 1008 2452 172
1033 2411 1091 2448 ed.
1104 2410 1253 2461 Bipont.
1284 2410 1365 2448 Nec
1385 2411 1494 2448 aliter

828 2468 1017 2506 Letronne
1029 2468 1051 2504 J
1055 2480 1156 2504 ourn.
1176 2468 1210 2504 d.
1224 2467 1366 2504 Savans
1383 2469 1490 2508 1817

828 2538 914 2576 pag.
935 2526 1008 2566 98:
1047 2525 1142 2561 inter
1166 2537 1299 2573 paucos
1320 2535 1489 2572 magnum

829 2584 852 2619 i.
874 2595 906 2620 e.
929 2581 1035 2618 d’une
1054 2581 1240 2630 grandem
1254 2593 1325 2630 peu
1342 2593 1490 2617 commu-

827 2652 881 2676 ne.
906 2660 962 2667 -—
992 2637 1083 2675 Mox
1117 2637 1215 2675 edidi
1246 2636 1288 2676 ἐν
1319 2634 1478 2686 οὔροισι

827 2696 889 2732 ubi
910 2694 1004 2732 male
1022 2694 1104 2731 olim
1124 2691 1165 2733 ἐν
1188 2689 1356 2744 οὔροισι.
1391 2694 1491 2731 Tan·

827 2753 884 2801 git
911 2751 1002 2789 haec
1019 2750 1187 2788 Eustath.
1213 2751 1261 2787 ad
1278 2751 1427 2788 Homer.
1451 2763 1489 2802 p.

829 2807 922 2855 149,
946 2808 997 2849 15
1021 2810 1165 2854 s.112,
1183 2806 1248 2847 51.
1264 2807 1383 2845 -De
1397 2807 1488 2856 Scy-

828 2866 899 2902 this
928 2865 1099 2914 agricolis
1131 2869 1242 2912 atque
1269 2864 1488 2901 Alazonibus

828 2922 922 2960 conf.
945 2926 1039 2959 nott.
1061 2921 1109 2959 ad
1128 2919 1192 2967 lv,
1217 2922 1281 2961 17.

1123 2975 1177 3017 25
1194 2974 1213 2994 Ψ
