1904 3304
95 494 160 540 54

508 247 1073 287 MELPOMENE.
1133 247 1195 284 lv.

470 358 719 374 -----

1405 247 1490 287 393

220 377 302 416 ρην
331 359 378 402 δὲ
407 375 488 402 του
523 374 625 413 ιρου
656 374 725 401 em
755 362 816 417 τῷ
841 358 999 401 Ὑπάνι
1030 355 1375 411 Βορυσθενεῗται
1405 371 1488 397 κα-

220 432 451 486 τοίκηνται.
511 433 647 472 ταῦτα
677 429 756 485 μὲν
786 429 837 472 τὰ
856 427 942 472 ἀπὸ
967 427 1137 471 τούτων
1157 430 1247 470 τῶν
1267 429 1488 481 ποταμῶν.

190 580 210 612 ⁶2
225 572 394 627 οὕνομα
414 570 707 628 Παντικάπης.

162 748 217 785 hic
244 747 455 785 consedisse
477 746 648 782 admixtis
669 743 821 782 Graecis

161 804 310 842 colonis.
362 803 461 847 Quin
484 803 520 839 in
541 802 672 839 Olbiae
704 801 822 837 numis

162 874 279 912 nuper
305 860 460 910 repertis
486 864 594 909 caput
619 859 822 895 invenimus

163 917 302 955 Matris
321 916 524 967 Phrygioue
536 944 546 962 ‚
575 926 743 951 muracea
762 926 824 950 co-

163 975 254 1011 rona
275 975 443 1011 cinctum.
501 972 629 1021 ltaque
652 970 749 1007 haud
768 970 824 1006 in-

163 1031 256 1068 iuria
286 1029 435 1081 Cybelen
468 1028 525 1065 hic
562 1026 714 1075 intelligi
748 1025 825 1062 vult

163 1087 361 1125 Reichard.
401 1100 437 1136 p.
459 1085 524 1125 45.
577 1086 711 1122 Ritter.
731 1082 825 1119 Vor-

164 1143 258 1181 halle
281 1157 317 1193 p.
341 1144 405 1184 57.
428 1143 530 1188 177,
566 1142 628 1190 qui
649 1145 685 1178 et
707 1140 786 1190 ipse
805 1152 826 1176 a

164 1199 320 1238 lectione
348 1194 518 1249 Μητρός
548 1198 718 1234 standum
741 1209 827 1234 cen-

167 1261 244 1304 set,
270 1269 338 1306 pro
356 1258 466 1292 totius
490 1255 610 1304 operis
633 1254 687 1290 sui
710 1253 830 1289 consi-

167 1312 215 1350 lio
258 1325 300 1349 ac
328 1312 470 1349 ratione
506 1311 554 1348 de
586 1311 711 1347 Indica
746 1310 830 1354 dea,

168 1369 328 1406 omnium
349 1369 386 1405 in
405 1372 536 1405 natura
557 1380 674 1404 rerum
698 1377 832 1416 paren-

169 1430 206 1463 te
226 1425 399 1474 ludisque
423 1437 444 1462 a
461 1424 597 1461 colonis
617 1424 664 1460 ad
686 1422 751 1459 has
773 1434 833 1458 re·

169 1483 298 1531 giones
320 1482 486 1527 advecta,
506 1481 668 1529 cogitare
685 1477 831 1516 mavult.

170 1559 223 1565 —-
255 1537 296 1574 In
336 1550 440 1586 seqq.
483 1537 613 1586 reliqui
652 1534 735 1574 ἐπὶ
776 1535 831 1599 τῷ

165 1589 328 1639 Tantus,
359 1594 421 1630 ubi
438 1592 531 1630 male
552 1591 713 1629 nonnulli
738 1586 831 1629 ὑπὸ

167 1652 222 1704 τῷ
251 1645 408 1688 Τπανι.
456 1650 516 1686 Cf.
541 1648 616 1695 lv,
653 1648 715 1689 18.
773 1646 832 1684 De

167 1706 438 1757 Borysthenitis
467 1706 541 1742 vid.
570 1705 659 1741 ibid.
687 1703 753 1742 Cr.
784 1703 832 1740 ad

169 1764 206 1802 h.
225 1763 247 1801 l.
276 1764 431 1801 conferri
453 1762 529 1799 vuit
547 1761 726 1799 Matthiae
745 1759 834 1797 Ani-

170 1820 370 1858 madverss.
401 1820 437 1856 in
457 1820 593 1868 Hymn.
619 1818 769 1855 Homer.
795 1830 831 1866 p.

173 1879 276 1921 110,
315 1877 363 1912 ad
397 1876 533 1925 Hymn.
570 1876 605 1912 in
630 1874 751 1924 Apoll.
780 1886 832 1909 vs.

175 1934 238 1973 18.
276 1932 478 1969 Rambach.
508 1932 568 1969 De
585 1931 714 1968 Mileto
738 1931 831 1968 eius-

173 2001 244 2037 que
265 1988 381 2025 colon.
404 2002 439 2038 p.
461 1990 512 2029 56
534 2000 611 2036 seq.
630 1992 667 2024 et
686 1986 832 2024 Raoul-

173 2045 356 2083 Rochette
376 2045 538 2082 Histoire
570 2046 618 2081 de
648 2043 801 2081 l'etablis
805 2055 832 2079 s.

176 2102 211 2137 d.
241 2101 308 2138 col.
330 2102 464 2151 Grecq.
488 2101 536 2137 llI
569 2114 603 2150 p.
626 2101 707 2140 315
731 2112 833 2148 seqq

230 2160 353 2196 ταῖτα
387 2155 457 2208 μὲν
489 2154 536 2195 τοὶ
568 2153 645 2195 α’πό
682 2152 834 2195 τούτων

174 2215 254 2252 τῶν
280 2213 486 2265 notatim]
525 2214 563 2250 In
590 2213 690 2250 hisce
716 2213 835 2250 xerbis

175 2266 270 2317 απὸ,
301 2276 473 2308 monente
491 2270 717 2318 Schweigh.,
739 2270 836 2306 idem

175 2327 270 2365 valet
288 2340 329 2364 ac
348 2328 377 2364 si
398 2328 548 2364 dixisset
566 2322 613 2364 τοὶ
633 2326 723 2375 περὶ
744 2321 837 2364 τού-

175 2399 268 2430 τους
298 2381 394 2430 τοῦς
425 2378 653 2433 ποταμούς,
702 2389 742 2420 ut
772 2382 835 2430 lV,

180 2441 258 2481 195
278 2440 356 2477 coll.
376 2441 456 2487 Vll,
481 2440 573 2482 195.
602 2461 657 2466 —
685 2434 837 2478 τούτων

179 2501 215 2532 et
239 2497 404 2534 hocloco
429 2502 465 2535 et
486 2496 596 2548 paulo
620 2501 728 2534 antea
758 2509 838 2534 cum

180 2552 297 2591 Gaisf.
319 2555 463 2604 reposui
482 2567 550 2605 pro
570 2552 752 2592 τουτέων.

385 2610 497 2661 Cap.
527 2609 624 2647 LIV.

237 2662 412 2713 πέμπτος
430 2663 603 2717 ποταμὸς
620 2663 754 2718 ἄλλος]
771 2664 840 2706 ἅλ-

181 2724 248 2766 λος
268 2722 424 2759 numeris
445 2724 496 2760 sic
519 2724 682 2772 iungitur
701 2724 730 2771 l,
750 2727 841 2766 197.

181 2777 299 2815 Affert
335 2777 505 2816 Larcher.
538 2780 705 2830 Aeschyl.
735 2782 773 2817 S.
810 2794 839 2818 c.

184 2833 256 2870 Th.
276 2832 368 2874 488.
390 2835 563 2885 Sophocl.
579 2835 704 2888 Antig.
721 2836 839 2879 1304.

184 2889 307 2941 Eurip.
330 2890 457 2942 Suppl.
478 2894 570 2933 871.

328 499 456 543 Μετὰ
487 500 534 544 δὲ
563 500 750 552 τούτους
788 501 981 557 πέμπτος
1009 497 1205 553 ποταμός
1233 497 1384 548 ἄλλος,

769 570 855 625 ῥέει
886 570 930 614 δὲ
962 570 1032 613 καὶ
1065 565 1196 620 οὗτος
1227 566 1312 612 ἀπό
1341 567 1482 624 βορέω

935 745 993 796 τῷ
1046 740 1204 793 οὕνομα
1256 737 1543 793 Παντικάπης]

881 800 1065 838 Observat
1096 801 1230 837 Struve
1256 801 1365 851 Spec.
1391 800 1543 843 Quaest.

880 856 970 893 Her.
994 858 1009 893 I
1044 869 1129 907 pag.
1151 858 1203 897 20
1238 856 1275 892 in
1303 856 1366 893 tali
1392 856 1544 893 formula

879 912 1094 962 plerumque
1127 913 1245 949 omitti
1264 913 1414 949 verbum
1442 912 1545 960 ἐστίς

881 969 1133 1019 imperfectum
1152 963 1205 1019 ἦν
1221 969 1378 1006 minime.
1411 969 1470 1005 Cf.
1482 969 1544 1013 IV,

884 1027 976 1066 178.
1009 1025 1055 1070 V,
1081 1028 1134 1067 52
1157 1030 1226 1063 etc.
1268 1026 1388 1076 Supra
1408 1025 1469 1073 IV,
1493 1026 1545 1065 18

882 1083 1051 1120 additum
1072 1083 1275 1120 invenimus
1294 1085 1430 1120 κεῖται.
1489 1081 1547 1119 De

884 1139 966 1189 ipso
988 1140 1099 1176 fluvio
1121 1140 1215 1177 conf.
1236 1138 1334 1176 Mela
1352 1138 1399 1185 ll,
1434 1141 1470 1185 1,
1492 1136 1545 1179 49

885 1194 939 1244 (‚,
952 1195 1168 1246 Panticapes
1202 1194 1388 1233 Nomadas
1426 1195 1548 1232 Geor-

885 1265 1028 1301 gosque
1069 1250 1404 1302 disterminans“).
1455 1251 1549 1288 Plin.

887 1309 936 1346 H.
958 1309 1006 1346 N.
1028 1310 1101 1355 lv,
1131 1312 1182 1350 12
1203 1311 1311 1357 (26).
1359 1308 1551 1345 samaram

888 1366 1059 1412 fluvium,
1098 1378 1205 1415 quem
1236 1365 1434 1403 arbitratus
1472 1369 1553 1402 erat

888 1422 1076 1470 Bayems,
1117 1421 1252 1458 nullum
1297 1423 1445 1458 omnino
1483 1435 1552 1459 un-

889 1491 998 1527 quam
1031 1479 1144 1516 fuisse
1172 1479 1320 1515 fluvium
1348 1482 1472 1515 auctor
1496 1482 1551 1515 est

889 1534 1045 1572 Danvill.
1085 1535 1217 1579 (Mem.
1248 1536 1297 1572 de
1318 1534 1406 1571 l'Ac.
1430 1535 1466 1571 d.
1490 1536 1552 1571 In-

889 1604 956 1628 scr.
975 1591 1115 1627 XXXV
1133 1604 1218 1641 pag.
1233 1591 1346 1639 579),
1368 1604 1474 1640 quem
1496 1604 1554 1628 se-

889 1648 1015 1696 quitur
1040 1646 1225 1685 Mannert.
1249 1647 1299 1684 IV
1329 1661 1364 1698 p.
1388 1649 1440 1687 76
1462 1660 1554 1697 seq,

889 1717 970 1741 cum
995 1705 1148 1741 Samara
1177 1704 1292 1741 multo
1320 1704 1484 1755 superius
1507 1704 1554 1740 ad

891 1761 1178 1811 septentrionem
1213 1762 1249 1797 in
1283 1760 1553 1809 Borysthenem

890 1818 1032 1854 influat.
1078 1818 1120 1854 In
1155 1831 1227 1867 quo
1256 1816 1461 1855 Larcherus
1489 1817 1557 1854 ob-

889 1872 1062 1924 loquitur,
1094 1874 1129 1910 in
1151 1888 1257 1911 cursu
1275 1875 1373 1911 fluvii
1392 1874 1556 1911 indican-

890 1931 939 1967 do
960 1935 1101 1968 veteres
1122 1930 1195 1967 labi
1214 1932 1379 1981 potuisse
1400 1931 1556 1981 scripto-

889 2000 948 2024 res
975 1988 1140 2036 quamvis
1163 1989 1380 2025 concedens.
1415 1987 1555 2030 Quam-

891 2044 1015 2080 obrem
1033 2043 1189 2081 Rennel.
1219 2057 1255 2094 p.
1277 2043 1358 2083 407
1384 2044 1554 2081 Pantica-

890 2113 962 2150 pen
983 2113 1050 2149 pro
1071 2113 1144 2136 uno
1173 2100 1333 2149 quodam
1354 2100 1554 2149 Borysthe-

893 2157 948 2193 nis
962 2156 1110 2193 brachio
1126 2156 1258 2202 habet3
1279 2169 1387 2205 quem
1407 2157 1553 2193 fluvium

894 2213 1136 2249 Cosaccorum
1160 2212 1377 2262 (Koclcasoff
1395 2226 1423 2250 s.
1438 2212 1555 2249 Kons-

894 2268 1054 2319 cawoclo)
1082 2283 1178 2306 nunc
1201 2270 1293 2316 dici,
1333 2270 1554 2318 Borystheni

893 2338 1004 2376 supra
1024 2326 1268 2363 catarrhactas
1292 2340 1331 2363 se
1350 2327 1556 2364 admiscen-

894 2387 992 2428 tem,
1030 2384 1272 2420 contenderat
1308 2383 1366 2421 De
1400 2383 1555 2420 Brosses

895 2439 1027 2488 (Mem.
1041 2440 1087 2477 de
1100 2439 1236 2476 l’Acad.
1254 2440 1288 2476 d.
1299 2440 1407 2477 Inscr.
1416 2439 1556 2476 XXXV

895 2510 931 2548 p.
956 2497 1070 2544 526).
1100 2496 1191 2533 Post
1211 2496 1395 2534 Gatterer.
1415 2496 1556 2543 (Thra-

896 2554 976 2591 cien
1003 2553 1094 2590 nach
1115 2553 1257 2590 Herod.
1290 2554 1366 2590 und
1387 2553 1556 2603 Thucyd.

896 2623 981 2661 pag.
1015 2611 1107 2658 19).
1157 2610 1351 2647 Reichard.
1382 2622 1468 2660 pag.
1502 2609 1556 2651 48

897 2667 1046 2704 fluvium
1091 2665 1270 2714 Konslvje
1308 2666 1366 2703 hic
1406 2666 1557 2714 intelligi

896 2727 1024 2774 putat,
1061 2724 1222 2760 Heeren.
1257 2723 1398 2770 (Ideen
1418 2723 1448 2770 ἶ,
1472 2727 1498 2764 2
1517 2735 1555 2772 p.

897 2780 1001 2828 257)
1029 2793 1138 2817 unum
1170 2793 1213 2817 ex
1241 2780 1283 2816 iis
1312 2780 1452 2825 fluviis,
1494 2778 1555 2827 qui

897 2837 1016 2886 magis
1039 2837 1225 2874 meridiem
1244 2848 1371 2873 versus
1391 2849 1471 2873 cum
1482 2835 1558 2870 Bo-

898 2894 1072 2943 rysthene
1093 2894 1312 2942 iungantur,
1356 2893 1430 2930 sive
1451 2890 1558 2937 Sala,

1497 574 1516 607 5
1548 560 1627 586 tluen

1550 535 1650 561 cimaie

1429 513 1489 553 τῳ
1551 492 1618 526 Quin
1619 496 1678 519 ritis
1722 493 1824 520 Panti-

1670 527 1826 561 ωιῐιιρΙιιΙΘ

1612 569 1643 586 ns
1662 560 1709 587 iux
1713 561 1826 595 1380)-

1548 593 1579 620 tl
1583 602 1615 620 as
1629 594 1765 629 Georgos
1769 598 1826 628 ,et
