1904 3304
419 259 423 266 ’
453 280 538 320 466

425 385 572 442 ὅπρὸς
612 383 862 441 ἀπηλιώτην
903 384 1066 439 ἄνεμον
1105 382 1294 442 κατήκει.

457 458 686 511 Σκυθικῆς
721 455 774 498 τὰ
812 453 894 498 δύο
937 455 1069 512 μέρεα

400 609 475 637 σαν
496 592 571 646 τήν
595 591 692 646 πρὸς
711 588 942 644 ἀπηλιώτην
965 590 1060 632 ἅνε-

400 667 477 705 μον
513 647 686 701 κατήκει.
757 649 837 687 Nec
874 651 971 688 enim
1015 651 1062 687 de

401 710 513 756 urbe,
554 709 620 744 sed
642 708 689 744 de
705 707 855 756 regione
872 702 1062 757 κατήκειν

401 767 474 804 dici
534 768 818 801 consentaneum
877 769 953 807 est;
1025 767 1064 800 et

407 822 636 860 Chersonesus
692 820 799 867 urbs,
891 832 963 857 non
1027 821 1064 856 in

406 878 573 916 orientali
629 877 695 914 sed
753 877 791 914 in
848 875 1065 913 occidentali

406 932 643 986 paeninsulae
691 938 799 983 parte
848 934 919 969 sita
975 937 1064 970 erat.

408 990 506 1028 Nam
527 990 628 1039 quod
650 988 853 1027 Larcherus
873 990 945 1035 ait,
985 1002 1066 1026 esse

410 1047 676 1085 Chersonesum
697 1046 822 1082 urbem
840 1045 876 1082 in
900 1046 1068 1082 occiden-

411 1103 473 1140 tali
501 1103 650 1152 quidem
683 1106 788 1152 parte
819 1101 1068 1151 paeninsulae,

411 1160 477 1197 sed
496 1159 542 1195 ab
564 1159 702 1196 oriente
719 1158 910 1206 Scythiae,
939 1158 976 1194 id
993 1170 1068 1194 rem

412 1228 486 1252 non
502 1214 666 1251 conficit:
690 1214 836 1259 etenim,
860 1214 958 1262 quod
971 1225 1071 1250 mare

410 1271 467 1308 hie
496 1267 569 1321 τήν
598 1266 698 1320 πρός
728 1265 957 1319 ἀπηλιώτην
986 1264 1070 1307 θά-

410 1329 561 1365 λασσαν
580 1330 710 1374 vocat,
753 1326 850 1363 idem
869 1338 968 1363 mare
986 1338 1071 1363 mox

411 1380 485 1434 τήν
522 1379 618 1434 πρὸς
652 1379 726 1433 τήν
767 1378 829 1432 ηάἰ
857 1383 967 1430 dicit,
1009 1382 1071 1419 ubi

363 1435 376 1449 ⁸
411 1439 509 1476 haud
541 1439 651 1476 dubie
686 1438 771 1475 illud
805 1452 927 1486 mare,
970 1438 1070 1488 quod

411 1497 458 1533 ab
490 1496 632 1533 oriente
660 1495 882 1533 Chersonesi
918 1496 1072 1546 paenin-

412 1551 513 1589 sulae
541 1557 615 1599 est,
652 1551 890 1601 intelligitur3
938 1564 1071 1601 nempe

411 1607 568 1645 Maeotis
593 1605 773 1660 palus,*)
825 1620 935 1657 quam
973 1607 1070 1644 haud

411 1664 524 1702 multo
552 1665 728 1701 minorem
758 1664 839 1713 ipso
858 1663 977 1700 Ponto
996 1664 1071 1700 Eu-

411 1721 496 1759 xino
514 1733 593 1759 esse
618 1720 702 1769 (IV,
724 1720 798 1767 86)
819 1720 986 1770 Scriptor
1005 1732 1072 1756 no-

413 1781 490 1814 ster
537 1777 852 1814 existimaverat.“
932 1776 1002 1813 His
1050 1788 1072 1812 a

413 1833 759 1882 Schweighaeusero
809 1832 948 1879 allatis,
1005 1832 1074 1869 hoc

414 1903 526 1927 unum
557 1890 716 1935 addam,
763 1889 811 1926 de
839 1889 1073 1926 Chersoneso

413 1947 503 1983 urbe
532 1958 626 1994 quae
652 1946 750 1996 apud
768 1945 988 1982 Strabonem
1009 1945 1029 1982 l.
1051 1945 1072 1982 l.

412 2002 604 2051 leguntur,
644 2003 790 2039 minime
826 2002 874 2038 ad
898 2002 1071 2038 Herodo-

413 2063 490 2096 tum
510 2059 634 2096 referri
651 2071 774 2108 posse,
804 2070 882 2095 cum
903 2058 951 2095 ad
966 2057 1072 2095 Cher-

415 2128 572 2152 sonesum
594 2115 711 2151 urbem
733 2115 962 2164 pertineant,
995 2115 1072 2152 He-

413 2172 655 2209 racleotarum
672 2170 863 2218 coloniam,
878 2171 1071 2208 Herodoto

413 2229 570 2278 (quippe
588 2232 674 2279 post
691 2227 792 2264 cuius
810 2233 970 2265 aetatem
986 2240 1073 2265 con-

416 2285 529 2321 ditam
547 2298 629 2322 esse
649 2285 820 2331 narrant)
850 2297 1000 2334 prorsus
1019 2285 1075 2322 in·-

415 2341 613 2389 cognitam‚
635 2341 671 2377 in
683 2340 899 2378 occidentali
920 2342 1074 2391 paenin-

415 2397 514 2434 sulae
534 2402 662 2447 parte,
700 2409 817 2447 prope
843 2396 983 2444 locum,
1013 2398 1076 2446 qui

416 2466 512 2490 nunc
551 2458 700 2490 vocatur
741 2452 956 2503 sevastopol.
1015 2454 1074 2491 De

416 2522 490 2559 quo
518 2522 633 2560 nuper
651 2508 791 2558 Anglus
819 2510 1075 2559 peregrinator

413 2565 556 2612 retulit,
606 2566 706 2616 apud
744 2566 771 2603 1.
813 2566 859 2602 G.
896 2567 1074 2604 Sommer.

414 2622 681 2660 Taschenbuch
701 2621 921 2661 z.Verbreit.
943 2636 1072 2672 geogr.

413 2679 641 2716 Kenntnisse
671 2679 778 2719 1832
812 2691 848 2728 p.
884 2681 963 2719 110
996 2692 1071 2729 seq.

414 2735 473 2772 Cf.
499 2734 683 2772 Mannert.
712 2735 760 2772 lv
792 2748 829 2786 p.
858 2736 938 2774 296
970 2749 1071 2786 seqq.

851 275 1323 314 HERODOTI

1360 383 1482 428 ’Ἐστι
1523 383 1608 439 γάρ
1647 386 1723 439 τῆς

1109 460 1197 499 τῶν
1231 456 1378 511 οὔρων
1416 455 1460 506 ἐς
1488 452 1722 498 θάλασσαν

1120 594 1213 631 Cum
1235 605 1306 642 quo
1328 594 1460 631 eodem
1486 590 1540 646 (p.
1564 592 1657 636 294.
1683 590 1780 641 105)

1119 650 1325 699 intelligere
1346 650 1454 687 etiarn
1475 649 1597 688 licebit
1619 650 1780 687 Cherso-

1120 719 1248 743 nesum
1279 705 1314 742 T
1318 706 1483 743 racbeam
1516 719 1590 743 non
1619 712 1693 744 tam
1735 706 1782 742 de

1121 767 1204 800 tota
1224 761 1451 812 paeninsula,
1476 774 1583 810 quam
1604 764 1650 800 de
1663 763 1783 799 orien-

1121 819 1183 856 tali
1198 819 1289 855 illius
1302 822 1417 868 parte.
1427 839 1483 845 ——
1493 817 1554 854 Ad
1564 819 1674 857 verba
1686 814 1783 868 πρὸς

1124 871 1355 925 ἀπηλιώτην
1384 871 1534 924 ἄνεμον
1560 875 1605 912 cf.
1624 875 1686 921 lv,
1715 878 1780 916 22.

1168 929 1281 970 ’Ἐστι
1301 929 1374 983 γάρ
1394 933 1465 980 τῆς
1492 933 1702 980 Σκυθικῆς
1734 926 1781 967 τοὶ

1126 984 1200 1027 δύο
1223 986 1340 1038 μέρεα
1362 1000 1396 1025 κ.
1417 1003 1446 1025 τ.
1468 986 1515 1037 λ.]
1548 988 1684 1025 Sensus
1708 990 1782 1023 est:

1128 1045 1299 1095 Scythiae
1331 1048 1445 1081 terrae
1466 1045 1562 1094 fines
1590 1044 1729 1081 duabus
1760 1054 1785 1079 a

1121 1103 1284 1151 partibus
1338 1101 1387 1138 ad
1438 1113 1533 1137 mare
1581 1102 1783 1151 pertinen&

1127 1159 1220 1205 sive,
1251 1163 1288 1194 ut
1313 1158 1405 1194 bene
1430 1159 1608 1207 expressit
1631 1156 1783 1204 Lange:

1127 1213 1330 1261 „Niimlich
1367 1214 1618 1262 Scythenland
1655 1215 1786 1262 grenzt

1128 1282 1175 1308 an
1209 1270 1297 1306 zwei
1331 1270 1612 1307 verschiedenen
1644 1268 1785 1305 Stellen

1128 1339 1175 1363 an
1199 1326 1265 1362 das
1286 1325 1415 1372 Meet,
1455 1330 1529 1363 erst
1555 1337 1677 1374 gegen
1696 1323 1786 1362 Mit-

1128 1387 1192 1431 tag
1225 1382 1302 1418 und
1332 1382 1429 1418 daun
1462 1394 1583 1430 gegen
1614 1380 1786 1430 Morgen,

1128 1440 1196 1476 wie
1244 1439 1303 1475 die
1341 1437 1568 1475 Landschast
1607 1437 1786 1475 Attika.“

1129 1495 1450 1539 Quemadmodum
1511 1495 1606 1532 enim
1675 1492 1788 1545 (haec

1126 1552 1271 1588 videtur
1314 1564 1395 1589 esse
1436 1552 1619 1601 scriptoris
1657 1546 1785 1599 mens)

1127 1608 1321 1644 Suniacum
1335 1608 1456 1656 iugum
1470 1608 1506 1643 in
1523 1607 1664 1644 Atticae
1675 1618 1787 1656 paen-

1128 1663 1243 1700 insula
1278 1664 1372 1700 intra
1404 1676 1503 1700 marc
1531 1663 1717 1712 Aegaeum
1738 1663 1787 1698 si-

1127 1732 1286 1769 numque
1302 1720 1516 1756 Saronicum
1548 1720 1729 1769 prominet
1749 1719 1786 1755 in

1130 1789 1252 1822 mare,
1292 1781 1327 1813 et
1346 1777 1658 1824 quemadmodum
1679 1776 1787 1825 lapy-

1129 1833 1227 1881 gium
1247 1833 1534 1882 promontorium
1554 1834 1649 1869 intra
1669 1833 1787 1869 sinum

1129 1889 1386 1926 Brundisinum
1407 1894 1518 1938 atque
1531 1889 1735 1926 Tarentum
1749 1889 1787 1924 in

1130 1958 1229 1982 mare
1263 1945 1498 1995 producitur,
1561 1945 1714 1982 similem
1750 1944 1788 1982 in

1128 2002 1277 2039 modum
1315 2001 1473 2039 Taurica
1514 2001 1728 2052 paeninsula
1766 2012 1788 2037 e

1128 2058 1280 2108 Scythia
1323 2058 1360 2094 in
1399 2058 1558 2095 Pontum
1605 2058 1788 2095 Euxinum

1127 2119 1298 2166 porrecta
1337 2118 1415 2161 est,
1461 2116 1631 2163 utrinque
1671 2114 1789 2151 cincta

1128 2172 1229 2208 mari.
1291 2170 1401 2208 Unde
1429 2172 1515 2208 satis
1545 2175 1602 2209 est
1633 2170 1787 2208 manife-

1129 2232 1248 2274 stum,
1282 2240 1356 2264 non
1383 2231 1586 2264 accuratam
1608 2226 1788 2263 Tauricae

1130 2283 1368 2336 paeninsulae
1417 2285 1570 2321 formam
1613 2282 1788 2320 Nostrum

1132 2345 1253 2378 mente
1311 2345 1527 2390 conceptam
1594 2339 1786 2383 habuisse3

1131 2397 1266 2446 alioqui
1287 2397 1380 2433 enim
1393 2399 1449 2433 vix
1466 2396 1669 2432 istiusmodi
1689 2408 1788 2432 com-

1131 2454 1338 2504 parationes
1370 2452 1558 2489 instituere
1596 2452 1788 2500 potuisset,

1130 2515 1171 2547 ut
1192 2516 1289 2547 recte
1307 2509 1442 2545 iudicat
1465 2507 1642 2545 Niebuhr.
1663 2509 1786 2545 Verm-

1130 2566 1277 2603 Schrist.
1300 2565 1312 2601 l
1338 2578 1374 2614 p.
1401 2565 1490 2605 157.
1533 2564 1628 2600 Add.
1656 2564 1787 2602 Ukert.

1131 2623 1268 2670 Geogr.
1297 2622 1332 2657 d.
1356 2621 1421 2657 Gr.
1451 2634 1484 2657 u.
1508 2620 1615 2657 R6m.
1639 2620 1673 2667 Ι,
1705 2624 1732 2661 2
1750 2633 1785 2670 p.

1131 2681 1195 2719 67.
1237 2677 1401 2714 Produnt
1422 2682 1542 2714 autem
1564 2677 1657 2714 tales
1685 2689 1784 2714 com-

1128 2734 1335 2786 parationes
1347 2734 1572 2783 scriptorem,
1598 2733 1660 2782 qui
1669 2733 1787 2770 Grae-

506 2834 538 2874 *)
570 2837 618 2866 lta
651 2845 773 2875 quoque
803 2835 920 2875 accipit
951 2835 1095 2865 wicker.
1133 2833 1233 2874 Mnh.
1269 2835 1387 2874 Geogr.
1415 2835 1426 2865 I
1464 2843 1535 2874 pag.
1576 2835 1648 2864 173.
1704 2832 1786 2863 Nam

414 2881 550 2912 Maeotis
575 2892 592 2911 e
616 2885 720 2912 mente
747 2881 921 2914 Herodoti,
962 2881 1124 2921 Scythiam
1158 2881 1198 2909 ab
1225 2881 1347 2910 oriente
1375 2880 1555 2915 includens,
1593 2879 1787 2920 septentrio-

415 2936 484 2958 nem
509 2938 618 2958 versus
644 2928 744 2968 magis
769 2927 958 2958 extenditur.
1006 2927 1052 2957 Dc
1077 2936 1137 2966 quo
1162 2925 1222 2956 vid.
1252 2929 1329 2956 nott.
1357 2926 1397 2956 ad
1422 2926 1481 2963 IV,
1509 2928 1583 2956 101.
