1904 3304
78 363 218 394 institor-3

266 363 354 392 Cam-

78 398 180 432 byses,
198 399 352 427 dominus:

79 433 196 468 cyrus,
223 437 319 468 pater.

413 252 497 294 158
813 251 1280 292 HERODOTI

382 361 543 407 Ξαῦτοὶ
573 363 776 407 καλέουσι
804 363 1083 416 σατραπηΐας.
1128 360 1399 419 καταστήσας
1428 363 1475 407 δὲ
1503 363 1582 416 τὰς
1612 362 1685 419 α’ρ-

410 434 488 492 χάς
527 435 601 478 καὶ
641 433 852 488 ἄρχοντας
898 427 1149 485 ἐπιστήσας,
1203 430 1380 483 ἐτάξατο
1422 431 1593 487 φόρους
1640 434 1684 476 οἱ

411 506 639 560 προσιέναι
675 502 785 547 κατὰ
831 499 960 544 ἔθνεά
999 515 1069 553 τε,
1124 501 1198 543 καὶ
1235 502 1343 556 πρὸς
1385 507 1495 546 τοῖσι
1535 503 1710 547 ἔθνεσιΙ

458 658 502 672 Vl

358 749 441 785 dam
459 746 605 798 placuit,
618 746 708 784 haec
727 746 920 796 descriptio
934 757 1017 796 spe-

356 810 473 843 ctasse
494 805 677 842 censenda
700 808 773 850 est,
804 803 854 839 ita
883 807 920 839 ut
947 802 1017 838 alia

358 863 539 911 quaedam
591 865 784 911 praeterea
839 859 1018 897 exstiterit

356 920 469 970 ipsius
492 924 609 955 terrae
623 931 649 954 s.
671 916 935 968 provinciarum
952 915 1017 952 de·

359 976 533 1026 scripti03
564 988 649 1011 nam
686 972 759 1010 tale
798 973 887 1022 quid
923 984 1017 1008 nuu-

357 1045 467 1081 quam
492 1032 530 1067 in
554 1030 747 1068 Persarum
771 1030 878 1066 rebus
899 1028 1018 1065 locum

359 1088 530 1126 habuisse
551 1087 773 1133 invenimus,
804 1085 902 1135 apud
926 1097 1018 1134 quos

359 1149 550 1194 utrumque
565 1144 687 1194 potius
709 1155 853 1193 semper
870 1143 1021 1178 coniun-

359 1206 454 1239 ctum
492 1202 602 1238 fuisse
633 1204 918 1237 consentaneum
949 1201 1018 1234 est.

357 1258 492 1308 Neque
513 1262 682 1295 accurate
704 1256 862 1292 locorum
882 1267 924 1292 ac
946 1259 1020 1291 ter-

356 1328 478 1353 rarum
504 1314 682 1351 rationem
713 1313 867 1349 situmve
896 1315 1021 1348 secuta

359 1377 413 1410 est
433 1372 522 1408 haec
543 1371 755 1421 descriptio,
785 1371 822 1407 in
844 1381 917 1419 qua
942 1380 1021 1405 ma-

358 1430 413 1467 ior
424 1428 517 1465 ratio
529 1427 654 1464 habita
673 1428 783 1465 fuisse
793 1427 933 1464 videtur
945 1430 1020 1462 ter-

358 1497 480 1523 rarum
505 1485 581 1521 sive
602 1485 777 1533 gentium,
807 1488 916 1534 prout
939 1481 1019 1519 illae

357 1542 506 1592 quidem
526 1542 562 1577 in
575 1540 767 1578 Persarum
787 1539 953 1577 venerint
964 1538 1021 1574 di-

357 1600 508 1635 tionem.
547 1597 711 1641 Quarum
730 1596 925 1633 nonnullae
936 1598 1021 1644 post

360 1668 382 1692 a
409 1655 531 1692 Persis
559 1666 654 1702 quae
686 1654 912 1697 defecerunt,
942 1650 1022 1687 nul-

357 1711 429 1748 lum
443 1710 596 1761 amplius
616 1710 788 1747 tributum
800 1709 950 1746 solvisse
965 1707 1020 1743 in-

358 1768 563 1805 veniuntur.
634 1766 762 1815 Itaque
799 1766 848 1801 nil
880 1765 1021 1811 mirum,

360 1825 389 1861 si
412 1825 512 1875 apud
537 1824 748 1873 posterioris
781 1822 912 1860 aetatis
935 1820 1022 1857 scri-

359 1886 485 1931 ptores
497 1880 678 1929 quaedam
687 1879 929 1924 inveniuntur,
940 1889 1021 1914 cum

357 1937 582 1974 Herodoteis
618 1949 713 1985 quae
744 1936 891 1973 minime
933 1946 1022 1970 con-

361 1998 507 2042 gruant,
537 1993 646 2029 immo
668 1993 715 2029 ob
738 1997 942 2042 temporum
966 1990 1023 2026 di-

359 2051 570 2087 versitatem
588 2050 742 2086 maxime
762 2049 937 2097 distingui
957 2048 1022 2084 de-

354 2107 476 2144 beant.
528 2106 602 2151 Sic,
621 2106 671 2143 uti
689 2106 756 2142 hoc
776 2110 872 2152 utar,
891 2106 927 2141 in
948 2104 1022 2139 sin-

355 2163 521 2211 gularum
537 2163 774 2212 satrapiarum
786 2175 935 2199 numero
945 2172 1022 2196 ma-

355 2220 452 2257 xime
477 2220 619 2255 variant
651 2219 857 2268 scriptores.
915 2217 1021 2264 Yide,

356 2289 403 2312 ne
420 2275 536 2324 plura,
556 2275 718 2312 Brisson.
739 2275 797 2312 De
810 2288 885 2323 reg.
900 2273 1019 2311 Perss.

354 2332 496 2382 prinel
518 2330 555 2382 ἓ.
574 2332 662 2371 169.
694 2331 752 2368 De
768 2331 913 2379 reliquis
935 2342 1023 2367 con-

357 2387 423 2425 sul.
454 2388 614 2424 Heeren.
640 2387 750 2424 Ideen
770 2388 804 2432 Ι,
827 2391 845 2427 1
879 2400 915 2436 p.
942 2386 1019 2426 145

358 2457 462 2493 seqq.
493 2442 647 2480 Rennel.
671 2456 755 2493 pag.
779 2443 859 2482 479
882 2455 983 2491 seqq.

414 2498 596 2538 καλέουσι
610 2500 867 2549 σατραπηΐας]
881 2498 935 2536 De
948 2498 1022 2534 Sa-

360 2560 484 2606 trapae
506 2561 543 2593 et
565 2556 762 2606 Satrapiae
785 2556 929 2592 nomine
950 2555 1024 2590 dixi

358 2614 408 2650 ad
431 2613 593 2650 Ctesiarn
618 2615 809 2663 pag-122.
840 2612 1022 2649 Persicam

360 2682 441 2707 esse
464 2682 588 2706 vocem
617 2681 743 2705 omnes
774 2668 1023 2713 consentiunt3

361 2727 408 2763 de
434 2726 544 2775 ipsius
557 2730 680 2774 etymo
697 2737 740 2762 ac
760 2724 1024 2773 significatione

360 2783 588 2819 dissentiunt.
648 2782 720 2825 Qui
738 2782 785 2817 ad
804 2781 1024 2818 Hebraicum

362 2842 489 2892 τζῃῑιῤ
515 2843 732 2889 provocant,
777 2838 799 2873 ii
826 2838 871 2874 ad
900 2849 1026 2873 verum

362 2895 512 2946 propius
533 2894 619 2932 mihi
634 2894 830 2932 accessisse
847 2893 1026 2931 videntur.

409 577 515 630 τούς
554 572 885 634 πλησιοχώρους
919 569 1233 628 προστάσσων,
1286 573 1358 616 καὶ
1403 571 1683 631 ὑπερβᾷρνων

1072 743 1230 780 Indicari
1250 743 1359 780 iidem
1392 742 1616 780 contendunt
1632 756 1741 793 prae-

1065 799 1200 850 fectum
1212 830 1225 847 ,
1255 812 1283 837 s,
1310 800 1449 847 regium
1472 803 1659 849 portarum
1679 813 1741 837 cu-

1073 857 1216 904 stodem,
1228 858 1285 893 vel
1302 856 1417 893 simile
1437 857 1538 905 quid.

1132 910 1294 960 ἐτάξατο
1305 909 1475 962 φόρους]
1490 913 1513 950 i.
1524 926 1556 950 e.
1567 914 1738 958 instituit,

1075 971 1259 1020 imperavit
1280 970 1430 1015 tributa,
1461 982 1484 1004 α
1506 969 1663 1018 singulis
1673 983 1741 1020 po·-

1071 1027 1169 1077 pulc's
1188 1027 1257 1062 sibi
1276 1025 1512 1076 praestanda.
1559 1027 1618 1064 De
1640 1026 1742 1063 locu-

1075 1085 1178 1120 tione
1197 1084 1334 1119 monuit
1352 1082 1504 1119 Siebelis
1523 1083 1572 1119 ad
1585 1082 1740 1119 Pausan.

1076 1139 1180 1186 vm,
1209 1141 1264 1180 52
1306 1137 1344 1190 ἓ.
1375 1141 1413 1179 2.

1080 1197 1142 1237 13.
1166 1197 1230 1234 ὅ9.

1132 1249 1391 1301 ὑπερβαίνων
1408 1247 1502 1297 τούς
1511 1250 1740 1303 προσεχέας]

1077 1307 1099 1344 i.
1120 1321 1151 1345 e.
1179 1306 1487 1357 praetergrediens
1512 1313 1633 1356 gentes
1648 1310 1742 1360 fini-

1076 1366 1193 1410 timas,
1206 1377 1234 1401 s.
1255 1365 1414 1409 vz'cz'nas5
1431 1364 1484 1401 ita
1505 1371 1628 1403 utnon
1647 1379 1743 1405 sem-

1076 1434 1143 1472 per
1171 1424 1303 1470 gentes
1325 1421 1464 1459 vicinae
1489 1434 1517 1459 s.
1546 1424 1742 1472 contiguae

1077 1479 1125 1515 ad
1143 1490 1251 1514 unam
1271 1477 1501 1527 eandemque
1517 1481 1742 1529 provinciam

1078 1535 1286 1584 adscriptae
1329 1534 1489 1581 suerint,
1531 1537 1600 1574 sed
1632 1539 1742 1575 etiam

1078 1591 1172 1628 aliae
1195 1590 1431 1638 remotiores,
1462 1590 1540 1629 aliis
1571 1594 1742 1641 gentibus

1077 1646 1278 1684 interiectis
1311 1652 1503 1696 separatae
1536 1655 1574 1687 et
1603 1649 1743 1687 disiun-

1078 1708 1170 1741 ctae.
1210 1703 1293 1739 Hoc
1313 1704 1407 1740 enirn
1430 1704 1496 1741 sibi
1516 1705 1642 1743 volunt
1660 1719 1743 1744 ver-

1079 1761 1146 1797 ba:
1179 1755 1333 1797 ἅλλοισι
1356 1757 1453 1798 ἄλλα
1473 1758 1520 1799 to?
1545 1761 1740 1814 ἑκαστέρω

1081 1815 1202 1855 ἔθνεα
1227 1814 1379 1865 νέμων,
1412 1817 1434 1854 i.
1462 1830 1494 1855 e.
1517 1818 1647 1856 ditioni
1675 1820 1744 1856 alii

1079 1873 1173 1909 alias
1199 1885 1330 1921 quoque
1357 1877 1478 1921 gentes
1510 1876 1605 1923 (non
1638 1876 1742 1913 adia-

1079 1935 1202 1968 centes
1234 1930 1480 1979 smitimasque
1507 1933 1601 1981 sed)
1631 1945 1742 1969 remo-

1080 1989 1182 2023 tiores
1210 1985 1423 2024 adscribens.
1491 1989 1568 2026 Sed
1589 1990 1657 2027 hoc
1683 1990 1742 2027 vix

1079 2043 1274 2092 aliquoties
1314 2044 1447 2081 factum
1495 2058 1577 2083 esse
1616 2052 1742 2085 monet

1078 2100 1236 2137 Heeren.
1275 2098 1298 2136 l.
1326 2099 1348 2136 l.
1382 2114 1418 2151 p.
1442 2101 1543 2149 146,
1572 2102 1742 2141 Rennelii

1079 2157 1263 2202 iudicium,
1296 2168 1368 2204 quo
1390 2157 1526 2205 localis,
1543 2163 1581 2196 ut
1605 2161 1741 2207 dicunt,

1078 2218 1219 2250 tantum
1238 2212 1346 2249 suerit
1369 2214 1459 2251 haec
1475 2215 1741 2264 provinciarum

1079 2269 1292 2318 descriptio,
1305 2271 1432 2306 merito
1443 2271 1618 2319 reiiciens,
1635 2274 1742 2323 quip-

1077 2339 1124 2376 pe
1145 2325 1256 2374 ipsius
1280 2325 1461 2363 Herodoti
1482 2329 1599 2365 verbis
1628 2331 1742 2366 refra-

1078 2382 1260 2431 gantibus.
1320 2383 1461 2419 Contra
1482 2387 1623 2422 exstfitit
1647 2385 1742 2423 Mal-

1078 2440 1223 2476 tebrun.
1264 2437 1462 2485 (Nouvell.
1510 2442 1652 2479 Annall.
1704 2442 1740 2478 d.

1078 2496 1222 2544 Yoyag.
1246 2495 1278 2530 Il
1309 2509 1395 2546 pag.
1418 2495 1519 2547 335)
1540 2498 1741 2549 provincias

1080 2551 1244 2599 longiore
1272 2551 1458 2590 intervallo
1487 2560 1674 2605 separatas
1703 2555 1741 2591 in

1081 2608 1147 2644 hac
1199 2610 1441 2659 satrapiarum
1495 2610 1743 2661 descriptione

1080 2665 1220 2700 iunctas
1245 2663 1356 2702 fuisse
1397 2679 1546 2716 prorsus
1587 2680 1742 2718 negans,

1080 2733 1159 2757 cum
1224 2720 1358 2758 nullum
1421 2723 1624 2761 istiusmodi
1683 2737 1742 2761 se-

1080 2777 1278 2827 parationis
1299 2778 1503 2816 inveniatur
1523 2779 1741 2831 exemplum,

1082 2836 1193 2871 modo
1222 2835 1367 2883 singula
1396 2836 1464 2873 rite
1496 2837 1742 2886 intelligantur

1082 2897 1119 2930 et
1143 2891 1377 2942 explicentur.
1445 2892 1551 2936 Quae
1581 2894 1676 2931 enim
1703 2892 1739 2928 in

1462 1138 1524 1176 'su
1554 1140 1649 1177 conf.
1677 1139 1742 1186 Ill,
