1904 3304
468 222 1036 262 MELPOMENE.

1095 221 1154 260 IV.
1361 224 1441 263 591

147 338 308 391 3νῆσος
344 332 427 381 ἔνι,
463 336 518 389 τῇ
557 332 730 389 οὕνομα
761 332 868 376 Φλά.
927 331 1092 386 ταύτην
1123 331 1168 374 δὲ
1199 331 1279 387 τὴν
1307 334 1445 386 νῆσον

31 412 128 458 1ἵ9
178 404 561 459 Λακεδαιμονίοισί
610 416 719 460 φασι
769 403 922 460 λόγιον
963 400 1075 446 εἶναι
1114 403 1269 446 κτίσαι.

177 476 222 519 δὲ
260 475 333 517 καὶ
370 474 444 518 ὅδε
484 475 612 530 λόγος
651 476 904 532 λεγόμενος·

174 545 414 602 ἐξεργάσθη
456 544 545 590 ὑπό
583 552 642 604 τῷ
688 549 839 604 Πηλίῳ
878 546 904 602 ἡ
929 543 1095 600 Ἀργώ,
1138 544 1375 600 ἐσθέμενον
1403 543 1446 594 ἐς

177 615 315 672 αὐτὴν
355 615 490 673 α’λλην
530 634 574 661 τε
615 618 882 675 ἑκατόμβην,

179 839 229 891 τῇ
252 833 407 888 οὕνομα
432 834 544 886 Φλά]
583 837 705 881 Quam
732 837 787 873 in-

123 893 237 930 sulam
295 907 489 944 perperam
547 894 787 930 confuderunt

123 963 203 987 cum
227 962 292 996 ea,
336 963 431 999 quae
455 950 490 985 in
513 948 676 1000 Aegypti
704 949 787 986 fini-

124 1007 190 1043 bus
227 1007 298 1042 sita
337 1006 620 1056 reperitur‘Nili
655 1005 785 1052 insula,

124 1062 227 1099 Phile
259 1062 327 1109 (de
349 1075 423 1112 qua
453 1062 525 1098 vid.
557 1074 666 1112 supra
692 1066 783 1098 nott.

123 1119 172 1156 ad
197 1118 248 1162 ll,
277 1120 351 1167 28)
384 1119 545 1167 indeque
573 1118 630 1155 hic
656 1119 788 1167 corrigi

124 1175 314 1211 voluerunt
351 1175 464 1213 Φίλα.
519 1174 568 1211 At
601 1175 674 1211 vid.
698 1176 789 1212 Par-

124 1232 222 1280 they.
262 1231 321 1268 De
341 1231 453 1267 Phiiis
483 1231 589 1267 insul.
611 1244 697 1281 pag.
721 1233 786 1271 70.

128 1290 200 1333 71,
231 1300 338 1336 quem
359 1287 487 1324 librum
508 1301 591 1324 curn
617 1288 676 1324 illa
703 1288 787 1324 scri-

127 1345 249 1381 berem
269 1343 369 1391 (vol.
391 1344 404 1380 Ι
437 1358 473 1395 p.
497 1344 599 1392 534)
627 1344 713 1381 mihi
741 1344 788 1381 ad

126 1413 255 1438 manus
279 1401 440 1437 nondum
462 1402 574 1438 fuisse
594 1400 714 1438 doleo.

280 1458 394 1508 Cap.
436 1456 639 1494 CLXX1X.

167 1510 281 1551 ’Ἐστι
309 1511 350 1551 δὲ
375 1512 441 1552 καὶ
459 1510 526 1552 ὅδε
546 1509 660 1564 λόγος
680 1509 788 1564 λεγό-

126 1568 259 1620 μενος]
301 1570 407 1613 Quae
426 1570 538 1607 verba
563 1570 661 1606 haud
681 1582 789 1619 prae-

125 1626 363 1663 termittenda
379 1627 547 1663 videntur
561 1626 788 1676 respicienti,

125 1686 302 1731 quantum
335 1683 446 1719 studii
474 1695 682 1732 operaeque
708 1682 789 1720 No-

127 1743 201 1775 ster
231 1738 268 1774 in
302 1751 345 1776 eo
374 1740 557 1789 posuerit,
597 1744 659 1786 ut,
693 1752 789 1788 quae

127 1795 226 1831 fam-<⁴1
245 1796 450 1841 ferrentur,
478 1800 539 1832 aut
554 1808 575 1832 a
596 1797 716 1846 poetis
739 1796 789 1832 sic

127 1851 265 1888 tradita
311 1856 497 1888 exstarent
544 1852 608 1900 (in
656 1853 788 1901 quibus

128 1908 340 1944 enarrandis
377 1908 637 1956 acquieverunt
680 1908 788 1956 logo-

127 1963 302 2013 graphi),
341 1964 386 2001 ab
413 1965 477 2011 iis,
518 1977 612 2013 quae
633 1965 712 2014 ipse
733 1965 789 2001 in-

127 2020 342 2069 vestigando
369 2033 455 2058 vera
483 2024 653 2070 expertus
677 2025 787 2067 esset,

129 2076 347 2124 seiungeret.
394 2075 453 2114 De
477 2089 549 2125 quo
579 2078 674 2113 conf.
695 2081 788 2114 nott.

130 2133 177 2169 ad
200 2132 262 2179 lv,
288 2135 379 2175 173.
410 2132 450 2169 ln
470 2133 549 2183 ipso
569 2132 711 2170 fabulae
729 2146 788 2170 ar-

129 2194 302 2237 gumento
342 2202 458 2239 nuper
491 2190 638 2226 sudavit
667 2190 710 2227 C.
739 2190 786 2227 O.

129 2244 274 2282 Mffller.
313 2246 533 2283 Orchomen.
571 2258 657 2296 pag.
692 2248 788 2292 353,

130 2314 369 2351 quaecunque
398 2303 455 2339 hic
482 2306 696 2340 enarrentur
723 2301 788 2339 Li-

129 2358 243 2406 byca,
285 2371 329 2395 ea
359 2359 481 2395 omnia
517 2372 538 2396 e
566 2358 722 2396 Boeotia
751 2358 787 2395 in

129 2413 282 2463 Libyam
300 2416 466 2452 traducta
486 2420 649 2452 statuens
678 2417 723 2453 ab
744 2416 786 2451 il-

128 2469 172 2505 lis
194 2469 349 2520 Minyis,
391 2472 454 2520 qui
484 2484 550 2521 per
581 2472 699 2509 varias
729 2484 788 2509 re-

129 2538 206 2562 rum
250 2527 513 2564 vicissitudines
557 2528 593 2565 in
631 2528 786 2577 Libyam

130 2581 279 2619 tandem
300 2583 514 2621 devenerint
540 2597 656 2633 eaque
682 2597 784 2635 spar-

131 2638 255 2683 serint,
270 2639 398 2687 quibus
415 2641 601 2689 regionem
616 2641 785 2677 divinitus

131 2693 235 2742 quasi
253 2694 288 2730 in
300 2697 565 2744 possessionem
577 2710 788 2734 concessam

132 2755 471 2799 commonstrarent,
491 2758 527 2790 et
543 2767 624 2791 cum
641 2753 787 2803 Libycis

133 2804 229 2843 hisce
249 2806 381 2843 fabulis
393 2807 684 2857 Argonautarum
696 2823 788 2860 quo-

133 2873 204 2911 que
224 2863 506 2914 expeditionem,
536 2866 574 2904 in
590 2879 662 2917 qua
677 2880 787 2918 prae-

1320 402 1446 445 ’Ἐστι

936 617 1010 659 καὶ
1050 616 1103 672 δὴ
1143 616 1218 659 καὶ
1257 617 1444 671 τρίποδα
1503 647 1519 665 e

1523 638 1592 664 undi

958 471 1153 529 Ἰήσονα,
1194 472 1286 517 ἐπεί
1323 472 1366 516 τὲ
1402 474 1447 516 οἱ
1519 470 1611 564 {2¹33}
1612 479 1671 531 ξζζζ·
1675 479 1762 531 ξςᾟξς

1502 541 1585 598 p'tusssr
1625 538 1688 564 aLi
1682 539 1769 573 bryan

1515 571 1617 631 ''lriuii
1607 580 1748 637 dis
1684 575 1724 598 al
1726 547 1780 625 Ι-ἰὲᾱ

1632 640 1709 665 ratio

1504 403 1592 430 lason
1622 407 1694 432 ante
1720 404 1779 432 iter

1504 436 1538 463 G«
1539 437 1606 464 vilet·
1598 446 1653 464 icui
1647 446 1673 465 ιιι
1711 439 1753 465 De
1756 438 1778 465 Ι-

1735 647 1780 665 ein

173 687 376 744 χάλκεον,
407 690 668 744 περιπλώειν
702 687 1065 743 Πελοπόννησον,
1099 686 1373 744 βουλόμενον
1401 687 1472 738 ἐςΙ
1503 672 1780 741 dlrssz'matrissffmse

844 835 949 885 cipua
971 835 1135 885 Minyum
1157 848 1263 885 pars,
1301 835 1503 873 coniunxe-

843 893 928 928 rint.
981 892 1060 929 Nec
1081 893 1186 928 aliter
1205 893 1281 929 sere
1299 892 1408 929 Italus
1425 892 1503 929 He-

842 948 962 984 rodoti
999 949 1177 998 interpres
1216 948 1307 985 haec
1341 962 1362 985 a
1388 949 1503 996 Cyre-

842 1005 942 1041 naeis
964 1004 1120 1041 conficta
1141 1004 1226 1049 vult,
1245 1005 1376 1053 quibus
1397 1018 1502 1040 suum

841 1062 880 1097 in
906 1060 1063 1109 Libycas
1106 1062 1274 1109 regiones
1314 1061 1503 1111 imperium

845 1117 967 1154 divina
989 1117 1092 1166 quasi
1116 1118 1331 1154 auctoritate
1356 1130 1505 1154 conces-

845 1185 925 1210 sum
964 1175 1078 1223 magis
1118 1173 1330 1211 stabilirent.
1397 1174 1504 1218 Quae

845 1243 925 1267 cum
947 1229 1130 1267 Herodoti
1158 1231 1366 1268 testimonio
1387 1230 1506 1267 haud-

845 1299 1030 1336 quaquam
1049 1287 1269 1333 innitantur,
1300 1300 1440 1332 vereor,
1464 1290 1506 1323 ut

846 1348 944 1380 stare
968 1343 1122 1393 possint.
1153 1343 1229 1381 Sed
1249 1343 1340 1381 haec
1361 1343 1505 1381 uberius

845 1412 1029 1449 exponere
1047 1399 1151 1436 huius
1168 1399 1236 1437 loci
1256 1413 1328 1437 non
1349 1405 1415 1438 est.
1447 1400 1505 1436 Tu

845 1469 925 1492 cum
958 1456 1179 1494 Herodoteis
1208 1458 1302 1493 conf.
1334 1456 1504 1508 Apollon.

844 1511 967 1549 Rhod.
989 1512 1050 1559 lv,
1075 1513 1175 1553 1551
1192 1516 1382 1560 —1617‚
1413 1513 1504 1550 haec

846 1568 974 1605 eadem
1000 1569 1180 1618 copiosius
1211 1575 1440 1607 enarrantem
1468 1573 1505 1607 et

846 1626 883 1661 in
905 1625 1090 1661 nonnullis
1110 1626 1156 1662 ab
1177 1625 1371 1663 Herodoto
1389 1627 1506 1663 disce-

846 1681 1005 1718 dentem.
1046 1681 1168 1718 Delati
1186 1686 1307 1719 autem
1328 1687 1413 1720 sunt
1434 1683 1505 1719 Ar-

845 1743 1030 1786 gonautae
1066 1738 1103 1774 in
1138 1737 1316 1787 Libyam,
1375 1740 1504 1777 eodem

845 1798 937 1830 teste
961 1793 1157 1845 Apollonio
1185 1795 1257 1843 IV,
1293 1797 1400 1836 1232
1423 1808 1505 1833 cum

845 1863 867 1887 a
888 1849 1022 1887 vellere
1040 1864 1150 1889 aureo
1171 1852 1353 1901 acquisito
1376 1853 1412 1889 in
1435 1864 1503 1902 pa-

845 1907 951 1943 triam
968 1909 1259 1955 regrederentur.
1290 1909 1506 1959 Suspicatur

845 1967 966 1999 autem
982 1963 1092 2000 Pach.
1123 1965 1297 2013 (Voyage
1327 1970 1396 2002 etc.
1416 1977 1503 2015 pag.

848 2020 947 2065 173)
978 2020 1015 2055 in
1037 2020 1258 2058 Phoenicum
1280 2026 1428 2071 portum
1455 2021 1504 2057 ad

845 2075 1041 2123 Phycuntis
1079 2078 1368 2126 promontorium
1410 2077 1503 2125 (ubi

844 2131 1092 2182 Hesperidum
1121 2146 1270 2182 quoque
1298 2134 1421 2171 hortos
1448 2134 1505 2170 fu-

844 2188 917 2225 isse
938 2190 1031 2236 vult)
1052 2189 1236 2240 appulisse
1254 2188 1504 2240 Argonautas,

845 2249 956 2281 vento
994 2245 1031 2282 in
1067 2245 1221 2295 Libyam
1267 2246 1420 2285 delatos.
1447 2269 1502 2275 --

844 2297 927 2339 ’ὑπό
945 2303 1001 2353 τῷ
1022 2302 1177 2355 Πηλίῳ,
1196 2304 1260 2340 sub
1281 2303 1401 2350 Pelio,
1427 2304 1449 2340 i.
1471 2316 1502 2341 e.

846 2357 895 2393 acl
915 2356 1013 2394 Pelia·
1029 2359 1176 2396 radices.
1217 2359 1258 2396 In
1281 2361 1399 2398 verbis
1419 2372 1503 2409 sqq.

844 2412 1064 2463 ἐσθέμενον
1100 2415 1140 2462 ἐς
1175 2410 1303 2467 αὐτὴν
1341 2414 1465 2467 ἄλλη
1480 2431 1503 2455 ν

844 2485 884 2509 τε
924 2467 1143 2523 ἑκατόμβην
1188 2474 1341 2511 attende
1376 2485 1501 2511 vocem

844 2523 981 2573 ἄλλοςς
1003 2529 1049 2566 de
1059 2530 1157 2566 cuius
1170 2543 1237 2567 usu
1249 2528 1329 2566 Ast.
1347 2530 1394 2566 ad
1407 2528 1500 2568 Plat.

842 2583 1000 2621 Phaedr.
1020 2598 1104 2635 pag.
1122 2586 1199 2626 241
1225 2599 1301 2636 seq.
1322 2587 1367 2622 ad
1391 2585 1499 2625 Polit.

841 2653 927 2690 pag·
941 2641 1034 2681 415.
1054 2642 1147 2684 521.
1168 2641 1249 2684 641
1271 2641 1386 2680 multa
1405 2642 1501 2680 exci-

843 2697 944 2734 tavit.

900 2751 967 2792 καὶ
981 2749 1111 2803 δήκαὶ
1128 2753 1299 2805 τρίποδα
1316 2748 1499 2805 χάλκεον]

849 2809 1034 2859 Tripodem
1051 2811 1098 2847 ad
1117 2809 1295 2860 Apollinis
1313 2823 1416 2848 sacra
1435 2823 1502 2860 po-

844 2866 1019 2904 tissimum
1080 2867 1300 2917 pertinuisse
1344 2867 1504 2915 indeque
