1904 3304
545 229 1108 269 MELPOMENE.
1166 229 1227 266 lv.

200 519 236 556 p.
258 506 340 545 290
362 517 390 541 S.
409 502 492 543 445
515 501 573 548 Α.,
595 502 657 551 qui
677 502 794 539 Plinio
814 501 862 538 H.

202 560 248 599 N.
275 560 336 608 lv,
357 560 406 600 14
426 564 511 596 sunt
529 559 703 595 Guttones
724 564 760 595 et
772 558 862 594 Pto-

201 618 340 655 lemaeo
369 616 509 652 Batiai.
580 616 679 659 Quin
714 615 862 651 ulterius

202 686 414 725 progressus
432 673 619 718 Rudinus,
660 673 735 709 sixe
757 672 861 707 Gelo-

202 744 266 767 nos
291 743 358 781 pro
388 731 579 766 Germanis
605 730 864 777 aute'quisailm's

203 787 331 824 haberi
350 786 425 823 vult
448 787 523 824 sive
540 786 678 832 Gothis,
710 798 864 834 qnorum

203 844 278 881 dux
305 844 407 880 odiu
438 844 515 880 sive
538 843 698 879 wodan.
758 841 864 884 Quae

204 913 300 937 nunc
329 912 403 936 non
431 900 548 947 magis
572 899 778 948 disquirere
801 910 865 933 va·-

205 962 287 1002 cat,
337 968 447 1005 quani
480 956 615 993 Ritteri
655 955 864 1005 opinionem

204 1012 393 1061 (Vorhalie
424 1027 458 1063 p.
492 1013 544 1053 25
569 1024 646 1060 seq.
682 1013 747 1051 30.
785 1011 863 1050 153

206 1071 357 1118 seqq),
400 1070 473 1117 qua
499 1068 644 1104 Rudini
670 1066 864 1113 Buddhae‚

206 1127 319 1163 ludici
336 1126 409 1171 dei,
426 1125 629 1162 habeantur
644 1124 810 1169 cultores,
822 1136 865 1160 ex

205 1183 294 1220 Asia
321 1182 441 1219 media
471 1182 639 1230 adeoque
669 1181 771 1218 India
796 1180 866 1216 huc

207 1238 331 1276 delati.
359 1239 492 1287 Bayer.
514 1239 552 1275 in
569 1239 724 1288 Opuscc.
751 1250 788 1286 p.
812 1238 865 1276 88

209 1295 267 1333 ed.
293 1294 415 1331 Klotz.
446 1295 610 1332 Budinos
640 1299 678 1331 et
703 1293 866 1330 Gelonos

210 1352 258 1388 ibi
293 1351 369 1388 fere
408 1351 589 1388 habitasse
623 1356 750 1400 putat,
807 1349 867 1385 ubi

209 1407 438 1445 Palatinatus
478 1412 535 1444 est
567 1406 793 1444 Chelmensis
832 1409 869 1442 et

208 1465 450 1501 Brzestiensis
478 1465 514 1500 in
534 1464 696 1500 Polonia.
755 1461 789 1498 A
813 1474 871 1498 se-

209 1522 421 1570 ptentrione
440 1521 751 1565 Sauromatarum,
776 1517 870 1554 ultra

210 1576 355 1613 Tanain
392 1576 655 1621 habitantium,
703 1576 871 1612 Budino-

209 1645 287 1669 rum
308 1633 415 1670 sedes
437 1634 666 1681 quaerendas
688 1645 769 1669 esse
790 1644 871 1667 mo-

210 1694 272 1726 net
292 1689 462 1738 Koppen.
480 1688 681 1738 Nordgest.
702 1690 737 1725 d.
759 1688 868 1724 Pont.

210 1758 294 1796 pag·
320 1748 382 1785 17.
405 1744 470 1792 68,
501 1759 544 1783 ea
566 1746 642 1783 fere
661 1747 697 1782 in
719 1745 869 1794 regione

211 1802 378 1851 gubernii
398 1802 643 1850 VVownjesh,
683 1802 745 1839 ubi
775 1814 871 1838 nunc

213 1859 389 1908 oppidum
416 1858 564 1895 Bobrow
594 1860 669 1896 sive
700 1859 782 1894 urbs
811 1871 871 1894 ca-

212 1919 337 1951 storea.
400 1914 482 1952 Nec
511 1916 580 1952 alia
609 1920 664 1953 est
691 1914 870 1952 sententia

212 1971 383 2008 Rennelii
420 1985 506 2022 pag.
543 1971 624 2012 416
663 1977 700 2009 et
739 1971 871 2011 Ritteri

214 2026 434 2079 (Erdkunde
457 2028 487 2064 ll
510 2042 545 2077 p.
562 2029 655 2069 765.
678 2025 790 2078 766).
830 2027 870 2063 In

214 2084 380 2133 gubernii
399 2084 592 2121 Astracani
613 2089 736 2134 parte,
778 2096 872 2132 quae

215 2141 262 2177 ad
284 2141 428 2177 fluvium
451 2141 526 2177 Iaik
548 2142 686 2189 vergit,
708 2141 872 2177 Budinos

215 2196 366 2234 collocat
399 2197 618 2234 Biilerbeck.
656 2197 776 2234 Diffic.
810 2196 872 2232 As.

214 2266 299 2304 pag.
322 2255 398 2299 233
436 2254 597 2291 Heeren.
625 2253 755 2303 (Ideen
786 2253 818 2296 1,
846 2255 872 2292 2

214 2322 300 2360 pag.
324 2311 426 2358 278)
446 2312 481 2346 in
505 2311 680 2358 gubernio
694 2311 873 2355 Saratow,

218 2372 266 2414 et,
297 2374 442 2415 gentem
460 2380 630 2416 magnam
651 2373 688 2403 et
707 2368 874 2414 trequen-

217 2429 290 2460 tem
364 2423 512 2461 ulterius
586 2424 874 2473 septentrionem

217 2481 441 2517 orientemve
486 2492 610 2517 versus
662 2480 875 2530 productam

221 2537 423 2574 existimare
451 2537 481 2573 si
512 2537 637 2583 liceat,
678 2537 714 2572 in
739 2537 873 2584 guber-

221 2593 288 2628 niis
327 2594 471 2639 Pensa,
509 2593 710 2639 Simbirsk‚
749 2593 876 2628 Kasan

222 2661 336 2697 usque
361 2650 409 2686 ad
430 2650 537 2687 Perm
556 2655 593 2687 et
613 2663 727 2698 usque
747 2650 794 2685 ad
819 2650 875 2685 xi-

224 2705 406 2742 cinitatem
446 2705 601 2743 Norossi
642 2707 776 2743 montis
820 2706 876 2753 (s.

223 2760 313 2797 Ural
330 2762 602 2811 meridionalis).
632 2762 762 2800 Adhuc
782 2764 877 2800 enim

224 2818 266 2854 iis
290 2818 327 2854 in
344 2819 448 2855 terris
467 2818 585 2867 sylvas
605 2820 777 2870 plurimas
797 2832 878 2857 esse

223 2880 392 2923 narrant,
459 2876 609 2913 navibus
657 2876 878 2914 fabricandis

1444 229 1530 270 315

134 353 196 396 22
255 346 401 385 πᾶσαν
431 339 592 396 δασέην
619 339 705 396 ὕλῃ
729 341 931 396 παντοίῃ.
992 338 1220 382 Βουδίνων
1245 337 1290 380 δὲ
1316 335 1580 390 unanimo-25

920 501 1110 539 materiam
1146 499 1437 549 suppeditantes.
1494 496 1582 535 Non

920 558 1024 595 aliter
1060 556 1253 593 Reichard.
1297 568 1384 606 pag.
1415 558 1479 595 33.
1527 556 1582 596 59

920 614 1147 651 Budinorum
1170 613 1289 657 sedes,
1320 625 1394 660 quo
1416 617 1583 661 tempore

920 671 1106 720 Scythiam
1128 669 1300 706 invaserit
1317 669 1465 715 Darius,
1488 670 1583 704 intra

921 727 1067 764 Tanain
1091 730 1128 762 et
1140 725 1294 773 Volgam
1310 727 1421 762 fuisse
1441 726 1581 770 statuit,

921 784 958 820 in
1002 782 1219 819 occidentali
1265 787 1374 830 parte
1415 781 1583 831 gubernii

921 839 1114 883 Simbirsk,
1145 839 1180 874 in
1203 838 1477 887 septentrionali
1496 850 1583 888 par-

921 901 958 932 te
977 895 1143 944 gubernii
1164 894 1330 931 Saratow
1355 896 1584 944 regionibus-

922 965 995 1002 que
1021 952 1144 989 Pensa
1171 956 1207 988 et
1235 950 1425 988 Tambow.
1484 951 1584 995 Quin

921 1009 1072 1046 nomina
1114 1007 1295 1056 quaedam
1342 1008 1505 1053 subiicit,
1547 1007 1584 1043 in

922 1066 1052 1114 quibus
1079 1065 1268 1112 antiquum
1302 1065 1421 1112 gentis
1447 1076 1584 1101 nomen

923 1122 1041 1160 adhuc
1074 1120 1246 1169 cognosci
1276 1126 1399 1169 queat.
1447 1122 1585 1157 Coraes

925 1179 1000 1227 (ad
1026 1179 1241 1228 Hippocrat.
1273 1177 1333 1214 De
1361 1190 1434 1215 aer.
1462 1189 1521 1226 aq.
1549 1180 1586 1213 et

922 1235 1009 1272 loce.
1033 1234 1081 1271 T.
1103 1234 1137 1271 Π
1154 1248 1190 1284 p.
1214 1235 1311 1281 313)
1339 1238 1484 1271 secutus
1510 1233 1586 1269 Bii-

924 1292 1127 1339 sehingium
1139 1320 1150 1336 ,
1186 1290 1361 1327 Tartarus
1379 1290 1586 1327 Budzz'acos

925 1349 987 1397 qui
1007 1361 1103 1384 nunc
1123 1354 1319 1393 vocantur,
1359 1348 1586 1384 Budinorum

926 1404 1000 1441 vult
1020 1409 1189 1455 posteros
1211 1416 1303 1441 esse.
1363 1404 1586 1447 Quibuscum

927 1461 1172 1507 conferenda,
1208 1473 1303 1509 quae
1330 1461 1432 1510 prius
1466 1461 1513 1497 de
1531 1459 1586 1495 his

927 1522 1109 1554 statuerat
1147 1517 1328 1554 Gatterer.
1371 1517 1407 1552 in
1443 1517 1586 1552 Comm.

927 1575 1061 1610 Societ.
1094 1574 1199 1610 Gott.
1225 1573 1311 1609 XIV
1332 1585 1417 1622 pag.
1442 1574 1518 1620 33,
1551 1576 1589 1609 et

926 1630 1127 1668 Danvillius
1149 1629 1275 1675 (Me‘m.
1298 1630 1345 1666 de
1364 1629 1501 1666 l’Acad.
1522 1629 1588 1665 des

926 1687 1107 1736 Inscriptt.
1128 1685 1269 1722 XXXV
1294 1698 1379 1735 pag,
1403 1686 1484 1726 550
1505 1684 1586 1721 coll.

928 1742 1030 1793 586)
1045 1773 1054 1790 ‚
1099 1743 1162 1792 qui
1182 1755 1276 1791 quae
1303 1743 1350 1779 de
1369 1742 1522 1778 Budinis
1541 1742 1588 1778 ab

927 1801 1121 1837 Herodoto
1140 1803 1176 1836 et
1196 1799 1264 1836 hoc
1282 1798 1361 1836 loco
1381 1803 1418 1836 et
1439 1799 1589 1848 potissi-

929 1870 1026 1894 mum
1057 1857 1151 1893 infra
1169 1855 1232 1902 IV,
1262 1857 1341 1896 108
1370 1856 1589 1902 referuntur,

929 1914 1078 1962 egregie
1099 1913 1291 1949 convenire
1309 1913 1488 1949 existimat
1508 1924 1589 1947 cum

927 1971 971 2006 iis
983 1999 994 2017 ‚
1025 1982 1120 2019 quae
1139 1970 1360 2006 recentiores
1377 1969 1590 2018 peregrina-

928 2032 1028 2063 tores
1062 2027 1109 2062 de
1133 2026 1394 2062 Circassiorum
1429 2024 1589 2073 regioni-

929 2083 996 2119 bus
1028 2087 1063 2119 et
1093 2087 1192 2118 terra
1217 2082 1352 2117 Kuban
1392 2081 1590 2118 memoriae

930 2139 1170 2189 prodiderint.
1217 2137 1276 2173 Ad
1294 2138 1448 2174 Caucasi
1469 2137 1590 2184 regio-

930 2209 995 2233 nes
1013 2200 1087 2231 tum
1107 2200 1211 2232 erunt
1232 2194 1419 2242 relegandi
1434 2193 1587 2230 Budini:

931 2251 1240 2300 quemadmodum
1297 2251 1381 2287 olim
1445 2262 1590 2298 quoque

930 2310 1093 2357 Bayerus
1114 2307 1288 2344 voluerat.
1318 2306 1366 2344 At
1387 2307 1472 2343 mihi
1486 2307 1590 2356 Κῦρ-

932 2366 1030 2415 penii
1053 2370 1088 2402 et
1108 2377 1255 2409 eorum,
1307 2365 1369 2412 qui
1392 2364 1509 2414 ipsum
1534 2375 1591 2400 se-

931 2423 1005 2458 cnti
1025 2426 1130 2468 sunt,
1161 2422 1343 2458 sententia
1356 2449 1369 2466 ,
1391 2433 1412 2456 a
1431 2433 1505 2468 qua
1524 2433 1592 2456 nec

931 2479 1129 2523 Heerenii‚
1170 2491 1237 2515 nec
1263 2477 1484 2526 reliquorum
1508 2489 1591 2513 sen-

932 2536 1046 2573 tentia
1067 2534 1172 2572 valde
1189 2535 1351 2581 recedit,
1381 2533 1591 2584 praeferen-

933 2593 982 2629 da
1019 2592 1171 2628 videtur.
1225 2590 1254 2628 C
1265 2604 1291 2626 r.
1321 2590 1477 2627 conferri
1514 2588 1592 2625 vult

934 2649 1103 2697 Giitting.
1127 2647 1216 2684 Anz.
1240 2649 1347 2687 1823
1367 2645 1485 2686 nr.75
1505 2658 1590 2695 pag.

934 2704 1029 2746 747.
1070 2705 1145 2742 Ubi
1173 2717 1217 2742 ex
1239 2704 1389 2741 historia
1404 2701 1592 2748 Poloniae,

934 2774 1031 2812 quae
1067 2767 1215 2798 auctore
1252 2759 1426 2797 Bandtke
1459 2758 1593 2808 prodiit

935 2819 1134 2856 Cracoviae
1155 2820 1284 2862 1822,
1320 2818 1417 2854 inter
1437 2815 1505 2852 alia
1523 2814 1592 2850 hoc

934 2888 1082 2926 quoque
1111 2875 1285 2920 refertur,
1325 2873 1490 2911 Budinos
1515 2870 1591 2921 pri-
