1904 3304
498 249 1059 291 MELPOMENE.
1116 249 1178 289 IV.
1394 253 1479 293 559

211 380 326 409 πτιοι
356 361 594 417 Ἑλλήνων,
636 361 710 404 καὶ
749 359 1124 416 παραχρεώμενοι,
1169 359 1531 416 διεφθάρησανδὸ

211 436 347 486 οὕτω,
394 434 502 478 ὥστε
553 433 694 489 ὀλίγοι
741 434 853 483 τινες
902 431 1047 474 αὐτῶν
1093 429 1392 486 ἀπενόστησαν
1431 431 1475 482 ἐς

181 509 444 561 7Λί’γυπτον.
495 505 590 548 ἀντὶ
619 502 787 545 τούτων
819 501 1053 556 Αἰγύπτιοι
1083 500 1192 543 nocto}
1222 499 1360 544 τοίυτὰ
1386 500 1474 544 ἐπι-

207 576 478 633 μεμφόμενοι
504 570 682 629 Ἀπ9ι’ῃ,
716 571 961 628 ἀπέστησαν
992 570 1068 615 ἀπ’
1103 571 1253 615 αὐτοῦ.

325 643 500 687 Τούτου
542 646 587 687 δὲ
628 649 708 688 τοῦ
745 645 917 687 Βαττεω
954 644 1117 698 γίνεται
1157 641 1257 692 πάϊς
1287 639 1473 696 Ἀρκεσί-
1528 647 1808 714 rcAgr!'caetapizfflis‘cirum

204 721 333 766 λεως·
387 715 433 766 ὃς
463 715 744 772 βασιλεύσας,
792 718 945 769 πρῶτα
983 720 1096 757 τοῖσι
1138 714 1305 757 ἑωυτοῦ
1344 711 1809 775 0262).-Togiffigrjnflfficjdlffgffi

205 792 351 843 φεοῑσι
389 787 632 837 ἐστασίασε,
677 787 719 837 ἐς
758 785 783 828 ὅ
821 801 896 840 μιν
937 779 1058 827 οὗτοι
1095 782 1381 834 ἀπολιπόντες
1410 784 1471 826 οἴ-
1529 782 1808 842 Ῑξῆξ,ῗξ,ῗὶηξ’ῑ,ξ’3οῗῗ“

204 875 332 914 χοντο
365 857 406 908 ἐς
437 857 567 901 ἄλλον
595 862 738 912 χῶρον
767 860 840 911 τῆς
872 855 1065 911 Λιβύης·
1097 856 1171 899 καὶ
1200 852 1268 898 ἐπ’
1297 854 1471 898 ἑωυτῶν
1527 853 1587 876 ‘⁰¹¹¹
1614 850 1758 874 ‘l‘ce’i'ffl
1789 856 1808 875 ‘²

205 928 487 985 βαλλόμενοι,
518 929 690 971 ἔκτισαν
718 926 845 970 πόλιν
874 925 1061 981 ταύτην,
1093 925 1121 980 ἢ
1149 925 1244 968 τότε
1277 926 1350 968 καὶ
1384 929 1469 968 νῦν

207 1000 358 1055 Βάρκη
388 999 603 1043 καλέεται·
636 1001 848 1051 κτίζοντες
879 996 921 1040 δ’
955 997 1043 1052 ἅμα
1075 995 1236 1051 αὐτήν,
1269 995 1472 1039 ἀπιστᾶσι

65 653 160 698 160

1547 882 1682 909 Learcho
1695 882 1790 908 fratre

1525 917 1662 943 sufforaii
1689 916 1805 942 ulcisci—

1526 957 1576 978 tur
1599 950 1700 984 Erjxo
1723 958 1805 978 uxor.

150 1151 292 1188 κησαν.
335 1137 387 1175 Ac
412 1138 543 1175 dicitur
563 1135 742 1189 συμβοληῗ
762 1138 810 1175 de

151 1196 271 1232 hostili
292 1208 498 1242 congressu,
534 1201 574 1231 ut
598 1196 624 1242 l,
654 1198 718 1235 (jG.
748 1197 813 1235 74.

151 1274 206 1279 ——
224 1252 281 1288 De
298 1252 377 1300 ipsa
395 1252 566 1300 Aegyptii
586 1253 681 1295 regis
701 1264 812 1300 expe-

152 1309 291 1345 ditione
311 1308 403 1343 conf.
428 1307 472 1351 ll,
496 1310 588 1347 161.
618 1307 811 1354 Diodor.l‚

152 1368 217 1406 68.
246 1365 304 1400 Ad
324 1362 604 1413 πεπειρημένοι
627 1365 722 1400 conf.
748 1363 811 1409 lv,

153 1422 206 1461 80
219 1421 314 1458 etad
337 1415 663 1471 παραχρεώμενοι
686 1421 714 1466 Ι,
732 1422 809 1460 108

151 1478 237 1526 ibiq.
268 1482 359 1512 nott.
419 1477 507 1513 Mox
530 1490 610 1513 cum
631 1476 750 1513 Gaisf.
773 1481 810 1513 et

150 1533 282 1571 Matth.
310 1533 434 1582 scripsi
464 1527 597 1571 αὐτῶν
626 1545 693 1583 pro
725 1527 810 1570 αὕ-

150 1588 238 1628 τέω
252 1604 285 1626 ν.

209 1641 309 1684 κατα
331 1639 454 1683 τᾶυτοὶ
476 1640 808 1695 ἐπιμεμφόμενοι]

150 1700 260 1752 Apud
282 1702 422 1747 Gaisf.,
461 1702 522 1750 qui
551 1706 650 1739 recte
677 1702 809 1738 distin-

151 1760 308 1797 ctionem
359 1761 445 1794 ante
493 1753 809 1808 ἐπιμεμφόμενοι

152 1814 317 1862 sustulit,
347 1814 563 1864 impressum
582 1816 688 1851 video
708 1811 808 1853 κατοέ

150 1874 292 1918 ταῦτα,
324 1883 344 1907 e
362 1871 563 1917 Sancrosti,
594 1872 743 1921 opinor,
765 1870 809 1907 li-

151 1929 228 1966 bro.
276 1927 324 1964 At
351 1932 514 1976 praestat
542 1925 641 1966 κατοὲ
670 1923 809 1974 trimo),

150 1986 172 2022 i.
200 1998 232 2022 e.
258 1983 372 2019 eodem
395 1983 512 2029 modo,
553 1997 626 2033 quo
651 1984 722 2021 scil.
744 1983 810 2020 Li-

150 2042 252 2089 byes.
297 2039 429 2087 Neque
450 2040 544 2076 enim
566 2041 809 2090 praepositio-

151 2110 235 2135 nem
252 2097 298 2132 ad
321 2096 468 2132 verbum
490 2096 686 2141 retulerim,
708 2096 809 2145 quod

151 2153 287 2204 placuit
323 2152 525 2200 Schweigh.
539 2181 549 2199 ,
592 2165 671 2189 cum
710 2158 809 2189 recte

154 2222 263 2259 supra
284 2208 330 2255 ΙΙ,
363 2210 462 2254 161,
503 2209 565 2245 ubi
585 2210 713 2246 eadem
733 2214 809 2244 tra-

154 2266 307 2302 duntur:
360 2259 576 2314 Αἰγύπτιοι
607 2262 649 2303 δὲ
683 2266 808 2302 ταῦτα

153 2315 465 2371 ἐπιμεμφόμενοι
514 2321 613 2358 nulla
652 2321 810 2358 addatur

153 2378 384 2428 praepositio.

351 2433 382 2469 C
396 2445 465 2482 ap.
498 2432 612 2470 CLX.

215 2486 257 2535 ‘dg-
282 2485 517 2539 βασιλεύσας
534 2504 567 2528 κ.
585 2504 616 2528 τ.
638 2488 684 2539 λ.]
716 2490 809 2527 Cum

156 2550 255 2582 certa
284 2547 515 2591 testimonia,
555 2547 685 2595 quibus
715 2551 809 2583 tem-

155 2614 246 2650 pus,
287 2614 357 2650 quo
390 2603 593 2640 Arcesilaus
629 2604 808 2641 secundus

155 2657 339 2704 regnarit,
377 2659 546 2696 constitui
571 2661 704 2709 possit,
745 2660 811 2696 de-

157 2714 260 2759 sint,
278 2713 380 2749 Reiz.
403 2727 483 2751 eum
505 2728 679 2764 regnasse
704 2716 809 2765 ponit

157 2770 239 2809 560
253 2770 396 2809 —550
417 2782 448 2806 a.
471 2771 555 2808 Chr.
576 2785 610 2809 n.
648 2771 809 2809 Larche-

157 2838 218 2860 rus
241 2823 494 2872 554—5443
526 2828 584 2864 alii
605 2829 718 2866 aliter.
751 2829 808 2865 Cf.

158 2880 298 2930 'shrige
320 2881 343 2918 l.
374 2881 395 2918 l.
427 2894 513 2933 pag.
539 2885 618 2925 153
639 2889 714 2923 not.
741 2888 807 2926 73.

867 1136 1018 1187 Accepit
1052 1138 1149 1174 idem
1175 1135 1378 1174 Arcesilaus
1409 1138 1526 1187 χαλε-

868 1196 949 1232 ποῦ
989 1193 1122 1242 (ιηαίί,
1163 1194 1273 1242 (luri)
1313 1207 1530 1242 cognomen,

869 1263 941 1299 quo
970 1251 1016 1286 ab
1046 1250 1252 1296 Arcesilao,
1291 1250 1394 1286 Batti
1417 1251 1530 1287 felicis

868 1311 997 1356 patre,
1066 1307 1376 1355 distingueretur,
1433 1312 1530 1344 teste

868 1362 1073 1400 Plutarcho.

923 1422 1025 1457 τοῖσι
1086 1416 1239 1457 ἑωυτοῦ
1298 1413 1528 1468 ἀδελφεοῖσι

867 1473 1083 1525 ἐστασίασε]
1116 1477 1139 1511 i.
1163 1489 1194 1513 e.
1208 1475 1401 1525 factionem
1423 1480 1527 1514 movit

868 1535 992 1568 contra
1016 1532 1157 1582 fratres
1185 1546 1276 1569 suos.
1346 1533 1419 1570 Ubi
1447 1533 1528 1570 No-

868 1592 983 1624 strum
1024 1589 1212 1638 scripsisse
1251 1590 1414 1639 suspicor
1447 1589 1528 1630 ἐπὶ

866 1647 990 1691 τοῖσι,
1022 1649 1061 1681 ut
1084 1645 1119 1692 l,
1150 1647 1202 1685 60
1231 1639 1343 1692 αὖτις
1370 1640 1434 1684 ἐπ’
1461 1641 1528 1684 02).-

867 1698 1021 1751 λήλοισι
1062 1699 1310 1740 ἐστασίασαν.
1365 1701 1528 1741 Nomina

864 1759 1015 1795 fratrum
1035 1759 1189 1794 servavit
1208 1758 1419 1808 Stephanus
1433 1759 1526 1808 Byz.

866 1827 895 1851 s.
913 1827 945 1851 v.
966 1809 1103 1864 Βάρκη
1127 1828 1161 1864 p.
1188 1817 1282 1854 211.
1344 1816 1528 1852 Vocantur

866 1870 1037 1917 Perseus,
1070 1871 1283 1921 Zacynthus
1299 1900 1310 1919 ,
1337 1872 1526 1909 Aristome-

865 1927 957 1974 ἀοιι,
997 1927 1135 1977 Lyczw.
1204 1926 1262 1965 Ad
1305 1928 1524 1966 locutionem

866 1979 932 2023 ἐπ’
963 1982 1124 2022 ἑωυτῶν
1157 1979 1393 2035 βαλλόμενοι
1429 1986 1524 2022 conf.

865 2044 959 2077 nott.
982 2041 1030 2077 ad
1052 2041 1123 2086 ΙΙΙ,
1152 2043 1218 2080 71.

922 2092 1078 2147 Βάρκη]
1112 2097 1220 2133 conf.
1245 2096 1309 2144 IV,
1342 2099 1423 2139 200
1442 2109 1524 2147 sqq.

865 2152 970 2189 Haec
1006 2154 1089 2189 urbs
1127 2153 1173 2189 ab
1205 2165 1334 2190 occasu
1361 2155 1524 2202 Cyrenes

866 2209 937 2245 sita
957 2213 1037 2246 octo
1058 2208 1144 2245 mill.
1176 2222 1302 2258 geogr.
1331 2210 1368 2247 in
1394 2210 1525 2247 solitu-

867 2266 971 2313 dine,
1012 2270 1052 2302 ut
1088 2265 1139 2302 ait
1174 2266 1441 2316 Hieronymus,
1487 2268 1523 2303 in

867 2322 1018 2369 regione
1046 2335 1201 2359 arenosa
1230 2335 1252 2359 a
1272 2323 1362 2359 mari
1383 2327 1526 2360 remota

867 2382 1012 2415 centum
1049 2379 1192 2424 stadia,
1233 2383 1328 2416 teste
1361 2379 1524 2427 Scylace,

866 2434 1074 2485 principalis
1117 2448 1184 2484 per
1229 2434 1327 2472 illum
1369 2440 1525 2473 tractum

865 2491 977 2528 fuisse
1003 2493 1136 2538 fertur,
1173 2504 1266 2540 quae
1287 2492 1373 2529 inde
1401 2492 1448 2528 ab
1479 2504 1523 2528 eo

867 2552 1031 2597 tempore
1050 2548 1209 2585 decrevit
1224 2549 1411 2596 rariusque
1425 2560 1524 2584 com-

866 2609 1108 2649 memoratur,
1144 2617 1218 2653 quo
1238 2604 1399 2653 Aegypti
1417 2617 1522 2652 reges

865 2659 1092 2707 Ptolemaei,
1129 2664 1206 2697 tota
1234 2660 1302 2697 hac
1325 2673 1388 2696 ora
1412 2660 1449 2696 in
1466 2660 1523 2696 di-

864 2717 1003 2754 tionem
1044 2721 1213 2767 recepta,
1270 2715 1521 2753 Ptolemaidem

865 2773 912 2809 ab
938 2773 1019 2823 ipsa
1043 2774 1159 2810 Barce
1190 2774 1262 2809 duo
1292 2772 1376 2809 mill.
1401 2785 1520 2810 remo-

863 2833 938 2865 tam
960 2831 1201 2867 condiderunt
1227 2830 1275 2866 ad
1294 2841 1413 2876 mare,
1456 2829 1518 2864 ubi

863 2885 946 2929 olim
967 2887 1100 2925 Barces
1123 2889 1252 2937 portus
1280 2886 1392 2924 fuisse
1415 2884 1516 2921 vide·
