1904 3304
471 211 1162 251 MELPOMENE.1V.
1373 216 1458 256 309

1507 337 1632 364 quorum
1642 333 1727 358 terra
1737 339 1787 367 pa-

183 327 226 371 οἱ
255 324 466 374 οἰκέοντες
497 322 564 365 ἐπὶ
591 326 651 380 τῷ
674 319 834 364 Ὑπάνι
864 324 1046 378 ποταμῷ
1074 320 1279 366 καλέουσι
1313 326 1450 377 Βορυ-
1508 368 1553 390 tet
1580 364 1725 392 inlatum
1749 365 1788 392 ad

1507 396 1691 433 Panticapen
1732 399 1784 425 tri-

152 398 435 445 Ξσθενεΐτας,
466 393 602 448 σφέας
632 393 677 437 δὲ
709 392 894 445 αὐτοὺς,
923 391 1260 449 Ὀλβιοπολίτας.
1323 389 1449 437 οὗτοι
1508 429 1557 456 dui
1578 431 1654 463 ineu
1675 432 1705 458 in
1724 432 1787 459 ,on-

181 464 244 512 c3v
273 468 316 510 οἷ
343 465 530 522 γεωργοὶ
560 465 742 508 Σκύθαι
771 464 1002 519 νέμονται,
1032 463 1081 507 τὸ
1111 463 1190 519 μὲν
1218 462 1330 518 πρὸς
1359 464 1439 521 τήν
1451 464 1786 534 903313333‘23352fflp2}

178 538 258 586 ἕω,
300 536 370 580 ἐπὶ
405 542 518 592 τρεῖς
556 535 719 593 ἡμέρας
751 535 887 587 ὁδοῦ,
926 534 1190 591 κατήκοντες
1219 535 1286 579 ἐπὶ
1317 551 1448 579 ποτα-
1523 530 1759 566 ”mmmmm

177 607 263 666 μόν
291 611 352 665 τῷ
383 606 554 664 οὕνομα
584 613 721 652 κεῖται
740 605 1043 663 Παντικάπης·
1083 605 1132 649 τὸ
1161 606 1208 649 δὲ
1236 606 1345 661 πρὸς
1372 610 1448 662 βο-

1507 564 1587 590 ultra
1599 586 1606 596 ,
1636 566 1784 593 solitudo:

1522 598 1600 625 ultra
1634 599 1770 626 solitudi—

178 683 262 736 ρῆν
294 678 477 735 ἄνεμον,
522 677 662 723 πλόον
703 676 787 722 ἄνα
827 677 905 722 τόν
934 677 1220 734 Βορυσθένεα
1248 676 1446 735 ἡμερέων

1505 639 1589 666 nem,
1610 632 1783 667 Andropha-

1505 665 1554 698 gi,
1591 666 1673 693 natio
1704 667 1784 694 haud

1504 698 1663 733 Scythica:
1704 701 1785 728 ultra

1506 740 1580 765 eoo,
1615 733 1714 762 omnia
1732 734 1784 762 de-

1505 770 1600 795 serta.

123 831 184 881 qui
210 843 230 868 a
253 832 344 869 mari
367 832 437 869 sint
459 832 696 877 remotior-253
746 829 788 870 οἷ
843 831 925 870 218
955 830 1011 867 ed.
1033 829 1177 879 Gail.),
1217 831 1306 868 satis
1335 831 1505 881 intelligi-

121 883 251 936 κάτω,
291 888 353 938 qui
379 890 426 926 ad
449 889 566 939 ipsum
595 901 694 925 mare
720 888 785 924 ha-

122 946 249 983 bitent.
297 946 356 982 Cf.
380 946 520 982 Herod.
544 945 595 992 ll,
626 947 664 984 7.
690 944 781 985 155.

121 1001 285 1051 Thucyd.
314 1001 366 1048 II,
399 1003 463 1041 83.
493 1002 546 1042 98
580 1001 661 1038 coll.
680 1001 715 1046 l,
743 1005 780 1041 7.

121 1058 279 1096 Pausan.
296 1057 330 1093 V
353 1057 434 1104 fin.‚
465 1057 555 1103 alia,
588 1070 682 1106 quae
705 1057 782 1094 lar-

121 1128 171 1164 ga
203 1126 312 1151 manu
351 1115 455 1151 dedit
489 1113 783 1152 Valckenaerius.

120 1172 225 1221 Ipsos
250 1170 407 1220 Scythas
431 1171 606 1219 Georgos,
649 1183 741 1220 quos
761 1182 783 1207 a

124 1227 270 1278 Scythis
297 1228 500 1264 Aroteribzes
531 1229 624 1265 bene
655 1228 784 1264 distin-

122 1285 288 1334 guendos
319 1297 401 1321 esse
433 1285 479 1321 ad
509 1284 577 1331 lV,
610 1286 660 1323 17
691 1285 784 1320 dixi-

120 1354 211 1387 mus,
234 1340 282 1377 ad
302 1339 439 1378 laevam
455 1342 531 1387 (i.e.
550 1337 780 1391 orientalem)

119 1398 235 1447 ripam
277 1396 516 1447 Borysthenis
552 1398 589 1434 in
630 1398 781 1446 regione

118 1454 191 1491 late
223 1455 363 1503 patenti
393 1459 503 1503 atque
534 1458 686 1491 extensa
716 1453 783 1490 ha-

118 1510 255 1546 bitasse
283 1511 334 1546 ait
367 1510 420 1546 vir
449 1511 578 1546 doctus
607 1511 642 1546 in
663 1510 780 1547 Choix

119 1567 185 1604 des
211 1565 368 1602 medaill.
393 1567 428 1602 d.
460 1567 605 1604 cabinet
631 1567 666 1603 d.
692 1565 782 1602 Bla-

118 1622 290 1670 remberg
316 1627 385 1659 etc.
415 1636 450 1672 p.
483 1626 546 1663 12.
605 1622 661 1660 Ae
690 1635 780 1660 sane

119 1679 239 1728 agitur
270 1679 328 1716 hic
354 1680 400 1716 de
430 1684 560 1727 gente,
602 1692 695 1729 quae
722 1692 780 1716 re-

119 1735 247 1784 giones
299 1736 394 1772 inter
436 1736 703 1784 Borysthenem
743 1740 780 1773 et

119 1791 265 1829 Tanain
289 1793 377 1828 sitas
396 1794 576 1839 tenuerit,
617 1798 654 1829 ut
685 1794 778 1830 bene

120 1848 208 1885 vidit
223 1848 381 1886 Heereu.
402 1849 513 1886 Ideen
536 1849 565 1896 Ι,
589 1853 608 1890 1
630 1863 666 1899 p.
683 1848 777 1889 275.

120 1903 182 1941 Ad
223 1905 410 1942 meridiem
448 1906 689 1955 Borysthenis
732 1906 778 1942 ab

121 1961 259 2011 oppido
291 1961 462 1998 Kinburn
492 1976 607 2011 usque
637 1962 684 1998 ad
710 1963 779 1998 fiu-

120 2020 217 2054 vium
250 2016 461 2066 Kouskoje,
509 2019 570 2067 qui
597 2019 780 2056 Herodoti

121 2074 167 2110 sit
184 2073 402 2124 Panticapes
415 2103 424 2121 ‚
456 2076 669 2123 Georgorum
687 2074 779 2124 Scy-

120 2130 260 2166 tharam
290 2131 398 2168 sedes
429 2132 538 2169 fuisse
566 2133 672 2182 ponit
689 2131 777 2168 Rei-

118 2187 240 2224 chard.
268 2185 290 2223 l.
321 2186 342 2223 l.
374 2201 409 2237 p.
438 2191 502 2230 26.
528 2188 593 2227 48.
643 2188 778 2236 Attigit

118 2248 265 2292 gentem
286 2244 421 2281 Strabo
439 2245 508 2282 vll
539 2258 623 2294 pag.
644 2247 723 2284 311
749 2257 777 2281 S.

119 2299 200 2340 478
226 2300 290 2346 C.‚
328 2301 487 2350 itemque
517 2301 615 2339 Mela
647 2301 704 2347 ll,
741 2303 776 2348 1,

120 2356 182 2393 ubi
208 2356 361 2394 aliorum
404 2364 607 2395 commenta
634 2358 681 2394 de
710 2357 778 2394 hac

121 2416 230 2461 gente
264 2413 387 2451 retulit
418 2414 635 2452 Tzschucke
668 2414 776 2462 (nott.

122 2481 250 2517 exegg.
274 2483 310 2519 p.
331 2470 382 2511 55
406 2470 487 2508 Vol.
509 2472 560 2508 III
581 2470 621 2507 P.
641 2470 705 2519 ΙΙ).

178 2524 218 2563 οἱ
244 2524 435 2573 οἰκέοντες
462 2526 526 2566 ἐπὶ
553 2529 609 2581 τῷ
633 2522 778 2565 ‘Tucim

122 2581 298 2634 ποταμῷ]
338 2582 423 2620 Duo
445 2585 565 2621 Codd.
591 2581 691 2623 ὑπό
724 2585 779 2637 τῷ

119 2633 275 2676 Ὑπάνι.
317 2638 427 2687 Male,
445 2645 482 2677 ut
505 2641 776 2689 eDion.Chry-

123 2700 212 2731 sost.
232 2694 402 2743 Borysth.
424 2709 461 2746 p.
483 2699 563 2738 437
584 2698 648 2744 B.,
671 2698 777 2735 item-

122 2763 193 2799 que
217 2763 237 2788 e
264 2751 409 2799 Scymn.
430 2752 511 2790 Chii
531 2755 698 2803 fragmm.
723 2767 776 2791 vs.

122 2807 176 2846 57
203 2812 261 2853 et,
310 2809 371 2856 qui
406 2807 499 2846 hunc
534 2815 677 2848 secutus
707 2815 776 2858 est,

120 2863 240 2901 Anon.
269 2864 398 2915 Peripl.
435 2864 470 2917 §
495 2868 545 2906 12
571 2867 639 2915 (T.
660 2867 711 2905 ΙΙΙ
742 2881 781 2919 p.

841 894 909 923 tur.
943 886 1035 923 Inde
1053 900 1200 936 quoque
1221 888 1285 933 IV,
1309 890 1376 935 53,
1408 902 1504 926 nunc

839 944 917 981 iure
947 944 1147 993 repositum
1176 942 1240 982 ἐπὶ
1267 946 1322 998 τῷ
1346 941 1503 991 ”Γπα’νι,

840 1013 940 1046 cum,
978 1000 1040 1049 qui
1062 1001 1198 1037 flumen
1226 1001 1411 1048 accolant,
1447 1003 1505 1039 di-

840 1061 969 1094 cantur
987 1056 1152 1094 habitare
1173 1056 1236 1095 ἐπὶ
1265 1059 1321 1112 τῷ
1339 1061 1503 1112 ποταμῷ

839 1113 987 1150 minime
1002 1110 1082 1152 ύπό
1104 1116 1161 1165 τῷ
1179 1116 1366 1168 ποταμῷ,
1397 1119 1438 1152 ut
1454 1115 1501 1162 ΙΙ,

842 1172 947 1216 108,
978 1169 1074 1206 alibi.
1126 1170 1198 1218 Et,
1228 1177 1399 1209 monente
1422 1171 1502 1216 Cr„

839 1227 973 1276 probat
994 1227 1096 1264 Bast.
1118 1226 1247 1265 Lettre
1273 1228 1393 1277 critiq.
1414 1241 1501 1278 pag.

843 1282 904 1323 15.
930 1284 980 1322 19
1001 1296 1105 1332 seqq.
1150 1284 1336 1322 Schaefer.
1357 1285 1500 1323 Melett.

841 1340 972 1376 critice.
1004 1354 1041 1390 p.
1078 1338 1167 1379 104.
1199 1364 1248 1368 —
1278 1341 1336 1379 De
1358 1342 1400 1378 iis
1422 1355 1502 1379 ver-

840 1395 917 1441 bis,
958 1408 1053 1444 quae
1082 1397 1256 1434 continuo
1288 1402 1500 1447 sequuntur,

839 1452 875 1488 in
896 1451 1060 1489 Excursu
1080 1454 1127 1490 ad
1148 1453 1181 1490 h.
1199 1454 1221 1490 l.
1244 1454 1410 1491 diximus.
1440 1454 1501 1493 De

839 1507 1038 1558 Pantz'cape
1058 1509 1129 1545 vid.
1149 1515 1240 1547 nott.
1265 1511 1313 1548 ad
1331 1510 1402 1558 IV,
1430 1510 1497 1552 54.

894 1561 938 1604 τό
970 1563 1012 1603 δὲ
1044 1562 1146 1615 πρός
1173 1567 1302 1618 βορῆν
1333 1563 1498 1618 ἄνεμον]

838 1621 895 1658 Cs.
917 1626 1010 1659 nott.
1027 1623 1074 1659 ad
1097 1622 1169 1669 IV,
1195 1626 1233 1663 7.
1291 1623 1380 1660 Mox
1400 1624 1500 1672 quod

836 1678 999 1715 undecim
1032 1679 1135 1729 ponit
1171 1680 1310 1717 dierum
1346 1681 1498 1729 naviga-

836 1736 971 1772 tionem
987 1763 997 1782 ,
1053 1736 1146 1773 infra
1178 1736 1249 1783 IV,
1289 1738 1342 1778 53
1385 1737 1499 1774 decem

836 1792 974 1828 statuit.
1021 1792 1098 1830 Sed
1122 1791 1182 1830 Tu
1205 1793 1275 1829 vid.
1290 1793 1339 1830 ibi
1359 1798 1495 1832 notatt.

836 1849 877 1885 In
898 1849 1060 1898 proxime
1078 1862 1180 1898 seqq.
1194 1863 1261 1900 pro
1278 1847 1371 1900 ἤδη,
1394 1852 1496 1899 quod

836 1906 987 1942 retinuit
1038 1905 1217 1944 Matthiae
1239 1935 1250 1953 ‚
1312 1907 1496 1956 equidem,

836 1962 1041 2010 Schweigh.
1065 1967 1102 2000 et
1120 1963 1236 1999 Gaisf.
1251 1968 1408 2011 secutus,
1431 1964 1497 2000 de-

838 2019 876 2055 di
903 2016 930 2068 '1‘
957 2017 1008 2056 δέ.
1036 2040 1081 2046 -
1117 2019 1292 2056 Refertur
1322 2021 1371 2056 ad
1402 2020 1497 2056 hunc

836 2075 950 2112 locum
970 2076 1159 2112 annotatio
1178 2076 1219 2112 P.
1241 2076 1287 2113 de
1308 2076 1496 2126 Kiippenii

837 2131 1055 2179 (Nordgest.
1082 2132 1118 2168 d.
1141 2131 1247 2168 Pont.
1264 2134 1364 2181 p.13
1386 2133 1495 2179 not),

834 2188 1086 2225 Herodoteam
1121 2188 1307 2237 Scythiam
1346 2188 1498 2226 ulterius

835 2245 1118 2294 septentrionem
1141 2257 1261 2282 versus
1290 2250 1495 2295 porrectam

834 2301 945 2338 fuisse
974 2301 1143 2349 negantis
1157 2329 1167 2347 ,
1208 2314 1316 2350 quam
1339 2314 1411 2351 quo
1433 2314 1494 2338 us-

835 2370 906 2406 que
934 2357 1059 2394 tumuli
1089 2358 1297 2407 pertineant
1324 2359 1496 2395 meridio-

834 2413 935 2451 nales
972 2415 1008 2450 in
1038 2414 1216 2463 gubernio
1245 2414 1393 2461 Kursk,
1432 2414 1495 2452 ubi

834 2483 968 2507 novum
998 2484 1146 2520 quoque
1166 2471 1351 2508 hominum
1378 2483 1494 2520 genus

834 2528 992 2577 incipere
1014 2528 1198 2574 videatur,
1230 2540 1251 2564 a
1276 2529 1495 2565 meridiona-

835 2584 878 2621 lis
910 2584 1068 2621 Russiae
1099 2584 1227 2620 incolis
1264 2597 1411 2635 prorsus
1439 2585 1494 2620 di-

834 2654 988 2678 versum.
1019 2640 1151 2689 Neque
1164 2641 1234 2677 hoc
1247 2641 1353 2678 obiici
1369 2653 1493 2691 posse,

836 2698 935 2747 quod
956 2698 1102 2735 deserta
1119 2697 1284 2734 dieantur
1300 2698 1496 2748 interposi-

836 2758 874 2792 ta
895 2755 989 2791 inter
999 2754 1153 2802 Scythas
1167 2759 1205 2791 et
1222 2758 1384 2792 caeteras
1406 2766 1497 2802 gen-

836 2816 893 2848 tes
917 2811 1033 2860 magis
1057 2811 1345 2862 septentrionem
1370 2821 1495 2847 versus

836 2867 1067 2916 habitantes3
1117 2880 1195 2905 cum
1229 2868 1312 2918 ipsa
1338 2866 1494 2916 Scytha-
