1904 3304
476 242 559 280 438

868 238 1332 276 HERODOTI

480 347 528 390 τὸ
560 347 605 390 δὲ
635 341 783 399 εὖρος,
823 348 876 399 τῇ
908 343 1141 398 εὐρύτατος
1170 344 1302 396 αὐτὸς
1327 345 1514 395 ἑωυτοῦ,
1562 343 1731 389 στάδιοι

424 514 470 550 sit
489 511 730 561 longitudine,
753 521 848 559 quae
867 512 964 548 recta
981 510 1078 548 Pon-

423 574 499 606 tum
537 567 744 605 secantibus
774 566 924 612 existat,
969 579 1077 616 quam

424 636 519 674 quae
546 635 708 668 orarum,
739 634 831 671 quas
851 623 887 658 in
906 624 1079 672 navigan-

424 681 473 717 do
499 683 639 717 veteres
663 679 815 715 maxime
834 678 967 727 legisse
990 692 1076 716 con-

425 740 517 782 stat,
547 735 720 783 ambages
739 747 810 771 una
831 736 878 772 ad
894 735 988 772 hunc
1007 739 1080 771 sta-

424 793 565 828 diorum
603 802 790 828 numerum
833 791 863 827 si
906 791 1081 835 retuleris,

426 847 625 895 efficiatur,
668 847 881 897 praesertim
929 847 959 883 si
1001 859 1081 884 eam

426 911 581 951 terram,
619 915 714 952 quae
751 914 846 939 nunc
875 915 897 939 a
927 902 1081 940 Caucasi

426 960 606 998 radicibus
646 958 693 996 ad
722 970 823 996 mare
853 971 969 1008 usque
997 971 1082 1009 pro-

426 1016 553 1062 currit,
587 1016 695 1052 maris
713 1015 820 1051 undis
839 1015 923 1051 olim
948 1019 1081 1052 tectam

426 1073 538 1110 fuisse
570 1074 721 1108 statuas.
779 1069 858 1108 Nec
884 1071 990 1119 igitur
1018 1071 1083 1107 mi-

428 1140 529 1176 rum,
566 1128 666 1176 quod
705 1126 936 1173 Herodotus,
983 1128 1082 1163 cuius

428 1187 570 1230 aetate,
620 1182 817 1230 navigandi
853 1186 931 1219 arte
967 1183 1083 1219 minus

429 1238 589 1284 exculta,
640 1237 744 1274 litora
781 1238 943 1287 proxime
984 1237 1084 1286 lege—

428 1299 523 1340 rent,
543 1297 679 1330 tantam
701 1294 966 1342 longitudinem
978 1293 1086 1330 Ponti

429 1363 510 1388 esse
538 1350 717 1396 edixerit3
756 1361 833 1386 cum
865 1350 927 1398 qui
958 1354 1086 1400 postea

429 1407 476 1444 de
502 1406 556 1443 his
589 1405 798 1451 retulerint,
827 1418 900 1454 quo
923 1409 1086 1456 tempore

429 1464 500 1500 iam
537 1462 683 1511 longius
720 1474 742 1499 a
779 1465 878 1499 terra
914 1463 1087 1510 navigare

430 1518 700 1569 incoepissent,
739 1517 913 1555 minorem
949 1518 1087 1554 stadio-

430 1587 508 1611 rurn
528 1587 716 1611 numerum
736 1575 935 1624 posuerint.
977 1574 1088 1616 Quod

431 1632 527 1667 idem
556 1630 671 1667 teneri
710 1629 785 1666 vult
813 1629 935 1667 Kruse
975 1629 1089 1676 (Aus-

431 1699 538 1724 mess.
568 1686 603 1722 d.
632 1685 760 1733 Pont.)
791 1697 875 1735 pag.
900 1687 950 1726 13
979 1698 1086 1734 seqq.

435 1743 512 1782 113
535 1742 713 1792 copiosius
731 1743 767 1778 in
786 1741 875 1778 haec
890 1742 1088 1790 inquirens,

432 1811 513 1835 cum
539 1802 680 1836 veteres
712 1810 856 1848 semper
886 1798 1089 1846 navigarint

433 1866 515 1890 oras
541 1865 582 1890 ac
610 1853 733 1890 litoras
761 1854 939 1902 legendo,
970 1853 1024 1892 vel
1052 1854 1088 1889 in

433 1910 599 1948 minimos
635 1911 731 1946 sinus
766 1910 918 1947 subinde
948 1911 1087 1947 intran-

434 1972 512 2012 tes,
551 1965 650 2015 quod
673 1966 789 2016 ipsum
808 1979 893 2003 vero
914 1979 993 2003 curn
1014 1978 1089 2002 non

433 2022 541 2072 plane
589 2021 765 2069 sufficiat,
812 2024 923 2059 noctis
962 2023 1089 2059 itinera

433 2079 478 2115 ab
494 2078 686 2115 Herodoto
709 2078 852 2115 adiecta
871 2091 952 2116 esse
973 2078 1090 2128 suspi-

433 2138 552 2181 catur,
583 2138 622 2171 ut
650 2135 762 2171 maior
792 2135 871 2172 viae
897 2134 1088 2183 longitudo

434 2190 648 2237 efficeretur,
679 2204 760 2228 cum
779 2203 865 2229 vera
884 2191 992 2227 Ponti
1010 2190 1090 2227 lon-

434 2247 562 2295 gitudo
609 2248 744 2298 optime
782 2247 973 2285 conveniat
1009 2259 1090 2284 cum

434 2302 631 2339 stadiorum
662 2315 832 2351 numero,
864 2304 925 2353 qui
956 2316 976 2340 e
1004 2302 1089 2339 solis

435 2358 573 2394 dierum
630 2359 818 2396 itineribus
883 2359 1089 2409 supputatis

434 2413 602 2464 prodeat.
635 2414 741 2457 Quae
760 2415 830 2452 alia
853 2415 960 2452 affert
982 2428 1089 2464 argn-

434 2475 580 2516 menta‚
621 2483 642 2508 e
665 2471 773 2507 maris
800 2475 929 2507 natura
958 2473 1088 2521 partim

436 2526 674 2576 deprompta,
697 2540 741 2564 ea
757 2526 812 2564 hic
831 2527 1090 2565 transscribere

435 2581 583 2629 longum
622 2586 698 2628 est3
741 2595 897 2631 namque
921 2583 1091 2621 Herodo-

435 2642 513 2684 tus,
567 2651 672 2686 quem
710 2639 839 2675 erroris
888 2639 1089 2689 suspicione

436 2693 587 2731 liberare
616 2695 738 2732 studet
762 2695 902 2740 Kruse,
944 2700 1018 2732 tum
1052 2696 1089 2732 in

436 2749 679 2798 negligentiae
700 2751 825 2787 vitium
844 2751 1013 2788 incidisse
1023 2764 1090 2801 pu-

436 2806 568 2842 tandus
589 2807 669 2844 erit.
700 2807 758 2845 Cf.
777 2806 996 2844 Dablmaun.
1014 2808 1089 2844 He-

437 2862 554 2899 rodot.
585 2875 669 2914 pag.
691 2865 739 2903 61
775 2867 813 2901 ct
834 2863 986 2902 Rennel.
1005 2875 1088 2914 pag.

1135 509 1216 551 464
1245 510 1291 547 de
1310 510 1381 546 situ
1400 523 1541 549 orarum
1563 512 1672 549 Ponti
1694 512 1790 550 eius-

1134 579 1205 615 que
1236 565 1463 614 longitudine
1484 568 1714 605 Herodotum
1731 581 1789 605 re-

1135 627 1191 660 cte
1214 621 1369 659 sensisse
1387 634 1537 671 negans.
1568 624 1638 661 Cui
1659 625 1720 674 qui
1741 624 1791 661 ita

1134 678 1352 729 patrocinari
1372 679 1493 715 studet
1510 679 1725 727 Larcherus,
1752 682 1792 716 ut

1135 734 1277 771 minora
1295 733 1414 770 stadia
1435 735 1641 773 adhibuisse
1659 740 1792 786 putan-

1137 790 1206 826 dus
1233 790 1298 835 sit,
1327 801 1479 837 quorum
1501 791 1663 828 undecim
1682 790 1793 828 millia

1137 849 1297 895 aequent
1316 844 1501 883 CCXXVI
1523 847 1684 883 milliaria
1704 846 1794 884 Gal-

1138 903 1205 939 lica
1235 900 1406 950 (Lieues)
1435 914 1528 950 quae
1547 903 1624 953 ipsa
1644 903 1690 939 sit
1709 913 1795 940 vera

1139 957 1248 994 Ponti
1277 957 1484 1006 longitud03
1531 959 1694 1008 profecto
1719 970 1794 995 non

1140 1014 1253 1059 vidit,
1283 1014 1411 1051 eadem
1434 1015 1575 1051 minora
1594 1014 1736 1062 stadia,
1759 1015 1796 1051 si

1140 1071 1177 1106 in
1221 1069 1447 1118 longitudine
1490 1070 1699 1108 definienda
1733 1081 1797 1107 va-

1140 1127 1257 1172 leant,
1286 1127 1323 1161 in
1352 1125 1496 1174 reliquis
1526 1139 1673 1176 quoque
1695 1137 1797 1164 men-

1141 1181 1232 1217 suris
1265 1180 1408 1217 valeant
1435 1193 1581 1220 necesse
1600 1194 1704 1228 esse,
1732 1194 1795 1220 eo-

1142 1248 1212 1285 que
1244 1237 1324 1286 ipso
1352 1249 1495 1274 omnem
1517 1238 1675 1288 perverti
1695 1250 1796 1276 men-

1143 1304 1308 1328 surarum
1329 1293 1518 1330 rationem.
1555 1293 1796 1342 Herodotum,

1143 1360 1239 1397 quae
1277 1350 1506 1397 cognoverit,
1551 1350 1716 1388 retulisse
1742 1351 1798 1388 in-

1143 1405 1263 1453 deque
1292 1406 1452 1441 excusari
1480 1418 1588 1455 posse
1616 1406 1799 1444 Mannerti

1144 1464 1202 1498 est
1238 1462 1416 1498 sententia
1452 1462 1499 1499 lv
1532 1475 1567 1512 p.
1595 1463 1691 1503 320.
1748 1462 1800 1499 Et

1146 1528 1245 1562 sane,
1263 1517 1344 1553 mea
1361 1518 1509 1566 quidem
1524 1519 1716 1567 sententia,
1738 1530 1799 1557 ex-

1144 1573 1325 1609 cusandus
1348 1574 1414 1609 erit
1435 1573 1584 1620 Noster,
1605 1575 1634 1610 si
1652 1586 1800 1612 accura-

1145 1633 1218 1664 tam
1239 1627 1477 1676 longitudinis
1497 1629 1604 1666 Ponti
1622 1631 1798 1680 cognitio-

1144 1696 1248 1730 nem,
1279 1697 1388 1733 quam
1415 1697 1521 1722 nemo
1557 1697 1643 1724 suae
1671 1692 1709 1724 et
1729 1699 1799 1737 po-

1145 1744 1264 1777 sterae
1301 1741 1430 1777 aetatis
1456 1745 1493 1778 et
1522 1742 1580 1778 vix
1608 1743 1799 1792 quisquam

1145 1801 1270 1832 nostra
1291 1796 1416 1833 habuit
1434 1801 1577 1844 aetate,
1610 1799 1677 1836 sibi
1699 1812 1798 1836 com-

1145 1864 1274 1902 parare
1313 1852 1410 1888 haud
1441 1854 1603 1903 potuerit
1638 1855 1797 1904 indeque

1146 1920 1189 1945 ea
1223 1908 1253 1944 si
1282 1907 1467 1956 retulerit,
1505 1922 1601 1959 quae
1641 1911 1687 1947 ab
1723 1911 1800 1948 aliis

1145 1964 1257 2001 fando
1301 1965 1497 2014 audiisset,
1547 1965 1693 2003 Ionibus
1739 1972 1801 2004 aut

1145 2019 1294 2057 Milesiis
1344 2022 1544 2059 commercii
1585 2034 1694 2060 causa
1733 2023 1801 2060 hoc

1146 2089 1244 2113 mare
1269 2076 1596 2126 perlustrantibus,
1625 2083 1688 2116 aut
1706 2092 1800 2129 quae

1147 2133 1214 2170 sibi
1265 2133 1335 2182 ipsi
1383 2134 1537 2172 maxime
1589 2135 1800 2173 viderentur

1145 2189 1349 2240 probabilia
1367 2188 1521 2227 Pontum
1538 2192 1798 2241 pernaviganti.

1201 2241 1243 2283 τὸ
1268 2242 1310 2283 δὲ
1333 2239 1508 2296 εὖρος.-
1529 2242 1799 2298 στάδιοιτριη-

1146 2297 1274 2340 κόσιοι
1299 2300 1365 2340 καὶ
1385 2301 1610 2352 τρισχίλιοι]
1642 2299 1799 2354 τριηκό-

1148 2369 1226 2397 σιοι
1274 2370 1364 2394 unus
1406 2358 1587 2395 Sancrofti
1627 2358 1716 2396 liber
1754 2372 1798 2397 ex

1148 2414 1421 2459 emendatione3
1451 2414 1494 2450 cf.
1518 2413 1589 2461 lV,
1620 2417 1686 2456 86.
1723 2415 1799 2453 Re-

1145 2469 1232 2519 liqui
1262 2464 1469 2518 διηκόσιοι.
1513 2470 1688 2520 Breigero
1709 2471 1798 2508 alio-

1144 2539 1222 2563 rum
1246 2527 1455 2575 scriptorum
1482 2525 1528 2562 de
1549 2527 1657 2564 Ponti
1678 2527 1797 2565 latitu-

1146 2583 1230 2619 dine
1265 2582 1491 2628 testimonia,
1529 2583 1575 2619 ab
1604 2583 1798 2621 Herodoto

1149 2650 1222 2675 non
1232 2637 1429 2674 admodum
1442 2638 1714 2686 discedentium,
1725 2639 1798 2677 col-

1148 2694 1272 2742 ligenti
1299 2693 1320 2729 l.
1340 2693 1361 2730 l.
1395 2694 1537 2731 videtur
1554 2709 1628 2734 non
1651 2696 1756 2734 valde
1777 2710 1799 2733 a

1145 2763 1230 2788 vero
1252 2749 1438 2788 aberrasse
1454 2750 1613 2800 Noster,
1647 2764 1757 2802 quum
1778 2766 1797 2789 e

1146 2805 1314 2845 Danvillii
1355 2807 1494 2844 ratione
1535 2809 1642 2850 3375
1680 2808 1798 2846 stadia

1147 2863 1283 2900 minora
1338 2862 1503 2914 expleant
1555 2865 1797 2910 latitudinem,
