1904 3304
260 797 359 841 197

87 863 222 896 Quatnor
251 864 365 898 Libyae

288 900 365 924 duae

86 900 243 936 nationes:

416 273 501 312 630

818 268 1286 307 HERODOTl

416 382 549 422 πλοῖα
577 377 801 423 κατέαται·
846 379 891 422 οἷ
919 377 966 421 δὲ
995 375 1314 432 προσελθόντες
1333 375 1466 420 ἄλλον
1489 377 1596 429 πρὸς
1620 371 1683 419 ὧν

387 451 586 505 δὲ’θηκαν
615 449 803 504 χρυσόν,
834 448 878 500 ές
909 442 963 492 οὗ
994 447 1050 491 ἂν
1079 449 1274 491 πείθωσι.
1321 446 1506 492 ἀδικέειν
1535 449 1581 492 δὲ
1612 446 1739 491 οὐ-65

419 520 644 574 δετέρους·
695 520 796 563 οὔτε
834 519 916 575 γὰρ
956 517 1121 570 αὐτούς
1156 523 1237 563 τοῦ
1273 524 1438 575 χρυσοῦ
1473 519 1684 563 ἅπτεσθαι

415 593 524 645 πρὶν
554 590 609 634 ἄν
642 602 721 646 σφι
753 589 960 648 ἀπισωθῇ
996 593 1049 647 τῇ
1081 590 1179 647 ἀξίῃ
1208 595 1297 634 τῶν
1327 594 1547 646 φορτίων,
1588 592 1683 636 οὔτ’

418 663 614 712 ἐκείνους
654 666 743 705 τῶν
783 663 980 718 φορτίων
1016 660 1230 705 ἅπτεσθαι
1257 660 1476 718 πρότερον
1504 663 1531 720 ἢ
1561 663 1686 708 αὐτοὶ

417 733 466 777 τὸ
496 734 679 789 χρυσίον
709 732 887 790 λάβωσι.

535 798 670 846 Οὗτοι
699 806 779 860 μέν
808 806 890 848 εἰσι
919 802 1025 855 τούς
1053 802 1176 859 ἡμεῖς
1205 804 1357 859 ἔχομεν
1380 803 1560 859 Λιβύων
1589 802 1687 848 ὀνο-

423 874 581 930 μάσαι·
621 876 694 918 καὶ
724 875 897 919 τούτων
927 876 970 918 οἷ
999 875 1156 919 πολλοὶ
1185 875 1385 930 βασιλέος
1413 879 1494 918 τοῦ
1515 873 1688 930 Μήδων
1700 881 1744 914 70

86 930 265 965 indige-nae,
316 931 364 958 lsi-
396 954 416 969 o
465 945 484 959 ‚r
688 948 704 956 ω
809 943 829 959 n
953 946 962 959 r
1052 947 1064 961 «ι
1147 945 1156 958 r
1380 943 1390 959 ν
1431 944 1439 959 ι
1594 944 1603 957 ι

87 964 164 998 byae
191 969 221 991 et
246 965 365 991 Aethio.
394 962 531 989 ιουτε
568 962 609 988 τι
647 961 733 987 νυν
774 961 875 988 ουτε
913 963 1008 990 τοτε
1047 949 1307 1002 εφροντιζον
1337 948 1478 990 ουδεν.
1542 950 1690 989 Τοσον

86 997 366 1065 Ιὲῗιῖῗιιῗῗῖιιῗῗῃθῑὲἓὲ
423 1017 469 1061 δὲ
499 1016 560 1059 ἔτι
590 1016 670 1072 ἔχω
701 1018 835 1060 εἰπεῖν
870 1018 972 1073 περὶ
1000 1022 1076 1074 τῆς
1105 1016 1246 1073 χώρης
1272 1017 1453 1073 ταύτης,
1494 1017 1561 1061 ὅτι
1589 1018 1688 1061 τέσ-
1753 1018 1835 1060 368
1903 1072 1904 1079 ἵ

87 1068 118 1092 et.
133 1065 255 1094 Graeci.

425 1099 532 1140 σερα
572 1087 701 1130 ἔθνεα
739 1089 909 1143 νέμεται
943 1088 1104 1145 αὐτήν,
1152 1088 1227 1132 καὶ
1265 1086 1317 1131 οὐ
1356 1088 1469 1131 πλέω
1505 1087 1690 1138 τούτων,

423 1157 530 1202 ὅσον
559 1155 683 1214 ἡμεῖς
710 1160 855 1213 ἴδμεν·
905 1160 979 1202 καὶ
1014 1158 1068 1202 τὰ
1101 1159 1180 1213 μὲν
1211 1157 1292 1202 δύο
1320 1157 1571 1214 αὐτόχθονα
1600 1164 1687 1204 τῶν

392 1228 611 1278 3ἐθνέων,
642 1229 694 1273 τὰ
725 1230 772 1273 δὲ
801 1227 904 1283 δύο,
938 1229 1003 1273 οὕ.
1061 1231 1222 1286 Λίβυες
1251 1228 1331 1284 μὲν
1360 1230 1435 1272 καὶ
1462 1231 1744 1284 Αἷθίοπες,75

367 1448 451 1472 vum
483 1447 704 1485 praegressa
743 1433 922 1485 particula
961 1429 1030 1484 ἢν,

371 1496 467 1529 stare
489 1504 598 1542 posse
617 1504 760 1540 negem.
798 1492 968 1529 Wersero
994 1491 1031 1528 in

371 1547 474 1585 Actt.
504 1548 641 1598 philoll.
663 1548 828 1585 Monacc.
854 1548 868 1585 Ι
889 1561 924 1598 p.
950 1549 1030 1588 103

371 1605 408 1642 in
430 1610 588 1642 mentem
609 1609 758 1642 venerat
776 1603 818 1654 .ἒή
834 1605 920 1655 (pro
936 1604 1029 1653 εἴη),

371 1662 484 1710 idque
532 1661 651 1711 ipsum
697 1661 793 1697 haud
850 1660 1034 1711 displicuit

372 1717 505 1754 Matth.
527 1717 594 1757 Gr.
619 1718 684 1754 Gr.
701 1731 736 1768 p.
758 1720 879 1764 1621,
905 1730 1033 1766 quam-

371 1786 479 1823 quam
508 1774 545 1810 in
571 1778 673 1811 textu
703 1774 853 1811 retinuit
884 1773 957 1823 εἴη.
976 1793 1033 1801 -·

370 1829 429 1867 Ad
460 1831 612 1867 formam
644 1828 826 1868 κατέαται
853 1832 939 1880 (pro
960 1827 1031 1867 κά-

369 1889 541 1936 θηνται,
571 1891 614 1923 ut
633 1886 705 1932 IV,
740 1889 818 1927 187
844 1885 1032 1936 εἰρέαται)

371 1943 468 1980 conf.
488 1941 617 1979 Matth.
640 1956 676 1992 p.
700 1945 781 1983 377
802 1948 839 1979 et
858 1944 904 1980 de
926 1944 1033 1980 tmesi

372 1999 410 2035 in
430 1999 550 2036 verbis
570 1995 666 2049 πρὸς
694 1992 751 2037 ὧν
782 1998 935 2049 ἔθηκαν
955 2000 1034 2035 He-

373 2055 452 2092 rod.
470 2055 516 2101 ll,
533 2056 600 2096 39.
620 2054 694 2101 403
716 2069 762 2093 ne
782 2056 896 2106 plura.
913 2077 956 2082 —
975 2055 1033 2092 Ad

371 2114 422 2165 τῇ
440 2107 533 2165 οἷξίῃ
550 2111 803 2161 subintelligas
821 2113 902 2150 licet
920 2107 1034 2162 τιμής

373 2169 420 2205 de
453 2181 527 2217 qua
569 2168 686 2218 ellipsi
721 2170 817 2206 conf.
849 2168 1034 2207 Lambert.

373 2225 460 2261 Bos.
482 2225 539 2261 De
567 2224 702 2274 ellipss.
723 2225 767 2263 L.
791 2227 857 2263 Gr.
882 2240 917 2276 p.
939 2225 1034 2266 471.

375 2281 433 2318 Ad
472 2277 623 2331 λάβωσι
658 2294 746 2319 eave
775 2283 924 2321 adiicias
959 2279 1035 2330 α’νς

376 2339 514 2387 quippe
550 2350 645 2385 quae
678 2338 805 2375 vocula
846 2339 883 2376 in
914 2338 1036 2376 solnta

375 2406 524 2442 quoque
543 2394 707 2431 oratione
724 2395 880 2433 subinde
899 2396 1037 2432 omitti-

375 2455 446 2486 tur.
479 2450 537 2487 Cf.
556 2450 690 2486 Matth.
706 2451 772 2488 Gr.
787 2452 852 2488 Gr.
875 2465 912 2502 p.
929 2454 1036 2494 1010

377 2528 432 2533 —
447 2508 578 2552 10123
607 2519 654 2544 ne
673 2506 788 2556 plura.

545 2564 657 2613 Cap.
688 2563 869 2601 CXCVH.

435 2617 502 2657 καὶ
534 2615 687 2658 τούτων
719 2641 770 2647 --
804 2615 1037 2669 ἐφρόντιζον

382 2670 430 2712 ου’
434 2673 516 2725 δέν]
536 2677 647 2713 Hisce
658 2676 776 2713 verbis
786 2675 925 2713 Noster
935 2678 982 2713 ad
995 2689 1039 2714 ea

378 2733 494 2779 redit,
526 2734 624 2769 unde
643 2732 713 2781 IV,
747 2735 826 2773 167
852 2733 1038 2781 digressus

380 2792 482 2825 crat:
527 2784 699 2839 Λιβύων
729 2785 803 2840 γάρ
831 2786 883 2839 δή
917 2788 1039 2827 ἔθνεα

379 2841 505 2883 πολλοὶ
530 2868 581 2874 -
612 2842 660 2884 τοὶ
694 2843 736 2884 δὲ
760 2843 864 2884 πλέω
894 2842 1040 2896 ἐφρόν-

380 2903 457 2948 τιζε
481 2901 653 2953 Δαρείου
684 2897 826 2950 ούδέν,
861 2905 1038 2939 narratio-

1086 1447 1172 1472 nem
1191 1433 1357 1483 longiore
1379 1434 1608 1483 digressione
1633 1435 1748 1472 inter·

1087 1496 1231 1541 ruptam
1277 1491 1400 1529 denuo
1450 1491 1663 1541 suscipiens.
1691 1512 1748 1518 ——

1088 1548 1227 1597 Scripsi
1256 1543 1409 1586 τούτων
1432 1561 1498 1598 pro
1519 1546 1688 1586 τουτέων
1712 1552 1750 1585 et

1088 1602 1270 1654 βασιλέος
1300 1617 1367 1654 pro
1397 1605 1600 1654 βασιλῆος.
1639 1605 1747 1641 conf.

1090 1661 1223 1697 Struve
1241 1662 1348 1710 Spec.
1377 1661 1407 1696 ll
1427 1674 1461 1710 p.
1486 1663 1549 1700 10.

1144 1713 1203 1755 ὅτι
1233 1715 1393 1767 τέσσερα
1432 1716 1556 1754 ἔθνεα
1592 1714 1749 1766 νέμεται

1090 1768 1231 1823 αὐτήν]
1250 1774 1419 1816 Quatuor
1437 1778 1581 1822 gentes,
1602 1774 1637 1809 in
1658 1785 1748 1822 quas

1089 1827 1301 1879 Agathoclis
1330 1834 1449 1867 aetate
1467 1830 1589 1867 Africa
1608 1830 1675 1866 suit
1695 1830 1752 1866 di-

1089 1887 1187 1931 visa,
1234 1892 1327 1923 teste
1358 1886 1530 1923 Valcken.
1571 1890 1751 1923 memorat

1089 1943 1242 1980 Diodor.
1270 1942 1352 1989 XX,
1375 1943 1452 1989 55,
1482 1943 1544 1991 qni
1565 1942 1660 1980 idem
1687 1942 1750 1988 ΙΙΙ,

1090 1998 1143 2039 49
1171 2003 1328 2048 quatuor
1355 1999 1461 2036 affert
1491 2004 1621 2048 gentes
1644 1998 1752 2035 Afro-

1089 2069 1166 2092 rum
1180 2084 1191 2103 ,
1249 2055 1502 2101 Nasamones,
1560 2055 1751 2101 Auchisas‚

1090 2111 1331 2149 Marmaridas
1345 2140 1356 2158 ,
1412 2112 1539 2149 Macas
1553 2140 1566 2158 ‚
1617 2112 1750 2162 partim

1090 2168 1290 2218 agricolas,
1321 2170 1456 2219 partim
1478 2169 1665 2206 nomadas.

1148 2225 1300 2276 Λίβυες
1337 2223 1408 2274 μὲν
1449 2224 1516 2263 καὶ
1536 2224 1749 2270 Αἰθίοπες,

1093 2277 1350 2331 αὐτόχθονες]
1378 2282 1636 2332 Aegyptiorum
1655 2280 1751 2318 nulla

1091 2339 1148 2376 hic
1167 2340 1325 2383 menti03
1350 2339 1487 2389 quippe
1507 2350 1598 2387 quos
1611 2337 1750 2384 Libyae

1093 2396 1366 2444 quodammodo
1384 2396 1487 2431 eximi
1508 2396 1641 2431 docent
1656 2398 1749 2429 nott.

1093 2453 1142 2488 ad
1163 2452 1224 2497 Ν,
1243 2453 1308 2492 41.
1340 2452 1481 2488 Africae
1498 2463 1581 2488 vero
1598 2455 1748 2498 septen-

1093 2508 1282 2546 trionalem
1303 2513 1474 2551 tractum,
1505 2507 1567 2555 qui
1588 2505 1750 2542 incolant

1093 2565 1291 2614 indigenae
1313 2577 1392 2601 cnm
1410 2563 1543 2613 Libyes
1565 2567 1750 2607 vocentur,

1094 2622 1155 2670 qni
1194 2619 1462 2657 meridionalem
1475 2649 1486 2666 ‚
1543 2618 1749 2668 ΑεΐΙιίορεες

1095 2678 1221 2714 statuit
1236 2677 1389 2714 Rennel.
1409 2689 1445 2725 p.
1464 2676 1540 2715 571
1555 2705 1567 2721 ,
1599 2675 1750 2712 indicari·

1094 2739 1241 2771 nostrae
1259 2733 1388 2770 aetatis
1396 2731 1550 2768 Alamos
1561 2746 1603 2770 ac
1615 2729 1751 2780 Nigros

1094 2791 1230 2840 pariter
1249 2795 1359 2837 atque
1377 2788 1461 2825 olim
1486 2801 1583 2825 nunc
1603 2800 1752 2837 quoque

1095 2859 1117 2883 a
1147 2859 1185 2883 se
1214 2846 1365 2882 invicem
1404 2845 1603 2883 distinctos.
1660 2844 1751 2880 Mihi

1095 2915 1198 2940 secus
1216 2902 1368 2939 videtur.
1408 2901 1580 2952 Namque
1602 2900 1752 2938 multum
