1904 3304
440 206 526 246 218

439 313 648 358 α’πολέσαι
660 329 669 339 ·

410 392 432 426 3
441 385 538 428 τινὰ
582 386 738 440 αἰτίην.

836 203 1303 242 HERODOTI

721 311 780 364 ὥς
807 313 886 369 μὲν
917 314 959 356 οῖ
991 316 1170 363 πλεῦνες
1198 312 1392 368 λέγουσι,
1433 311 1505 356 διὰ
1534 311 1708 368 τοιήνδε

797 384 867 427 ἐπὶ
903 387 989 426 τῶν
1025 382 1223 438 βασιλέος
1259 383 1436 438 θυρέων
1464 383 1709 440 κατήμενον
1774 392 1855 437 253

438 456 518 499 τόν
548 472 592 499 τε
618 453 821 510 Ὀροίτην
851 454 924 497 καὶ
954 453 1087 497 ἄλλον
1119 453 1317 510 Πέρσην,
1355 458 1416 512 τῷ
1446 455 1617 510 οὔνομα
1647 453 1708 498 εἶ-

438 544 512 570 ναι
531 524 837 581 ΝῙιτροβοὲτεα,
869 529 1015 581 νομοῦ
1045 523 1236 580 ἄρχοντα
1264 529 1345 569 τοῦ
1375 525 1421 569 ἐν
1441 528 1769 585 Δασκυλείῳ,55

410 597 633 648 4τούτους
670 597 717 641 ἐκ
758 597 900 652 λόγων
939 596 981 648 ἐς
1011 598 1153 640 νείκεα
1184 596 1447 650 συμπεσὲειν.
1504 599 1709 653 κρινομέ-

439 686 531 712 νων
576 669 621 711 δὲ
659 668 756 723 περὶ
797 666 974 723 ἀρετῆς,
1031 669 1167 711 εἰπεῖν
1204 667 1282 712 τόν
1320 669 1601 724 Μιτροβάτεα
1646 673 1708 726 τῷ

434 737 635 796 Ὀροίτῃ,
677 740 962 796 προφέροντα
975 754 985 764 ·

440 914 598 956 ἐπὶτῶν
617 913 797 968 βασιλέος
808 912 968 966 θυρέων
978 929 1047 952 κα-

383 969 576 1024 τήμενον]
607 973 711 1010 Haec
731 985 797 1023 pro
810 985 910 1010 more
927 973 1047 1008 orien-

382 1031 522 1077 talium,
541 1030 604 1079 qui
629 1030 810 1078 hodieque
832 1029 932 1079 apud
951 1028 1049 1064 Tur-

384 1100 446 1125 cos
469 1087 621 1134 obtinet,
651 1086 712 1122 ubi
734 1086 832 1134 regis
853 1084 936 1121 aula
957 1085 1048 1121 dici-

383 1149 443 1181 tur
456 1147 574 1194 porta.
620 1143 713 1179 Cum
733 1143 828 1179 enim
852 1154 958 1190 reges
978 1140 1048 1191 ipsi

382 1201 419 1237 in
434 1200 585 1237 aedibus
604 1199 739 1235 intimis
750 1198 972 1244 habitarent,
985 1210 1050 1233 au-

383 1257 535 1293 licorum
554 1255 748 1293 multitudo
770 1259 856 1291 ante
876 1254 974 1304 ipsas
988 1267 1050 1291 ae-

386 1314 486 1350 dium
505 1317 630 1363 portas
654 1312 749 1348 circa
776 1311 867 1348 atria
891 1311 1051 1348 vestibu-

381 1369 463 1407 lave
493 1369 795 1406 commorabatur.
861 1367 960 1405 Hinc
989 1380 1049 1403 su-

381 1438 451 1477 pra
482 1425 555 1472 ΙΙΙ,
590 1427 688 1466 119;
728 1421 944 1473 φοιτέουσα
982 1421 1047 1462 ἐπὶ

382 1479 454 1529 τοὶς
479 1478 612 1533 θύρας
634 1483 708 1520 τοῦ
726 1479 906 1532 βασιλέος
929 1484 965 1518 et
992 1481 1047 1516 in-

381 1540 439 1577 fra
473 1539 544 1585 ΙΙΙ,
581 1538 681 1584 140,
711 1538 781 1575 alia
818 1542 859 1574 ut
891 1542 1044 1575 taceam.

381 1596 491 1633 Plura
530 1595 641 1631 Barn.
678 1595 841 1631 Brisson.
879 1594 925 1630 de
968 1605 1044 1641 reg.

381 1652 543 1690 Persarr.
566 1651 716 1702 princip.
736 1651 748 1687 Ι
771 1649 807 1701 ξ.
828 1652 922 1690 211.
946 1651 1046 1687 Hee-

381 1722 458 1746 ren.
482 1709 594 1745 ldeen
613 1707 640 1754 Ι,
657 1710 677 1748 1
699 1720 735 1757 p.
755 1708 849 1747 472.
869 1705 962 1747 473.
986 1706 1044 1743 Cr.

382 1766 522 1803 confert
551 1764 697 1800 [socrat.
728 1764 907 1811 Panegyr.
938 1776 967 1800 c.
991 1763 1041 1803 41

383 1826 421 1860 et
447 1821 615 1858 Museum
638 1820 807 1857 Atticum.
840 1819 888 1856 T.
914 1820 941 1864 Ι,
966 1822 985 1860 1
1009 1833 1044 1869 p.

385 1880 465 1919 107
490 1882 527 1914 et
552 1878 601 1914 ad
637 1890 762 1914 vocem
783 1873 1045 1927 Μιτροβάτεα

382 1935 573 1971 Heliodor.
605 1933 799 1984 Aetliiopp.
826 1933 860 1969 X
890 1947 926 1983 p.
952 1935 1044 1974 393.

381 1991 432 2028 lv
454 2005 490 2042 p.
516 1990 593 2029 149
617 1990 676 2029 cd.
699 1991 784 2027 Cor.

439 2046 481 2086 ἐν
494 2045 740 2099 Δασκυλείῳ]
756 2047 864 2083 Conf.
877 2044 938 2090 Ill,
952 2047 1044 2085 126.

381 2104 594 2155 Dascylz'um
622 2104 816 2153 Bithyniae
837 2103 1046 2139 occidenta-

381 2163 446 2211 lis,
477 2174 573 2210 quae
600 2173 679 2197 cum
710 2160 830 2208 Mysia
857 2159 1046 2196 adiacente

381 2220 535 2256 immam
546 2218 741 2266 satrapiam
753 2216 944 2253 coniuncta
955 2219 1046 2262 erat,

381 2275 468 2312 urbs
485 2274 549 2310 suit
571 2273 743 2323 primaria
754 2273 917 2321 regiique
928 2276 1046 2308 satra-

381 2343 466 2383 pae,
495 2342 603 2378 quem
624 2328 657 2365 h.
677 2328 699 2365 l.
722 2331 851 2379 νομοῦ
875 2325 1046 2377 ἄρχοντα

382 2387 453 2425 dici
483 2391 628 2436 putem,
663 2385 783 2422 sedes.
842 2385 951 2422 Nune
982 2397 1045 2419 vo-

381 2448 485 2481 catur
511 2441 697 2478 Diascillo.
730 2441 900 2479 Larcher.
921 2440 1045 2477 laudat

382 2499 562 2549 Stephan.
589 2498 680 2547 Byz.
712 2511 742 2535 s.
766 2511 799 2534 v.
827 2497 950 2533 Strab.
975 2496 1043 2533 ΧΙΙ

381 2570 418 2606 p.
442 2557 521 2596 861
543 2555 586 2590 Β.
608 2567 636 2590 s.
657 2567 692 2603 p.
708 2554 800 2595 575.
818 2553 909 2590 Plin.
931 2551 1042 2589 H.N.

380 2613 428 2659 V,
446 2610 614 2661 3²2(40).
645 2610 740 2647 Add.
754 2611 912 2647 Heeren.
931 2610 1042 2648 ldeen

381 2668 410 2716 l,
432 2671 449 2707 1
483 2680 567 2718 pag·
591 2670 682 2708 161.
724 2667 784 2703 Ad
812 2662 980 2712 τούτους
1006 2667 1042 2702 in

381 2725 544 2776 proxime
568 2736 672 2772 seqq.
704 2723 799 2761 refer
825 2722 860 2774 ὃ.
883 2723 1029 2769 472,3
1034 2750 1042 2757 .

381 2781 593 2834 κρίνεσθαι
617 2779 713 2817 valet
731 2779 926 2831 disceptare
952 2781 1043 2816 inter

383 2852 430 2885 se,
457 2838 570 2875 verbis
588 2840 729 2874 certare.

1044 737 1150 790 ,,Σύ
1178 738 1263 795 γὰρ
1294 738 1341 782 ἐν
1371 736 1546 796 ἀνδρῶν
1581 739 1710 799 λόγῳ,

1160 912 1221 952 Σύ
1242 912 1315 968 γαρ
1336 913 1378 954 ἕν
1396 910 1556 966 α’νδρῶν
1571 908 1686 967 λόγῳ]
1706 911 1765 951 Ad

1103 971 1268 1009 voculam
1289 969 1363 1024 γεέρ
1383 973 1476 1009 conf.
1496 972 1698 1008 Hermann.
1717 971 1766 1007 ad

1104 1027 1228 1076 Yiger.
1266 1042 1351 1080 pag.
1384 1030 1476 1070 829.
1511 1026 1604 1069 846.
1661 1026 1762 1065 Libri

1106 1097 1231 1122 omnes
1272 1081 1451 1135 α’νδρῶν,
1498 1088 1651 1134 excepta
1694 1096 1766 1120 una

1105 1141 1252 1188 Aldina,
1272 1155 1365 1191 quae
1384 1142 1491 1178 offert
1503 1135 1665 1190 ἀνδρὸς,
1677 1153 1764 1190 pro-

1107 1198 1217 1234 bante
1237 1198 1270 1234 Ι
1273 1198 1425 1244 alckcn„
1448 1198 1508 1247 qui
1529 1202 1693 1242 veretur,
1727 1201 1767 1233 ut

1106 1267 1151 1291 eo
1182 1267 1310 1302 sensu,
1351 1268 1424 1303 quo
1452 1255 1524 1290 tiri
1543 1255 1766 1303 praestantes

1106 1311 1273 1348 dicantur
1299 1311 1341 1350 ἐν
1364 1308 1463 1364 λόγῳ
1492 1313 1614 1356 εἰναι,
1645 1314 1681 1347 et
1704 1309 1766 1358 qui

1104 1368 1203 1404 nullo
1225 1370 1298 1404 sint
1318 1381 1469 1414 numero,
1489 1361 1580 1407 οὔτ’
1597 1365 1638 1405 ἐν
1659 1363 1764 1419 )ο’γῳ

1107 1420 1196 1464 οὔτ’
1231 1424 1272 1463 ἐι
1313 1420 1497 1476 α’ριθμῷ,
1544 1423 1614 1460 dici
1646 1424 1765 1472 possit

1103 1481 1233 1532 plurali
1265 1482 1301 1518 in
1329 1494 1480 1518 numero
1502 1476 1603 1519 εἶναι
1625 1477 1667 1518 ἐν
1693 1494 1764 1517 αι-

1103 1535 1266 1589 ὅρῶνλι
1249 1553 1338 1588 osto.
1371 1538 1494 1580 Quare
1507 1537 1615 1574 verba
1631 1547 1762 1586 συγαρ

1102 1593 1146 1633 ἐι
1188 1590 1333 1643 α’νορός
1368 1590 1470 1647 λόγῳ
1507 1594 1603 1630 idem
1640 1591 1763 1629 xalere

1104 1652 1285 1688 existimat
1314 1655 1425 1699 atque
1455 1646 1502 1688 σύ
1535 1646 1608 1699 Ὶᾶρ
1638 1643 1764 1699 α’νήρς

1103 1711 1186 1743 tune
1212 1720 1267 1743 νιν
1283 1706 1393 1756 fortes
1412 1706 1468 1744 iel
1495 1718 1660 1754 <gregeus
1685 1718 1764 1741 cen-

1103 1764 1216 1801 seres?
1246 1763 1553 1813 quemadmodum
1564 1762 1662 1813 apud
1672 1761 1761 1799 alios

1102 1821 1309 1858 inveniatur
1340 1819 1382 1860 ἐν
1413 1815 1555 1869 ἀνδρὸς
1583 1817 1701 1869 μέρει,
1733 1830 1761 1854 s.

1104 1877 1223 1931 μοίρᾳ
1247 1873 1358 1915 εἶναι.
1406 1876 1588 1925 Equidem
1608 1876 1676 1912 hoc
1695 1874 1763 1911 mi-

1102 1948 1170 1972 nus
1184 1947 1204 1970 a
1216 1935 1428 1984 scriptorum
1447 1933 1620 1969 librorum
1635 1936 1762 1969 aucto-

1102 1992 1208 2028 ritate
1231 1991 1419 2027 discedere
1439 1988 1550 2035 nolui,
1577 1995 1652 2037 quo
1683 1999 1762 2025 ma-

1103 2048 1157 2097 gis
1177 2048 1276 2097 apud
1301 2046 1444 2084 serioris
1461 2047 1589 2083 aetatis
1609 2045 1763 2095 scripto-

1103 2117 1174 2150 τος,
1205 2104 1265 2153 qui
1287 2103 1516 2140 Herodotum
1533 2102 1660 2139 imitati
1682 2113 1762 2138 esse

1102 2161 1292 2207 videntur,
1331 2159 1479 2209 pluralis
1515 2170 1685 2195 numerus
1724 2157 1762 2192 in

1105 2217 1277 2254 similibus
1299 2216 1481 2252 invenitur
1509 2213 1762 2251 locutionibus.

1103 2272 1259 2311 Wessel.
1287 2273 1375 2309 citat
1403 2271 1542 2309 Herod.
1571 2269 1668 2315 vlu,
1694 2270 1760 2308 68.

1103 2329 1167 2375 Ill,
1198 2329 1284 2369 125.
1306 2329 1460 2377 Procop.
1480 2327 1522 2363 B.
1544 2327 1643 2364 Pers.
1672 2325 1699 2371 Ι,
1722 2328 1759 2365 7.

1102 2386 1149 2432 Il,
1180 2386 1216 2425 5.
1248 2384 1326 2422 coll.
1355 2384 1397 2422 B.
1429 2383 1546 2419 x'and.
1577 2382 1611 2428 Ι,
1635 2384 1672 2422 7.
1707 2402 1759 2408 —

1101 2442 1211 2491 Apud
1237 2441 1397 2478 etesium
1419 2439 1537 2476 Perss.
1560 2438 1644 2475 Exc.
1672 2436 1708 2489 ᾗ.
1732 2440 1759 2478 4

1102 2497 1274 2546 singulari
1309 2509 1460 2533 numero
1496 2495 1677 2545 prolatum
1704 2495 1760 2532 in-

1100 2555 1224 2591 venio:
1247 2552 1288 2592 ἒν
1305 2547 1586 2604 ὁμήρουλόγῳ.
1620 2550 1659 2600 [,‚
1663 2551 1760 2589 Cae-

1099 2615 1216 2648 terum
1241 2610 1277 2646 in
1302 2608 1457 2645 Oraculo
1479 2608 1539 2644 illo
1563 2608 1759 2657 Megaren-

1100 2667 1200 2703 sibus
1222 2666 1311 2702 dato
1341 2666 1428 2702 item
1455 2670 1666 2715 usurpatum
1689 2667 1757 2701 est.

1097 2721 1228 2772 Ὑμεῖς
1255 2743 1311 2749 —
1345 2717 1434 2760 οὔτ’
1462 2720 1506 2760 ἐν
1537 2716 1636 2774 λόγῳ
1667 2714 1756 2758 οὔτ’

1100 2777 1143 2817 ἐν
1181 2773 1365 2831 οἷριθιιῷ,
1395 2778 1496 2828 quod
1528 2779 1565 2815 in
1602 2788 1755 2828 prover-

1101 2835 1199 2872 bium
1234 2835 1376 2873 abierat
1407 2835 1601 2884 tangitque
1629 2832 1756 2881 Olym-
