1904 3304
464 293 550 333 546

857 286 1331 327 HERODOTI

466 400 541 444 καὶ
578 398 721 449 τέλος,
759 395 1039 453 μαχλοσύνην
1075 396 1324 441 ἐπενείκασά
1364 400 1431 451 οἴ,
1472 400 1612 442 πείθει
1650 398 1784 442 τόνδο

437 470 610 525 4ὂὶνδρα
649 471 785 510 ταῦτα
824 468 933 523 ἔχειν
966 467 1093 510 οὕτω.

1155 467 1178 510 ὁ
1211 468 1277 521 δὲ,
1316 467 1612 525 ἀναγνωσθεὶς
1641 468 1726 512 ὑπὸ

467 545 540 596 τῆς
580 539 813 596 γυναικὸς,
856 538 983 593 ἔργον
1023 535 1106 580 οὐκ
1147 537 1272 581 ὅσιον
1309 539 1547 596 ἐμηχανᾶτο
1579 541 1647 583 ἐπὶ
1675 543 1728 597 τῇ

467 611 667 666 θυγατρί.
729 604 785 665 ἦν
822 608 905 664 γὰρ
948 607 1001 664 δὴ
1035 609 1253 663 Θεμίσων,
1300 610 1410 665 ἀνὴρ
1446 615 1633 667 Θηραῖος
1664 612 1730 666 ἔμ-

467 698 627 736 πορος,
680 680 727 723 ἐν
764 682 816 737 τῇ
847 677 973 736 Ἀξῷ·
1023 683 1183 723 τοῦτον
1221 677 1242 722 ὁ
1276 677 1499 735 Ἐτέαρχος
1537 687 1729 736 παραλα-

469 752 561 808 βών
591 751 658 794 ἐπὶ
688 752 839 802 ξείνια,
871 750 1062 804 ἐξορκοῖ,
1095 745 1123 805 ἧ
1153 750 1231 805 μέν
1262 752 1305 794 οἱ
1334 750 1607 806 διηκονήσειν
1639 752 1662 795 ὅ
1690 769 1731 795 τι

441 830 462 864 5
475 824 530 867 ἂν
560 825 709 879 δεηθῇ.

772 820 862 863 ἐπεί
891 836 936 863 τε
967 820 1013 863 δὲ
1042 818 1274 874 ἐξόρκωσε,
1312 820 1485 877 ἀγαγών
1516 824 1558 864 οἱ
1587 839 1731 878 παρα·
1744 828 1787 864 65

460 897 578 939 διδοῖ
604 893 683 950 τήν
714 893 882 936 ἑωυτοῦ
912 892 1156 947 θυγατέρα,
1188 893 1260 935 καὶ
1283 892 1446 948 ταύτην
1472 892 1634 936 ἐκέλευε
1659 910 1733 937 κα-

437 969 745 1008 6ταποντιόσαι
779 962 1071 1019 ἀπαγαγόντα.

1132 961 1155 1006 ὁ
1187 962 1233 1006 δὲ
1270 965 1490 1018 Θεμίσων,
1531 979 1731 1020 περιημε-

469 1034 630 1090 κτήσας
658 1039 711 1091 τῇ
742 1033 885 1092 ἀπάτῃ
913 1040 993 1078 τοῦ
1025 1035 1175 1090 ὅρκου,
1207 1034 1281 1078 καὶ
1310 1034 1625 1088 διαλυσάμενος
1653 1033 1735 1090 τὴν

440 1107 656 1162 7ξεινίην,
689 1106 828 1149 ἐποίεε
855 1105 1014 1150 τοιάδε.
1074 1105 1340 1162 παραλαβών
1368 1104 1448 1161 τήν
1476 1107 1611 1149 παῖδα
1640 1104 1792 1149 dni-70

414 1320 452 1356 in
488 1318 568 1355 loco
594 1316 771 1354 simillimo
799 1315 869 1363 VI,
901 1316 954 1355 88
981 1318 1015 1352 et
1038 1314 1076 1351 in

414 1376 578 1426 proxime
608 1386 712 1423 seqq.
771 1373 832 1410 Tu
862 1372 956 1409 conf.
982 1375 1076 1407 nott.

415 1433 464 1469 ad
481 1431 556 1478 IV,
582 1432 659 1478 80,
702 1433 740 1467 et
776 1429 823 1466 ad
858 1427 1077 1465 locutionem

416 1489 535 1539 ipsam
560 1488 643 1525 πᾶν
668 1487 927 1536 μηχανᾶσθαι
952 1484 1077 1521 Plato-

416 1546 535 1582 nicam
565 1543 756 1580 formulam
786 1538 917 1580 πάντα
946 1543 1077 1578 ποιεῖν

416 1603 454 1639 in
474 1601 660 1637 Phaedon.
679 1613 714 1649 p.
741 1597 819 1638 114
840 1599 882 1634 C.
907 1597 987 1644 (ubi
1004 1596 1076 1632 vid.

417 1657 611 1696 Heindorf.
642 1668 727 1706 pag.
755 1654 866 1702 249).
919 1652 1077 1703 Apolog.

419 1715 520 1751 Socr.
543 1726 620 1762 cap.
649 1713 702 1750 29
730 1723 818 1760 pag.
843 1711 895 1749 38
917 1708 964 1746 Ι).
990 1709 1079 1756 ibiq.

419 1772 624 1818 interprett.
664 1767 795 1804 Monk.
835 1767 883 1802 ad
913 1765 1079 1815 Euripid·

419 1824 569 1876 Hippol.
595 1822 687 1866 284.
737 1822 818 1860 Nec
837 1821 988 1858 multum
1010 1821 1082 1857 dif-

419 1884 491 1920 sert
523 1883 605 1919 πᾶν
640 1880 788 1928 τολμᾶν
827 1879 864 1915 in
894 1876 1078 1915 Plutarch.

421 1936 657 1977 Themistocl.
681 1937 745 1976 16.

479 2016 731 2072 μαχλοσύνην
761 2013 997 2057 ἐπενείκασά
1020 2016 1077 2066 οἷ]

422 2081 445 2117 i.
476 2092 507 2115 e.
542 2077 784 2127 impudicitiae
813 2076 940 2111 crimen
968 2076 1001 2110 ei
1020 2074 1082 2110 ubi

422 2135 556 2172 intulit.
595 2133 784 2170 Mediceus
803 2130 1080 2182 ἐπενεγκοῦσα.

422 2193 470 2229 At
493 2191 655 2241 plerique
676 2188 803 2238 scripti
826 2187 905 2224 libri
932 2191 1082 2224 tuentur

422 2247 609 2295 vulgatam
647 2247 807 2293 itemque
838 2243 1005 2280 Eustath.
1033 2243 1082 2279 ad

423 2304 575 2342 Homer.
597 2302 634 2339 ll.
653 2315 688 2351 p.
703 2302 824 2346 1183,
843 2298 896 2340 40
917 2313 944 2336 S-
962 2299 1082 2344 1250,

425 2362 489 2400 56.
529 2360 589 2394 Ad
623 2359 744 2407 ipsum
770 2357 919 2393 verbum
949 2357 993 2393 cf.
1018 2356 1083 2401 lv,

427 2418 520 2456 166.
571 2415 607 2460 l,
644 2416 708 2453 68.
756 2415 830 2453 131
875 2413 962 2460 ibiq.
993 2415 1084 2448 nott.

425 2471 533 2521 Apud
559 2470 708 2507 Homer.
731 2468 769 2505 ll.
792 2468 925 2515 XXlV,
951 2470 1003 2509 30
1028 2468 1085 2503 iu-

425 2528 566 2565 venitur
598 2539 665 2562 vox
696 2521 944 2575 μαχλοσύνης
989 2537 1084 2572 quae

427 2598 508 2621 cum
538 2583 684 2621 serioris
716 2582 764 2617 sit
784 2582 916 2618 aetatis
938 2581 1084 2617 eadem-

427 2653 498 2689 que
517 2640 564 2676 de
583 2638 723 2676 feminis
755 2650 820 2674 nec
844 2638 890 2674 de
910 2637 992 2673 viris
1016 2637 1084 2673 ad·-

428 2697 616 2742 hibeatur,
647 2706 789 2731 omnem
810 2693 917 2729 istum
932 2692 1084 2730 Homeri

428 2752 546 2789 locum
572 2766 594 2788 a
621 2749 815 2802 posteriori
844 2762 952 2786 manu
971 2749 1085 2785 inser-

428 2812 504 2845 tum
541 2807 747 2845 voluerunt.
807 2803 859 2842 At
899 2808 1084 2856 γυναῖκες

431 2859 660 2915 μαχλόταται
693 2864 764 2900 iam
803 2863 901 2912 apud
931 2861 1083 2898 Hesiod-

433 2922 534 2973 Opp.
564 2925 602 2959 et
629 2920 677 2958 D.
706 2918 799 2960 584.
860 2916 942 2955 Alia
982 2917 1085 2954 dabit

1132 1314 1264 1363 Heyne
1290 1316 1326 1352 in
1358 1315 1537 1352 Observw
1569 1314 1617 1351 ad
1640 1314 1793 1353 Homeri

1132 1371 1250 1408 locum
1272 1371 1320 1408 T.
1342 1371 1425 1407 Vlll
1447 1385 1482 1422 p.
1505 1371 1597 1411 593.
1619 1391 1673 1397 —
1700 1366 1793 1409 α’να-

1132 1426 1332 1479 γνωσθεὶς
1383 1433 1456 1465 est:
1509 1440 1698 1477 persuasus
1748 1428 1793 1463 ab

1133 1497 1252 1522 uxore.
1313 1484 1414 1521 citat
1441 1483 1575 1520 Suidas
1603 1496 1631 1520 s,
1651 1496 1684 1521 v.
1731 1483 1794 1522 Tu

1134 1542 1229 1578 conf.
1251 1545 1345 1578 nott.
1364 1541 1412 1577 ad
1432 1540 1468 1586 1,
1499 1542 1564 1581 68.

1191 1622 1257 1662 ἐπὶ
1277 1624 1415 1673 ξείνια]
1458 1623 1480 1660 i.
1498 1637 1531 1662 e.
1561 1636 1657 1673 quem
1675 1627 1715 1660 ut
1733 1624 1792 1660 Ιιο-

1136 1683 1257 1731 spitem
1275 1681 1446 1730 hospitali
1458 1693 1561 1716 coena
1580 1681 1793 1716 muneribus-

1139 1751 1202 1787 que
1231 1739 1375 1787 excepit.
1428 1737 1552 1783 ξείνια
1572 1737 1668 1773 haud
1687 1737 1793 1787 pauci

1137 1793 1317 1845 praebent
1335 1793 1437 1838 libri3
1467 1792 1526 1829 alii
1544 1793 1678 1846 ξεινίᾳ.
1708 1792 1793 1829 Ald.

1137 1849 1259 1903 ξενίῃ.
1320 1850 1397 1886 Sed
1432 1862 1540 1885 unum
1578 1862 1703 1886 verum
1738 1852 1794 1886 est

1137 1906 1274 1953 ξείνια.
1325 1905 1383 1943 Cf.
1409 1905 1455 1952 ll,
1488 1908 1566 1946 107
1589 1905 1676 1954 ibiq.
1697 1909 1792 1942 nott.

1137 1962 1208 2010 lx,
1238 1964 1291 2002 88
1324 1966 1359 1999 et
1384 1974 1478 2010 quae
1505 1962 1711 2012 nuperrime
1746 1962 1794 1999 de

1136 2019 1204 2056 hac
1237 2017 1388 2055 formula
1429 2018 1629 2068 disputavit
1665 2017 1793 2055 Vomel

1137 2076 1174 2111 in
1202 2074 1497 2123 Programmate‚
1537 2075 1637 2123 quod
1659 2075 1794 2124 prodiit

1138 2132 1306 2168 Francos.
1331 2132 1449 2171 1831.
1477 2130 1515 2169 4.
1543 2132 1590 2168 de
1613 2130 1794 2168 locutione

1139 2186 1203 2226 ἐπὶ
1223 2187 1347 2234 ξείνια
1367 2189 1523 2234 καλεῖν;
1560 2187 1597 2223 in
1623 2200 1694 2235 qua
1719 2187 1795 2232 ξεί-

1139 2258 1206 2282 νια
1227 2244 1332 2280 unice
1357 2244 1405 2279 ad
1434 2256 1582 2280 munera
1603 2241 1794 2292 hospitalia

1140 2301 1203 2346 iis,
1242 2301 1452 2349 quibuscum
1478 2299 1671 2349 hospitium
1693 2299 1794 2335 inea-

1139 2361 1220 2401 tur,
1255 2355 1376 2393 offerri
1405 2355 1510 2391 solita
1531 2354 1711 2403 pertinet,
1742 2355 1794 2390 ita

1140 2417 1179 2448 ut
1209 2412 1305 2449 haud
1344 2424 1427 2448 raro
1466 2410 1552 2446 nihil
1591 2410 1689 2446 aliud
1725 2410 1794 2447 nisi

1142 2470 1332 2505 convivium
1381 2466 1558 2515 significet
1614 2466 1793 2516 hospitale.

1141 2525 1203 2562 Tu
1220 2525 1291 2561 vid.
1313 2523 1398 2560 ibid.
1413 2523 1634 2572 potissimum
1653 2536 1737 2572 pag.
1755 2525 1792 2563 8.

1140 2601 1195 2608 —-
1221 2579 1278 2616 Ad
1305 2578 1463 2629 ἐξορκοῖ
1488 2579 1581 2615 conf.
1610 2578 1681 2623 ΙΙΙ,
1712 2580 1791 2619 133

1140 2637 1226 2684 ibiq.
1244 2640 1334 2672 nott.
1360 2640 1397 2672 et
1415 2635 1463 2671 ad
1489 2647 1646 2683 sequens
1673 2629 1701 2685 ἦ
1721 2632 1792 2683 μὲν

1140 2692 1270 2730 Matth.
1287 2692 1351 2727 Gr.
1373 2691 1436 2727 Gr.
1462 2688 1497 2740 ἓ.
1519 2690 1599 2730 604
1627 2704 1663 2741 p.
1684 2693 1792 2732 1212

1140 2747 1217 2784 coll.
1256 2748 1411 2796 Gregor.
1443 2747 1528 2783 Cor.
1566 2746 1613 2784 de
1649 2746 1792 2784 dialect.

1138 2804 1214 2841 lon.
1238 2803 1274 2855 ᾗ.
1296 2806 1349 2845 (52
1374 2816 1459 2853 pag.
1480 2802 1574 2843 471.
1627 2801 1686 2840 Ad
1714 2815 1793 2840 ver-

1139 2860 1224 2896 bum
1244 2854 1556 2912 περιημεκτήσας
1579 2860 1673 2900 conf.
1698 2862 1792 2897 nott.

1139 2917 1189 2954 ad
1207 2917 1236 2962 l,
1258 2915 1323 2956 44.

1796 970 1877 1013 349
