1904 3304
477 242 1037 286 MELPOMENE.
1095 241 1156 279 IV.

189 362 316 418 λέγω,
360 358 497 414 λέγων
528 355 586 408 ὠς
615 354 693 400 τὸν
724 353 874 399 ὀϊστὸν
914 350 1141 408 περιέφερε
1170 349 1278 394 κατὰ
1308 352 1455 392 πᾶσαν
1512 357 1597 409 θξὲθῐ
1618 357 1641 375 ‘¹

1508 417 1633 450 globosa
1648 420 1677 444 et

136 587 156 612 e
204 584 273 621 qua
311 571 465 611 lectione
502 572 540 609 id
581 584 668 609 sane
712 570 792 608 elici

134 630 282 678 nequit,
342 631 442 678 qnod
491 628 601 677 vulgo
647 630 792 678 putant,

134 686 270 723 Abarin
304 685 437 733 sagitta
470 698 536 736 per
576 697 695 722 aerem
731 696 793 720 ve-

133 747 250 787 ctum,
294 742 418 779 orbem
462 747 639 779 terrarum
674 739 793 790 perlu—

135 803 282 837 strasse.
315 797 411 835 Nam
433 799 479 835 de
492 797 649 834 Abaride
665 809 792 845 quam-

134 868 243 904 quam
268 855 365 891 haud
386 867 500 905 pauca
526 857 669 890 exstant
692 856 793 888 vete-

134 924 212 948 rum
246 912 451 948 testimonia
486 910 605 960 (apud
642 908 792 944 Suidam

136 981 163 1004 s.
185 981 234 1013 v.,
257 967 453 1013 Zonaram,
476 966 648 1003 Strabon.
669 964 735 1000 Vll
757 977 791 1014 p.

135 1026 215 1065 301
253 1037 280 1060 s·
309 1024 389 1064 461
421 1024 464 1060 C.
516 1021 608 1059 Gell.
634 1020 683 1059 N.
714 1020 792 1057 Att.

136 1080 199 1126 lX,
223 1081 287 1119 22.
328 1080 422 1117 Plat.
443 1078 628 1116 Charmid.
652 1091 688 1128 p.
713 1078 792 1118 158

134 1137 178 1173 Β.
209 1134 377 1187 Apollon.
390 1135 536 1184 Dyscol.
548 1135 644 1171 Hist.
662 1133 794 1170 Mirab.

135 1206 166 1230 c.
186 1192 222 1233 4.
266 1192 446 1229 Iamblich.
468 1191 527 1229 De
547 1192 608 1228 vit.
638 1190 794 1239 Pythag.

136 1247 173 1300 ᾖ.
196 1251 261 1289 90.
284 1251 349 1288 91.
372 1250 462 1289 135.
482 1246 680 1288 136-140.
703 1246 794 1287 141

141 1304 231 1345 147.
273 1307 365 1345 216.
419 1304 557 1340 Himer.
605 1304 641 1339 in
671 1301 794 1339 Photii

136 1361 231 1398 Bibl.
255 1360 335 1401 243
355 1375 389 1410 p.
409 1362 513 1401 1131
528 1372 555 1396 S.
570 1358 651 1400 374
672 1358 792 1395 Bekk.

136 1417 215 1454 coll.
264 1417 490 1453 Wernsdorf.
554 1416 601 1452 ad
653 1415 793 1451 Himer.

136 1473 263 1522 Eclog.
293 1475 342 1513 19
374 1486 410 1522 p.
440 1471 532 1514 264.
574 1472 696 1508 Oratt.
726 1470 794 1516 25,

135 1532 175 1575 2,
196 1528 232 1568 4.
264 1529 361 1566 Cels.
381 1541 438 1577 ap.
463 1528 614 1576 Origen.
641 1526 704 1573 Ill,
727 1528 792 1566 31.

137 1585 185 1622 T.
206 1585 218 1621 1
237 1598 274 1634 p.
295 1583 375 1625 467
396 1585 436 1620 B.
469 1583 588 1620 Schol.
613 1582 794 1632 Aristoph.

136 1641 206 1691 Eq.
228 1638 326 1691 725)
350 1641 499 1689 eiusque
520 1640 666 1676 nomine
685 1639 794 1676 etiam

136 1697 264 1734 librum
295 1696 479 1747 quendam
513 1696 696 1745 inscripsit
715 1695 794 1732 He-

136 1754 288 1792 raclides
318 1753 464 1803 quidam
486 1756 580 1789 teste
598 1751 792 1789 Plutarcho

137 1810 167 1846 Il
197 1823 231 1860 p.
266 1809 314 1848 14
343 1809 408 1855 E.,
449 1813 532 1846 ante
559 1807 792 1845 Iamblichum

138 1867 317 1904 neminem
337 1866 514 1913 sagittae,
554 1878 626 1914 qua
644 1878 710 1915 per
730 1877 793 1901 ae-

139 1936 214 1960 rem
236 1927 358 1959 vectus
379 1922 426 1958 sit
448 1922 597 1968 Abaris‚
639 1921 794 1958 mentio-

96 2008 98 2012 .
139 1991 221 2016 nem
241 1979 302 2026 qui
326 1978 451 2015 fecerit
474 1978 622 2027 reperiri
644 1982 795 2014 conten-

139 2035 191 2071 dit
209 2034 344 2071 Struve
365 2033 386 2070 l.
410 2033 454 2080 l.,
484 2034 657 2082 sagittam
677 2034 794 2082 ipsam

140 2091 226 2127 addi
245 2096 341 2127 ratus
361 2103 435 2127 non
461 2090 528 2125 nisi
549 2089 698 2126 amuleti
716 2089 795 2125 loco

140 2148 188 2183 ad
210 2146 302 2183 mala
328 2146 476 2195 quaevis
498 2146 677 2192 arcenda,
707 2146 795 2190 sive,

139 2208 177 2239 ut
196 2202 359 2239 Lobeck.
386 2202 593 2251 (Aglaoph.
620 2215 655 2252 p.
686 2201 793 2249 314)

139 2259 351 2304 contendit,
394 2271 460 2309 pro
496 2259 601 2307 signo
634 2263 671 2294 ut
699 2262 796 2295 esset

139 2315 282 2352 divinae
327 2314 527 2363 legationis.
590 2314 662 2357 Qui
699 2315 794 2351 idem

139 2371 313 2420 ambigit,
353 2371 511 2419 vulgaris
549 2370 639 2407 haec
674 2370 795 2407 fabula

141 2428 187 2465 de
210 2428 340 2465 itinere
368 2428 465 2465 aerio
497 2432 617 2463 utrum
650 2427 696 2464 ab
716 2427 796 2464 He-

139 2488 261 2520 cataeo
280 2483 457 2521 Abderita
477 2484 512 2520 in
537 2483 627 2520 libro
649 2484 694 2520 de
714 2483 795 2533 Hy-

140 2539 326 2588 perboreis
353 2540 460 2577 Diod.
493 2539 532 2586 1,
555 2540 632 2586 47,
670 2551 717 2576 an
748 2540 793 2576 ab

141 2594 337 2632 Heraclide
357 2596 505 2633 Pontico
532 2595 573 2635 ἐν
594 2599 676 2642 τοῖς
698 2590 795 2634 α’να-

143 2649 375 2700 φερομένοις
394 2649 620 2703 εἰς’Ἀβαριν
630 2651 794 2692 Anecdd.

142 2705 260 2743 Bekk·
284 2720 319 2757 p.
345 2706 422 2747 145
448 2713 484 2746 et
505 2711 582 2750 178
605 2709 795 2760 proposita

143 2762 203 2808 sit,
233 2763 458 2813 primamque
475 2765 710 2802 volaticorum
730 2765 795 2802 ho-

143 2819 276 2855 minum
314 2821 521 2858 memoriam
559 2822 713 2859 fortasse
748 2822 793 2858 ab

144 2875 378 2911 Onomacrito
428 2878 662 2928 repetendam
712 2890 794 2916 esse

1370 241 1454 280 349

1510 452 1571 478 tam
1594 451 1724 478 oceano.

849 568 1033 618 opinatur.
1093 563 1153 602 Ad
1172 562 1371 600 Abaridem
1394 565 1431 598 ut
1453 573 1510 598 re-

850 624 978 669 deam,
1009 622 1244 672 gravissimus
1267 620 1303 655 in
1322 619 1389 656 hoc
1409 618 1507 654 omni

849 684 1066 728 argumento
1109 678 1207 715 locus
1248 680 1367 713 exstat
1411 674 1510 724 apud

849 736 1053 773 Eudociam
1084 739 1120 771 et
1146 734 1180 770 in
1207 732 1317 770 schol.
1346 732 1393 768 ad
1416 732 1511 768 Gre-

849 805 927 841 gor.
959 792 1051 828 Naz.
1085 791 1122 826 in
1149 789 1253 826 catal.
1287 787 1371 825 bibl.
1401 786 1510 824 Bodl.

849 861 936 898 pag.
958 848 1033 893 51,
1064 847 1125 895 qui
1145 845 1324 895 copiosior
1344 857 1439 881 nunc
1461 843 1513 881 le-

850 905 946 954 gitur
977 905 1013 940 in
1045 902 1170 940 Nonni
1201 901 1423 938 Narratione
1454 912 1511 937 se-

849 961 965 1010 ptima
986 959 1193 996 aCreuzer.
1214 957 1297 1005 vulg„
1284 957 1386 993 ata
1378 970 1414 992 in
1427 955 1510 993 Me

850 1017 929 1054 lett.
953 1016 1023 1066 lp.
1047 1017 1111 1055 76.
1132 1016 1199 1061 77,
1218 1013 1341 1050 unde
1333 1025 1512 1062 insibnio

852 1086 893 1109 ra
940 1078 1081 1109 tantum
1134 1066 1514 1107 transscriba1n·o

840 1126 1010 1180 ’Ἀβαρις
1057 1127 1096 1175 ἐξ
1138 1123 1415 1181 Υπερβορὲων
1460 1118 1514 1176 ἦν

853 1180 1070 1237 ἅνθρωπός
1106 1196 1192 1230 τις·
1240 1204 1294 1209 ——
1330 1183 1449 1228 οὗτος
1490 1197 1510 1220 ο

840 1239 1007 1293 ’Ἀβαοις
1023 1240 1195 1292 λέγεται,
1236 1238 1383 1284 ε’νθους
1404 1233 1513 1303 γενό-

851 1313 969 1349 μενος
980 1296 1173 1347 πεοιὶέναι
1183 1311 1257 1347 την
1266 1292 1431 1334 Ελλάδα
1444 1289 1514 1332 κύ-

850 1358 930 1393 miso
963 1369 1086 1405 μετα
1116 1355 1202 1392 τοῦ
1235 1351 1416 1403 βέλους
1444 1349 1514 1390 καὶ

852 1407 1053 1461 χοησμούς
1089 1425 1199 1455 τινας
1228 1424 1295 1448 και
1328 1408 1515 1458 μαντείας

851 1467 978 1519 λέγειν
999 1482 1052 1513 ως
1076 1466 1241 1511 ἔνθους·
1274 1467 1514 1515 Λυκοῦργος

853 1522 895 1562 δὲ
916 1522 938 1562 ὁ
954 1538 1084 1574 υητωρ
1104 1521 1293 1588 μέμνηται
1312 1523 1383 1560 τοῦ
1400 1516 1512 1571 Ἀβα-

853 1581 962 1631 ριδος
979 1601 1033 1607 —
1050 1577 1173 1630 λέγων
1196 1574 1256 1617 ότι
1285 1578 1407 1627 λιμοῦ
1435 1577 1509 1616 διε-

852 1635 1023 1686 νομένου
1061 1635 1146 1682 (alii
1176 1632 1417 1690 γενομένου)
1466 1631 1508 1672 ἐν

850 1697 933 1739 τοῖς
979 1690 1254 1744 Τπεοβοοέοις
1301 1691 1432 1741 ἢλθεν
1486 1687 1510 1728 o‘

838 1746 890 1787 ”A
852 1748 1044 1800 Αβαρις’
1028 1764 1069 1788 εν
1090 1750 1140 1802 τῇ
1158 1742 1316 1786 Ἑλλαδι
1336 1745 1403 1785 καὶ
1427 1744 1510 1797 ἔμι-

851 1801 1078 1844 σθώτευσεν
1099 1807 1154 1857 τῷ
1171 1799 1408 1843 Ἀπόλλωνι·
1440 1801 1509 1841 καὶ

850 1859 1043 1912 ἐδιδαχθη
1069 1857 1169 1913 παρ’
1198 1855 1320 1899 αὐτοῦ
1347 1857 1389 1899 τὸ
1413 1874 1509 1911 χρη-

852 1922 1077 1970 σμολογεῖν·
1123 1916 1190 1956 καὶ
1222 1913 1327 1956 ου’τω
1355 1918 1511 1968 κρατῶν

850 1972 894 2014 τὸ
934 1975 1047 2026 βέλος
1096 1990 1146 2021 ως
1193 1969 1398 2024 σύμβολον
1438 1973 1511 2011 τοῦ

850 2028 1094 2077 ’Λπόλλωνος
1125 2025 1316 2080 (τοξότης
1336 2045 1412 2081 γαρ
1443 2022 1510 2068 οὗ·

852 2102 918 2134 τος
947 2085 1063 2136 θεὸς)
1106 2082 1262 2139 πεοιῄει
1292 2088 1510 2136 χοησμολο-

851 2146 933 2196 γῶν
954 2146 1086 2183 πᾶσαν
1110 2158 1183 2194 την
1201 2141 1379 2181 Ἑλλάδα.
1407 2142 1510 2186 Quos

852 2202 952 2251 ipsos
995 2200 1165 2237 Abaridis
1218 2210 1420 2250 χρησμονς
1463 2197 1510 2235 ab

852 2257 1105 2307 Aristophanis
1125 2255 1244 2292 Schol.
1266 2255 1287 2292 l.
1307 2255 1329 2292 l.
1352 2267 1512 2292 comme-

852 2320 1010 2350 moratos
1043 2313 1254 2350 Herodotus
1293 2312 1340 2349 ob
1387 2309 1510 2348 oculos

852 2370 1020 2407 habuisse
1064 2370 1206 2406 videtur
1232 2367 1448 2413 Lobecki03
1488 2380 1509 2405 e

852 2426 972 2463 fabula
1013 2430 1101 2462 nota
1141 2425 1314 2474 vulgique
1354 2435 1512 2470 rumore,

853 2494 946 2532 quae
964 2482 1021 2519 hic
1041 2486 1246 2528 narrantur,
1270 2481 1417 2518 fluxisse
1437 2484 1514 2517 sta-

852 2539 924 2576 tuit
953 2539 1083 2576 Struve
1112 2538 1134 2574 l.
1165 2537 1214 2584 l.‚
1263 2538 1318 2574 cui
1346 2537 1382 2574 in
1415 2535 1514 2573 hisce

852 2595 1046 2632 assentitur
1063 2594 1219 2631 Krische
1241 2593 1276 2629 in
1297 2593 1440 2643 Disput.
1454 2592 1513 2630 De

851 2652 1018 2689 societat.
1036 2664 1058 2688 a
1079 2651 1277 2701 Pythagor.
1298 2650 1334 2686 in
1358 2650 1510 2688 Croton.

851 2709 959 2745 cond.
995 2720 1106 2757 scopo
1135 2707 1272 2758 politic.
1306 2706 1509 2753 (Gotting.

855 2762 978 2815 1831)
1002 2777 1038 2814 p.
1055 2765 1121 2805 38.
1163 2763 1309 2811 Stegeri
1337 2761 1509 2799 emenda-

849 2821 987 2858 tionem
1007 2821 1067 2868 (in
1084 2819 1243 2857 Praefat.
1259 2832 1294 2869 p.
1316 2818 1422 2866 XIV)
1441 2829 1508 2867 pro

850 2873 920 2916 τόν
968 2876 1196 2914 rescribentis
1236 2869 1344 2914 τόνδ’
1398 2874 1436 2918 (i.
1477 2885 1507 2909 e.
