1904 3304
128 383 217 409 altori
244 391 337 418 super
359 383 400 410 al—

129 420 221 443 toros.

455 233 540 274 306

130 351 282 382 Aroteres,
299 348 406 383 Neuri,
464 341 609 392 ἐόντες
633 338 841 394 ‘'EM-mles
881 336 1081 382 Σκύθαι·

437 412 621 461 ssavos,
662 413 706 452 οἳ
745 408 974 461 Ἀλοῖζωνες
1011 407 1255 452 καλέονται.

859 229 1324 268 HERODOTl

1137 338 1248 393 ὑπὲρ
1294 337 1341 381 δὲ
1378 336 1574 391 τούτων,
1625 338 1786 382 ἅλλοτᾶ

1326 403 1449 452 οὗτοι
1491 410 1537 453 ὁὲ
1576 410 1648 453 καὶ
1689 412 1734 453 οἱ

462 482 726 526 Καλλιπίδαι
756 478 808 522 τοὶ
838 480 917 534 μὲν
951 478 1061 522 ἄλλα
1090 479 1199 522 κατὰ
1227 478 1363 522 ταύτὰ
1395 481 1602 537 Σκύθῃσι
1632 481 1732 524 ἐπα-

461 554 660 604 σκέουσι,
692 555 816 594 σῖτον
847 549 892 592 ὁὲ
919 549 993 592 καὶ
1024 551 1252 604 σπείρουσι
1285 549 1358 592 καὶ
1389 550 1626 604 σιτέονται,
1657 552 1730 596 καὶ

459 623 667 679 κρόμμυα
707 621 782 664 καὶ
824 618 1021 674 σκόροδα
1060 621 1135 664 καὶ
1179 619 1353 676 φακούς
1392 622 1463 664 καὶ
1505 622 1727 678 κέγχρους.

436 693 593 748 3Ὑπὲρ
643 692 689 736 δὲ
733 689 986 743 Ἀλαζώνων
1036 690 1229 735 οἰκέουσι
1277 689 1455 735 Σκύθαι
1509 690 1730 750 ἀροτῆρες,
1743 700 1787 733 80

407 839 440 876 11
453 851 537 889 pag.
553 838 634 877 602
644 857 690 862 —
701 837 795 875 609.
807 856 860 861 —
872 833 1068 872 Reichard.

408 908 452 933 ex
481 906 608 945 prava,
637 905 747 942 quam
770 891 937 937 instituit,
965 891 1069 927 huius

407 951 475 988 loci
527 949 827 1000 interpretatione
869 947 1069 996 Callipidas

409 1008 593 1045 habitasse
630 1006 704 1042 vult
744 1017 788 1042 ea
827 1004 863 1040 in
906 1006 1068 1053 regione,

410 1078 506 1114 quae
535 1076 630 1099 nunc
664 1065 813 1098 vocetur
851 1061 1069 1097 Bessarabia

408 1122 504 1157 intra
526 1119 659 1156 fluvios
678 1117 866 1165 Kagalnik
884 1121 921 1153 et
943 1116 1068 1154 Pruth.

409 1178 531 1226 Atque
575 1175 684 1212 etiam
734 1173 911 1211 Niebuhr.
947 1173 1067 1210 Verm.

406 1233 505 1269 Hist.
531 1232 674 1268 schrift.
701 1230 714 1265 1
744 1242 828 1279 pag.
855 1231 951 1275 359,
983 1228 1069 1265 Cal-

410 1289 564 1339 liphlas,
604 1288 666 1336 qui
685 1286 732 1323 ab
753 1286 973 1322 Alazonibus
996 1286 1070 1321 sint

406 1346 516 1397 plane
535 1343 666 1380 diversi
686 1355 841 1392 genere,
873 1343 1069 1390 iidemque,

406 1414 499 1451 quos
520 1400 690 1450 Ephorus
712 1404 817 1436 vocet
844 1399 1066 1449 Ιίαρπίόας,

407 1459 502 1495 intra
530 1457 705 1493 Isthmum
732 1460 769 1492 et
791 1455 936 1492 Olbiam
968 1455 1070 1491 habi-

408 1523 507 1552 tasse
528 1518 662 1550 censet.
722 1512 798 1549 Sed
820 1511 998 1562 Carpz'das
1012 1524 1070 1548 re-

407 1572 531 1609 ferunt
548 1570 596 1606 ad
611 1569 810 1618 Carpidem
829 1581 986 1614 amnem,
1008 1568 1069 1616 qui

408 1628 446 1664 in
464 1627 594 1663 Istrum
616 1639 655 1663 se
677 1629 851 1662 exonerat
871 1625 953 1673 (lv,
982 1625 1069 1671 49).

408 1683 472 1720 Tu
503 1683 576 1719 vid.
605 1681 703 1719 Gail.
733 1683 781 1718 ad
809 1682 948 1729 Geogr.
976 1680 1068 1717 Min.

409 1741 443 1776 II
463 1751 549 1790 pag.
572 1740 665 1779 398.
697 1737 746 1774 ΙΙΙ
770 1750 853 1788 pag.
868 1739 960 1778 208.
974 1736 1069 1777 244.

408 1794 440 1833 A
470 1795 700 1843 Borysthene
730 1795 956 1831 occidentem
989 1806 1070 1831 ver-

410 1865 470 1889 sus
517 1851 780 1902 Calle'piclarum
821 1852 928 1888 sedes
965 1851 1071 1900 ponit

406 1907 560 1946 Rennel.
586 1910 608 1945 l.
630 1907 652 1944 l.
673 1922 709 1958 p.
731 1908 825 1948 410.
867 1907 947 1944 Nec
964 1906 1069 1956 plura

406 1965 585 2002 lucramur
612 1977 633 2001 e
654 1963 776 2001 Melae
804 1965 922 2001 verbis
952 1963 998 2010 ΙΙ,
1032 1967 1068 2009 1,

408 2022 481 2062 65:
512 2021 745 2070 „callipidas
763 2021 931 2069 Hypanis
956 2019 1070 2056 inclu-

408 2078 506 2115 dit.“
537 2077 614 2114 coll.
638 2078 758 2113 Strab.
780 2077 847 2112 ΧΠ
874 2090 908 2126 p.
930 2076 1011 2117 550
1037 2090 1064 2113 s.

407 2136 489 2175 827
508 2133 551 2170 A.
596 2134 637 2170 In
659 2133 810 2181 antiquo
830 2133 959 2170 Olbiae
982 2146 1067 2182 pse-

406 2190 588 2241 phismate
619 2202 797 2240 perquam
829 2189 1066 2237 memorabili,

407 2248 507 2295 quod
519 2247 654 2296 primus
667 2246 817 2296 protulit
827 2246 867 2281 P.
882 2246 927 2283 de
938 2246 1066 2295 Koep—

406 2315 502 2352 pen,
533 2307 679 2352 praeter
705 2301 793 2338 alias
815 2306 945 2350 gentes
967 2315 1065 2339 eom-

404 2364 653 2395 memorantnr
707 2356 929 2408 μιξέλληνες
946 2387 956 2404 ,
1016 2360 1063 2395 ad

405 2420 548 2452 montes
561 2415 691 2451 Olbiae
715 2416 849 2451 vicinos
872 2415 1064 2452 considen-

405 2475 460 2508 tes
482 2475 517 2508 et
542 2472 588 2507 ad
619 2472 791 2508 tuendam
822 2471 949 2508 urbem
983 2484 1062 2508 cum

406 2527 639 2577 Olbiopolitis
656 2528 778 2572 iuncti,
809 2528 869 2576 qui
888 2541 968 2564 cum
986 2528 1061 2565 He-

405 2584 525 2620 rodoti
551 2583 744 2633 Callipidz's
764 2584 810 2620 ab
832 2585 963 2621 eodem
985 2585 1060 2621 viro

405 2640 514 2677 docto
540 2640 638 2677 haud
669 2640 783 2686 male,
826 2645 864 2676 ut
904 2641 1060 2688 videtur,

405 2701 670 2746 comparantur.
689 2696 721 2732 V
724 2697 772 2733 id.
783 2695 984 2745 Nordgest.
996 2698 1061 2734 des

405 2753 510 2790 Pont.
532 2765 616 2802 pag.
639 2752 838 2794 92—95.
881 2753 995 2790 Choix
1023 2754 1058 2789 d.

404 2809 559 2846 medaill.
586 2810 621 2845 d.
651 2809 793 2846 cabinet
825 2810 871 2847 de
898 2809 1061 2847 Blarem-

404 2866 507 2914 berg.
527 2878 612 2916 pag.
634 2867 698 2905 26.
720 2868 784 2906 27.

1183 831 1286 882 ‘tineo
1307 831 1348 872 δὲ
1360 830 1526 882 τούτων,
1539 832 1631 874 ἄλλο
1653 833 1786 881 ἔθνος,

1128 890 1167 928 οἳ
1196 886 1407 937 Ἀλαζωνες
1437 890 1659 942 καλέονται]
1699 892 1722 928 i.
1753 904 1786 929 e.

1127 960 1230 996 super
1262 948 1322 983 hos
1335 975 1345 993 ‚
1374 948 1411 984 id
1432 952 1488 984 est
1507 948 1583 984 loca
1603 950 1787 996 interiora,

1126 1004 1300 1040 Alazones
1320 1006 1382 1053 qui
1398 1008 1586 1052 vocantur,
1608 1005 1784 1042 habitant.

1125 1055 1337 1106 Ἀλαζωνες
1359 1061 1484 1109 scripsi
1514 1074 1595 1098 cum
1616 1061 1787 1110 Schwgh.

1127 1121 1163 1153 et
1181 1117 1299 1153 Gaisf.
1338 1117 1405 1153 Alii
1430 1113 1650 1164 Ἀλαζόνες,
1681 1117 1784 1155 Reiz,

1124 1167 1346 1219 Ἀλαζῶνες.
1396 1174 1553 1221 Scythas
1578 1170 1787 1220 ‘Amgco'voeg

1126 1235 1385 1266 commemorat
1404 1230 1538 1266 Strabo
1551 1230 1571 1266 l.
1584 1229 1606 1266 l.
1639 1231 1699 1268 Tu
1713 1231 1785 1267 vid.

1125 1285 1219 1321 insra
1239 1285 1299 1331 lv,
1325 1288 1378 1325 52
1397 1290 1432 1322 et
1450 1286 1629 1336 Stephan.
1648 1287 1738 1335 Byz.
1757 1299 1786 1324 s.

1126 1354 1158 1377 v.
1178 1336 1350 1387 Ἀλαζών
1369 1355 1406 1391 p.
1427 1343 1480 1380 87
1501 1342 1644 1380 Berkel.
1676 1344 1788 1380 Com-

1126 1399 1214 1448 poni
1236 1398 1311 1435 vult
1333 1398 1398 1434 hos
1412 1398 1586 1435 Alazones
1606 1411 1687 1436 eum
1699 1400 1788 1449 Aly-

1127 1456 1235 1491 som'z's
1254 1456 1351 1505 apud
1371 1455 1511 1491 Herod.
1531 1455 1594 1502 ΠΙ,
1613 1457 1666 1496 90
1681 1455 1788 1506 Κῦρ-

1125 1523 1208 1561 pen.
1239 1511 1439 1559 lNordgest.
1474 1512 1509 1547 d.
1531 1512 1639 1548 Pont.
1665 1525 1701 1561 p.
1721 1511 1787 1560 55,

1126 1580 1239 1617 prava
1270 1567 1327 1604 ille
1366 1567 1511 1616 quidem
1538 1567 1692 1605 lectione
1721 1568 1787 1606 de·

1127 1628 1252 1673 ceptus
1266 1652 1276 1669 ,
1317 1625 1476 1672 itemque
1498 1636 1577 1661 cum
1596 1625 1787 1661 Amazoni-

1128 1681 1203 1726 buS,
1236 1680 1457 1730 probaturus
1476 1692 1577 1717 sacra
1588 1680 1787 1718 Chaldaica

1126 1737 1175 1773 ad
1215 1735 1522 1786 septentrionales
1553 1737 1661 1773 Ponti
1701 1750 1784 1774 oras

1127 1805 1208 1830 esse
1229 1793 1408 1829 traducta.
1441 1793 1482 1829 ln
1503 1792 1655 1830 Podolz‘a
1671 1806 1713 1830 ac
1728 1806 1786 1831 re-

1126 1850 1235 1898 gione
1255 1849 1428 1885 Braklaw
1448 1849 1542 1886 hanc
1558 1854 1705 1898 gentem
1721 1849 1785 1887 ha·

1127 1906 1260 1942 bitasse
1282 1905 1449 1943 Rennelii
1473 1910 1530 1943 est
1549 1906 1730 1944 sententia
1747 1918 1783 1956 p.

1126 1963 1230 2009 410,
1270 1974 1291 1998 a
1315 1975 1387 2011 quo
1408 1975 1477 1999 nec
1499 1962 1694 1999 Reichard.
1722 1962 1744 1999 l.
1762 1962 1783 1999 l.

1126 2031 1212 2069 pag·
1231 2019 1298 2066 25,
1322 2032 1389 2056 nec
1406 2018 1591 2056 Mannert.
1610 2019 1661 2054 IV
1682 2033 1717 2069 p.
1729 2020 1783 2059 94

1125 2075 1231 2113 valde
1255 2076 1457 2113 discedunt.
1505 2074 1601 2112 Add.
1622 2074 1782 2113 Heeren.

1124 2131 1234 2169 ldeen
1264 2132 1291 2178 l,
1313 2134 1337 2171 2
1358 2145 1393 2182 p.
1418 2133 1515 2178 272,
1543 2144 1616 2180 quo
1637 2137 1783 2168 auctore

1123 2188 1242 2236 gentis
1257 2189 1362 2225 sedes
1385 2188 1433 2224 ibi
1455 2187 1699 2236 quaerendae,
1721 2187 1782 2224 ubi

1121 2244 1372 2294 Borysthenes
1393 2240 1570 2294 (Dniepr)
1596 2248 1634 2280 et
1653 2243 1781 2294 Hypa-

1122 2301 1177 2337 nis
1202 2301 1321 2349 (Bug)
1340 2301 1406 2336 sibi
1429 2295 1736 2349 appropinquant.

1178 2355 1365 2407 κρόμμυα
1389 2354 1456 2393 καὶ
1482 2352 1664 2405 σκόροδα]
1721 2356 1780 2393 Cf.

1118 2413 1166 2458 ΙΙ,
1190 2414 1278 2454 125.
1318 2413 1521 2461 Utrumque
1541 2413 1591 2449 sic
1614 2412 1777 2449 iunctum

1118 2470 1296 2519 reperitur
1306 2469 1455 2506 Numer.
1474 2468 1539 2515 XI,
1558 2469 1583 2510 5
1605 2473 1778 2507 monente

1118 2525 1361 2574 wesseling,
1388 2525 1450 2574 qui
1481 2525 1674 2576 Geoponn.
1693 2525 1775 2571 ΧΠ,

1118 2583 1194 2627 30,
1225 2582 1312 2627 alia,
1343 2582 1477 2618 citavit.

1148 2635 1272 2689 ’Υπὲρ
1291 2635 1332 2677 δὲ
1349 2633 1581 2684 Ἀλαζώνων
1598 2637 1775 2677 οἰκέουσι

1119 2690 1282 2732 Σκύθαι
1334 2689 1548 2745 α’ροτῆρες]
1619 2694 1775 2745 Scythas

1119 2755 1290 2797 arohres,
1343 2751 1403 2800 qui
1445 2764 1556 2802 supra
1593 2749 1773 2788 Alazones

1119 2806 1281 2844 locantur
1310 2812 1345 2844 et
1374 2820 1443 2844 una
1474 2821 1553 2845 curn
1583 2808 1626 2844 iis
1653 2808 1771 2844 nomi-

1118 2869 1249 2900 nantur
1269 2864 1329 2911 lv,
1357 2866 1424 2910 52,
1457 2864 1551 2902 bene
1567 2864 1613 2901 ab
1635 2863 1678 2900 iis
1698 2863 1772 2900 dis-

1898 1689 1904 1850 ¹
