1904 3304
202 1111 269 1155 -Η

332 215 417 255 366

728 212 1196 252 HERODOTI

304 332 424 377 6τες,
460 322 661 380 πρόβατα
691 322 737 366 δὲ
765 324 913 377 μοῦνα
942 321 984 374 ἐξ
1015 319 1183 365 αὐτέων
1212 322 1464 378 λαμβάνειν.
1521 324 1601 366 τοῦ

333 395 380 439 δὲ
420 394 479 451 μὴ
518 397 788 450 περιπλῶσαι
818 392 992 448 Λιβύην
1030 396 1272 444 παντελῶς,
1323 394 1465 436 αἴτιον
1502 392 1658 437 τόδεὲο

330 466 463 522 ἔλεγε·
516 465 565 509 τὸ
605 470 761 509 πλοῖον
799 462 849 506 τὸ
886 462 1039 518 πρόσω
1083 461 1138 507 οὐ
1181 463 1374 507 δυνατὸν
1411 464 1471 507 ἔτι
1500 481 1602 520 προ-

301 539 526 594 Ίβαίνειν,
571 535 668 580 ἀλλ’
701 535 960 590 ἐνίσχεσθαι.

1020 533 1182 589 Ξέρξης
1213 534 1259 577 δὲ
1296 533 1353 578 οὕ
1385 537 1428 578 οἱ
1458 547 1599 592 συγγι.

332 608 518 651 νώσκων
557 606 696 662 λέγειν
734 604 924 661 ἀληθέα,
974 602 1058 648 οὐκ
1097 604 1398 648 ἐπιτελέσαντά
1437 621 1481 648 τε
1522 605 1602 649 τόν

329 681 621 734 προκείμενον
666 676 852 728 ἄεθλον,
908 674 1242 728 ἀνεσκολόπισε,
1294 675 1375 732 τὴν
1420 675 1604 732 ἀρχαίην

302 757 322 790 8
341 752 466 806 δίκην
496 750 716 804 ἐπιτιμῶν.
760 746 921 791 τούτου
944 746 989 790 δὲ
1019 750 1099 790 τοῦ
1121 747 1378 798 Σατάσπεος
1397 746 1660 803 εὐνοῦχοςὲὃ

337 820 503 878 ἀπέδρη
534 822 576 870 ἐς
604 819 782 875 Σάμον.
815 819 907 862 ἐπεί
935 834 979 861 τε
1009 817 1196 862 ἐπύθετο
1226 818 1404 874 τάχιστα
1432 817 1510 861 τὸν
1541 820 1607 861 δε-

337 893 498 936 σπότεα
533 888 886 947 τετελευτηκότα,
933 890 1043 945 ἔχων
1087 889 1285 946 χρήματα
1321 888 1505 945 μεγάλα,
1553 889 1605 933 τὰ

337 963 508 1018 Σάμιος
538 960 649 1018 ἀνὴρ
679 961 876 1017 κατέσχε·
915 965 998 1005 τοῦ
1028 961 1316 1017 ἐπιστάμενος
1340 960 1390 1004 τό
1420 960 1605 1016 οὔνομα,

335 1033 448 1078 ἑκών
473 1033 748 1090 ἐπιλήθομαι.

449 1109 536 1161 Τῆς
563 1105 608 1150 δὲ
634 1104 773 1160 Ἀσίης
800 1103 853 1147 τὰ
875 1101 1016 1148 πολλοὶ
1045 1102 1133 1147 ’ὑπὸ
1150 1104 1348 1157 Δαρείου
1369 1102 1600 1159 ἐξευρέθη·

332 1270 376 1312 τό
396 1275 537 1312 πλοῖον
563 1269 607 1312 τό
635 1267 768 1323 πρόσω
786 1291 842 1298 —-
861 1269 938 1310 ἐνί-

276 1329 456 1381 σχεσθαι]
498 1331 602 1368 Bene
631 1330 804 1366 observat
831 1327 939 1365 Wes-

274 1387 406 1436 seling.
436 1387 576 1424 reditus
613 1398 758 1423 causam
791 1384 940 1435 Sataspi

274 1445 387 1481 fuisse
425 1447 578 1491 ventos,
623 1455 667 1480 ex
710 1442 850 1478 oriente
891 1441 939 1477 ad

274 1500 517 1538 constitutum
574 1502 707 1536 flantes
761 1498 939 1545 navisque

273 1569 416 1595 cursum
427 1557 725 1607 praepedientes.
757 1554 824 1591 Vix
844 1554 938 1590 enim

276 1614 452 1660 dubium,
492 1613 580 1662 quin
609 1612 656 1648 ad
687 1624 768 1648 eam
794 1610 939 1647 Africae

273 1674 439 1721 partem,
479 1681 574 1719 quae
595 1669 689 1705 circa
719 1666 849 1704 lineam
881 1670 940 1703 est

274 1725 595 1775 aequinoctialem,
615 1725 790 1773 Sataspes
809 1735 940 1772 perve-

274 1783 371 1820 nerit
391 1782 515 1831 ibique
536 1781 655 1819 ventis
668 1809 678 1827 ‚
715 1792 808 1829 quos
828 1779 939 1816 aesti-

275 1853 320 1876 vo
346 1843 511 1889 tempore
543 1841 756 1875 constanter
786 1849 808 1873 a
833 1836 941 1873 meri-

279 1895 415 1932 dionali
434 1895 546 1945 plaga
567 1896 656 1931 flare
676 1893 854 1939 novimus,
874 1893 941 1929 im-

277 1952 425 2003 peditus
447 1952 515 1988 iter
532 1951 748 1988 continuare
765 1949 942 1998 haudpo-

278 2009 402 2046 tuerit.
435 2008 494 2045 Cf.
517 2007 793 2044 Schlichthorst.
815 2006 837 2042 l.
862 2005 883 2042 1.
903 2019 939 2056 p.

281 2066 374 2106 184.
417 2062 539 2114 Atque
567 2064 737 2101 Guineae
768 2063 940 2099 occiden-

279 2121 361 2159 talis
379 2134 480 2158 oram
499 2119 613 2171 (nunc
631 2124 763 2156 vocant
780 2119 941 2156 Sierram

275 2177 461 2225 Leonam)
490 2178 623 2224 fuisse,
664 2177 712 2214 ad
738 2189 847 2225 quam
878 2188 941 2212 us-

277 2247 351 2284 que
382 2234 528 2271 Persam
568 2234 712 2271 venisse
751 2231 940 2282 probabile

277 2292 346 2338 sit,
377 2291 448 2327 iam
471 2291 590 2326 ventis
615 2289 803 2326 contrariis
824 2301 941 2339 oppo-

278 2348 431 2396 sitisque
451 2347 619 2383 fluctibus
637 2346 682 2382 ab
702 2346 832 2382 itinere
853 2357 941 2381 con-

273 2404 453 2441 tinuando
472 2403 702 2452 impeditum,
723 2402 827 2451 pouit
838 2401 940 2438 Ren-

276 2459 349 2498 nel.
370 2459 434 2497 1.l.
466 2472 552 2509 pag.
576 2457 668 2499 704.
728 2457 870 2506 Atque,
902 2458 940 2494 id

275 2517 377 2566 quod
402 2517 452 2554 ad
472 2516 583 2552 totius
596 2516 812 2551 narrationis
832 2514 938 2551 sidem

276 2572 441 2610 nonnihil
475 2573 593 2609 facere
627 2572 764 2621 possit,
809 2571 940 2620 ipsum,

277 2630 377 2680 quod
406 2630 454 2667 de
487 2629 668 2678 Sataspe,
716 2628 769 2664 cui
805 2627 940 2664 diffidit

278 2686 480 2731 excusanti,
511 2684 725 2735 supplicium
747 2685 838 2720 sumi
859 2685 939 2719 ius-

279 2743 326 2780 sit
346 2755 428 2790 rex,
459 2743 590 2778 indicio
612 2754 693 2779 esse
711 2741 875 2783 videtur,
898 2739 939 2775 il-

279 2799 353 2837 lum
378 2812 521 2836 cursum
554 2799 646 2836 circa
675 2797 821 2835 Africae
857 2808 940 2832 oras

280 2857 352 2894 iam
388 2857 435 2894 ab
473 2855 552 2894 aliis
585 2859 770 2907 peractum
808 2854 940 2898 suisse3

996 1283 1194 1320 regemque
1224 1270 1309 1308 inde
1343 1283 1365 1307 a
1398 1270 1559 1320 Sataspe
1594 1270 1663 1308 hoc

997 1327 1075 1365 fieri
1115 1327 1282 1377 potuisse
1327 1327 1566 1374 arbitratum,
1618 1340 1662 1364 eo

996 1385 1114 1433 magis
1136 1383 1185 1420 illi
1215 1385 1347 1420 iratum
1373 1384 1505 1431 fuisse,
1561 1384 1663 1433 quod

996 1453 1072 1477 non
1105 1446 1293 1477 assecutus
1327 1440 1394 1487 sit,
1451 1441 1550 1488 quod
1583 1440 1662 1477 aliis

998 1499 1122 1533 forsan
1140 1501 1250 1534 antea
1271 1497 1424 1534 cessisse
1434 1497 1576 1533 Xerxes
1599 1509 1663 1533 au·

996 1554 1128 1590 dierat.
1176 1554 1234 1590 Cf.
1256 1553 1413 1590 Rennel.
1438 1552 1459 1589 l.
1481 1553 1502 1589 Ι.
1545 1553 1660 1590 Koes.

996 1610 1017 1646 l.
1041 1609 1064 1647 Ι.
1085 1622 1170 1660 pag.
1193 1611 1258 1650 28.
1280 1612 1347 1651 29.

1058 1691 1207 1742 Ξέρξης
1234 1690 1276 1731 δὲ
1301 1690 1351 1732 οὕ
1370 1693 1470 1732 οἰ-
1489 1688 1660 1743 ἀληθέα]

996 1752 1019 1787 i.
1043 1763 1074 1788 e.
1109 1749 1246 1787 Xerses
1273 1750 1499 1799 iutellz'genS,
1541 1763 1570 1789 s.
1595 1750 1666 1786 sibi

993 1819 1205 1858 persuasum
1226 1806 1378 1853 habens,
1420 1819 1495 1843 eum
1515 1807 1662 1853 (satas-

997 1864 1102 1914 pem)
1129 1876 1190 1900 uec
1217 1875 1300 1899 vera
1327 1863 1472 1910 dixisse,
1497 1876 1558 1899 nec
1577 1875 1664 1914 pro·-

992 1922 1145 1970 posz'tam
1163 1919 1360 1970 perfecisse.
1395 1921 1432 1957 ln
1454 1921 1550 1957 hunc
1570 1932 1662 1969 quo-

999 1990 1073 2026 que
1105 1990 1253 2014 sensum
1286 1977 1377 2015 haec
1405 1977 1517 2014 verba
1549 1976 1662 2026 accipi

999 2033 1114 2069 voluit
1142 2045 1163 2069 a
1195 2034 1260 2070 Cr.
1290 2035 1419 2070 citatus
1440 2034 1594 2071 Gesner.
1625 2033 1662 2069 in

998 2089 1097 2128 Diss.
1111 2090 1157 2127 de
1175 2091 1348 2139 navigatt.
1363 2095 1452 2127 extr.
1472 2089 1537 2127 col.
1550 2089 1661 2126 Herc.

999 2146 1040 2183 P.
1067 2146 1078 2182 l
1101 2144 1136 2197 ξ.
1158 2149 1182 2187 6
1204 2159 1289 2197 pag.
1310 2149 1393 2188 632
1414 2146 1582 2197 Orphicc.
1603 2145 1660 2183 ed.

997 2204 1124 2240 Herm.
1168 2203 1226 2240 Ad
1249 2204 1349 2240 verbi
1376 2199 1660 2255 συγγινώσκειν

997 2273 1101 2296 usum
1122 2260 1182 2297 Tu
1204 2261 1328 2297 confer
1347 2260 1395 2296 sis
1416 2261 1461 2307 V,
1484 2261 1549 2299 91.
1580 2258 1661 2304 Vll,

1001 2319 1064 2356 12.
1095 2316 1159 2363 IX,
1181 2320 1257 2362 22,
1283 2316 1364 2353 alia.
1399 2338 1445 2343 —
1492 2316 1531 2352 ln
1554 2327 1658 2364 seqq.

999 2371 1184 2421 ἐπιτιμᾶν
1206 2373 1325 2409 valet:
1352 2385 1499 2422 poenam
1519 2374 1659 2419 irroga—

997 2442 1057 2475 re,
1085 2432 1267 2479 imponere.
1308 2429 1399 2466 Inde
1418 2426 1464 2466 τοὶ
1484 2428 1659 2478 ἐπιτίμια

993 2499 1145 2536 poenae,
1184 2485 1362 2535 supplicia
1407 2486 1443 2521 in
1477 2485 1657 2523 Plutarch.

997 2542 1181 2579 Coriolan.
1206 2544 1268 2581 13.
1308 2542 1400 2578 Mar.
1426 2544 1478 2583 29
1500 2542 1560 2578 fin.
1581 2540 1657 2578 coli.

996 2598 1200 2636 Blomfield.
1228 2597 1392 2634 Glossar.
1424 2599 1470 2635 ad
1489 2597 1658 2647 Aeschyl.

996 2655 1035 2692 S.
1060 2669 1088 2694 c.
1120 2655 1191 2692 Th.
1223 2656 1342 2694 1023.

1054 2735 1155 2777 ἑκών
1196 2734 1466 2789 ἐπιλήθομαι]
1515 2739 1659 2776 Similes

999 2795 1125 2833 Nostri
1152 2795 1352 2833 locutiones
1372 2796 1400 2842 l,
1417 2797 1484 2838 51.
1508 2796 1552 2843 ll,
1566 2797 1657 2836 123.

1000 2853 1060 2897 11¹,
1083 2853 1147 2894 75.
1175 2854 1264 2892 147.

1670 1121 1753 1160 300
