1904 3304
541 261 1101 302 MELPOMENE.
1158 263 1220 301 IV.
1432 267 1516 307 523

254 373 427 424 σθέντες
465 371 511 415 ἐκ
538 371 743 428 Λήμνου,
784 375 956 428 οἴχοντο
996 373 1197 423 πλέοντες
1235 372 1278 423 ἐς
1308 374 1517 415 Λακεδαί-

251 461 383 500 μονα·
443 443 634 499 ἱζόμενοι
670 444 715 487 δὲ
745 444 792 487 ἐν
821 448 882 500 τῷ
917 443 1139 503 Τηϋγέτῳ,
1177 448 1264 499 πῦρ
1297 441 1515 486 ἀνέκαιον.

196 645 286 682 sisse
299 646 371 682 veri
393 649 448 682 est
461 645 710 690 simillimum).
734 644 854 682 Schol.

194 703 243 738 ad
264 701 410 739 Pindar.
438 703 542 751 Pub.
570 703 630 748 lv,
658 703 710 742 88
736 706 773 738 et
794 714 856 738 co-

195 758 388 808 piosiorem
406 759 589 795 Plutarchi
609 759 855 795 narrationem

196 814 294 864 Opp.
318 815 347 850 ll
368 828 404 865 p.
424 814 528 862 247,
571 815 618 851 ab
639 815 856 851 Herodotea

197 871 234 907 in
259 871 475 919 quibusdam
494 872 741 916 recedentem,
760 882 855 918 quae

196 933 363 964 accurate
406 928 572 964 enotavit
603 926 776 963 Larcher.
818 927 854 962 in

197 988 287 1021 nota
309 984 357 1019 ad
381 983 415 1020 h.
429 983 451 1019 l.
489 984 594 1027 Quae
613 983 692 1032 ipsa
713 982 855 1031 singula

195 1041 367 1090 persequi
404 1039 463 1076 hic
502 1052 575 1076 non
611 1044 738 1085 vacat,
788 1052 856 1076 nec

194 1097 310 1144 magis
331 1108 506 1144 quaerere
527 1096 672 1141 attinet,
693 1108 768 1141 cur,
791 1096 855 1144 qui

196 1151 348 1200 Pelasgi
366 1153 402 1188 in
422 1152 489 1189 hac
503 1153 710 1189 narratione
726 1152 854 1203 appel-

194 1208 337 1255 lantur,
379 1209 424 1245 ab
451 1208 527 1245 aliis
557 1213 733 1246 vocentur
759 1209 854 1259 Tyr-

196 1265 309 1301 rheni.
352 1265 434 1301 Hoc
457 1266 550 1302 enim
573 1265 730 1302 alienum
756 1265 856 1302 duci-

196 1334 277 1358 mus
289 1321 334 1357 ὼ
347 1321 527 1358 Helodoti
540 1321 853 1372 interpretatione.

256 1373 362 1426 ἵζόμε
349 1392 388 1415 εν
394 1392 430 1416 οι
452 1377 529 1415 δὲ’
513 1393 555 1416 εν
572 1380 627 1415 τῶ
655 1376 851 1430 Τηϋγέτω]

196 1432 269 1470 Pro
299 1430 474 1482 ἱζόμενοι
497 1434 533 1470 in
554 1435 736 1471 Sancroszi
763 1434 853 1470 libro

197 1494 236 1527 et
253 1490 395 1526 duobus
421 1490 499 1526 aliis
520 1491 703 1527 invenitur
728 1486 855 1540 ἑζόμε-

197 1561 274 1585 νοι.
322 1546 381 1582 De
408 1558 480 1594 quo
505 1547 729 1595 Schueigh..
757 1560 855 1583 corn-

195 1614 329 1652 parans·
353 1602 416 1638 hos
437 1601 554 1638 locos:
595 1602 641 1649 Il,
668 1604 757 1642 113.
788 1603 853 1650 Ill,

197 1660 263 1698 64.
282 1658 347 1698 65.
378 1657 443 1705 IV,
467 1659 544 1699 165
562 1658 609 1695 ita
628 1660 853 1708 pronuntiat,

196 1719 235 1751 ut
255 1713 412 1760 ἕζεσθαι
445 1715 585 1751 dicatur
614 1717 660 1753 de
685 1716 853 1764 singulis,

196 1770 353 1817 ἵζεσθαι
366 1773 412 1808 de
427 1772 654 1809 multitudine
666 1773 854 1818 heminton,

197 1827 258 1876 qui
305 1827 431 1865 alicubi
479 1829 684 1866 considant.
743 1830 856 1873 Quod

197 1884 390 1921 discrimen
402 1897 542 1932 vereor,
560 1890 597 1922 ut
618 1890 715 1923 stare
727 1887 856 1935 possit.

196 1940 297 1977 Infra
320 1940 380 1985 lv,
412 1940 489 1981 145
515 1954 641 1979 omnes
661 1943 742 1979 libri
767 1955 856 1979 con-

197 1996 335 2046 spirant
353 1997 389 2033 in
409 1996 552 2043 ἵζοντο.
567 2019 624 2025 —-
653 1999 724 2035 Cui
742 1999 854 2035 verbo

198 2054 297 2101 quod
317 2053 350 2089 h.
364 2053 385 2089 l.
408 2053 545 2091 Noster
557 2055 856 2104 adstruxitprae-

197 2110 416 2160 positionem
445 2108 506 2155 ἐν,
543 2111 643 2147 Idem
669 2112 761 2147 infra
793 2112 855 2157 IV,

200 2166 292 2205 146·
326 2166 404 2206 148
428 2167 595 2203 adhibuit
614 2168 857 2217 praepositio-

197 2234 281 2258 nem
303 2220 363 2267 ἐς,
401 2235 467 2259 nec
496 2222 597 2259 aliter
624 2224 699 2260 fere
731 2223 767 2269 l,
804 2222 855 2264 14

198 2278 278 2324 (ubi
303 2279 338 2314 in
361 2284 522 2318 annotat.
546 2292 631 2328 pag.
647 2283 698 2320 39
718 2279 856 2329 prolV,

197 2336 260 2375 46
286 2335 515 2372 scribendum
535 2336 596 2382 IV,
621 2335 759 2386 146),
793 2336 857 2383 III,

199 2391 264 2432 14.
315 2391 366 2428 Ac
390 2405 500 2441 supra
519 2392 582 2438 lv,
609 2394 662 2433 83
691 2393 856 2429 adhibuit

199 2446 262 2485 ἐπὶ
284 2461 363 2484 cum
388 2449 533 2496 dativo,
569 2450 666 2486 cuius
689 2451 769 2485 loco
793 2448 856 2496 IV,

200 2505 281 2543 203
302 2505 606 2555 praepositionem
626 2506 778 2542 eandem
797 2518 857 2542 ex-

202 2560 288 2607 cipit
309 2562 544 2599 accusativus.
580 2562 703 2610 Ipsum
724 2562 856 2598 montis

204 2613 362 2664 Taygeti
390 2630 522 2655 nomen
562 2618 692 2669 triplici
723 2630 858 2666 genere

201 2672 300 2720 apud
319 2677 456 2710 veteres
469 2675 620 2711 inveniri
640 2679 763 2712 monet
774 2675 858 2711 Ste-

201 2728 310 2777 phan.
334 2728 425 2776 Byz.
458 2743 487 2768 s.
509 2744 543 2768 v.
572 2745 608 2781 p.
632 2734 724 2773 697.
783 2730 859 2766 Eo-

203 2784 287 2820 dem
309 2797 466 2832 genere,
504 2800 576 2835 quo
599 2787 761 2833 Noster,
793 2800 859 2824 no-

203 2853 287 2876 men
309 2841 498 2889 proferunt
516 2843 648 2880 Strabo
665 2844 751 2881 Vlll
773 2856 859 2894 pag.

202 2898 287 2937 362
311 2909 338 2933 S·
362 2898 443 2937 557
467 2898 532 2945 C.,
563 2904 599 2937 et
621 2901 778 2938 Pausan.
795 2900 859 2946 III,

913 648 988 691 203
1024 641 1071 683 τα“
1107 647 1282 696 Ταυγετα
1303 644 1402 694 apud
1421 643 1568 681 Plutar-

912 702 1017 739 chum
1044 714 1087 737 ac
1108 701 1330 750 Polyaenum
1353 700 1374 737 l.
1400 700 1421 736 l.
1444 705 1573 737 exstat.

912 758 1004 794 Post
1025 757 1307 804 IVesselingium
1330 756 1491 803 monuit,
1521 756 1574 792 al·-

912 813 994 851 latis
1016 818 1177 850 veterum
1199 815 1245 849 de
1271 813 1339 850 hoc
1365 818 1491 850 monte
1518 817 1576 850 te-

913 870 1088 907 stimoniis
1108 869 1325 906 Tzschucke
1353 870 1400 905 ad
1420 868 1506 906 Mel.
1526 869 1574 915 11,

913 930 937 966 3
958 924 993 976 ἓ.
1013 926 1039 966 4
1059 930 1150 962 nott.
1171 939 1299 974 exegg.
1319 939 1355 975 p.
1376 926 1469 965 235.
1491 925 1573 963 Vol.

911 983 961 1019 Ill
985 982 1026 1019 P.
1046 982 1091 1020 II.
1143 982 1296 1018 Postera
1319 986 1441 1018 aetate
1460 983 1574 1018 monti

911 1051 1045 1077 nomen
1082 1038 1239 1075 inditum
1279 1037 1572 1087 Pentedactylos,-

912 1109 1009 1133 nunc
1035 1100 1183 1131 vocatur
1215 1094 1274 1132 St.
1300 1094 1433 1141 Elias,
1476 1100 1574 1132 teste

911 1153 1034 1190 Kruse
1052 1151 1180 1189 Hellas
1203 1152 1219 1187 I
1241 1164 1325 1201 pag.
1348 1153 1443 1191 286.

969 1211 1049 1259 πῦρ
1091 1206 1303 1253 ανέκαιον]
1371 1207 1573 1253 Mediceus,

910 1265 1143 1302 Florentinus
1161 1260 1294 1314 πυρήν
1316 1261 1464 1310 ἔκαιον,
1476 1264 1574 1299 Gro-

912 1323 1019 1359 novio
1039 1321 1254 1368 probatum3
1296 1320 1445 1368 vulgata
1465 1319 1572 1357 lectio

912 1380 994 1429 πῦρ
1025 1373 1213 1415 ἀνέκαιον
1242 1389 1285 1414 ex
1306 1377 1441 1413 Aldina
1471 1377 1575 1413 fluxit

911 1435 1104 1483 verbisque
1123 1447 1205 1482 sqq.
1225 1431 1290 1471 καὶ
1311 1436 1391 1483 πῦρ
1414 1432 1574 1472 αἴθοιεν

913 1497 949 1529 et
978 1491 1127 1528 Homer.
1158 1490 1230 1526 Od.
1261 1490 1352 1534 Vll,
1379 1491 1454 1534 13,
1486 1490 1573 1526 satis

911 1548 1100 1594 firmatur,
1122 1551 1295 1583 monente
1317 1546 1486 1592 IVessel.5
1512 1546 1574 1594 qui

912 1608 1103 1654 praeterea
1139 1603 1228 1638 citat
1270 1602 1460 1639 Heliodor.
1500 1602 1575 1639 Ae-

912 1660 1027 1710 thiop.
1050 1659 1083 1695 lI
1104 1671 1190 1709 pag.
1209 1661 1262 1700 96
1293 1658 1363 1706 [lI‚
1386 1661 1442 1700 22
1466 1672 1500 1708 p.
1520 1660 1575 1699 82

913 1717 1015 1761 Cor.,
1035 1729 1143 1765 quern
1160 1716 1254 1752 conf.
1279 1714 1328 1751 T.
1350 1715 1382 1751 ΙΙ
1403 1728 1489 1765 pag.
1504 1713 1572 1764 84]

912 1778 949 1810 et
968 1772 1141 1810 D'Orvill.
1162 1772 1208 1808 ad
1230 1771 1417 1808 Chariton.
1438 1785 1474 1821 p.
1493 1773 1574 1812 633

913 1827 964 1880 [p.
992 1831 1073 1870 588
1100 1827 1246 1878 Lips.],
1285 1829 1347 1876 qui
1375 1828 1456 1879 ipse
1485 1827 1575 1864 Me-

913 1886 1005 1922 dicei
1037 1885 1118 1921 libri
1154 1885 1349 1921 lectionem
1388 1885 1436 1921 ob
1468 1884 1574 1921 huius

911 1942 1023 1991 ipsius
1040 1941 1173 1978 codicis
1194 1941 1446 1978 auctoritatem
1468 1954 1575 1990 prae-

912 1999 1102 2035 ferendam
1122 2002 1243 2043 ratus,
1274 1997 1424 2034 alteram
1446 1997 1574 2033 lectio-

912 2067 996 2091 nem
1030 2056 1111 2102 πῦρ
1144 2048 1331 2091 α’νέκαιον
1366 2053 1499 2101 alioqui
1537 2057 1575 2090 et

913 2111 1030 2160 ipsam
1052 2114 1150 2146 stare
1173 2123 1283 2159 posse
1306 2114 1454 2155 censet,
1493 2122 1575 2145 cum

913 2170 1089 2215 sequatur
1120 2168 1200 2213 πῦρ
1234 2164 1380 2204 αἴθειν.
1441 2165 1574 2201 Similis

913 2222 1078 2259 confusio
1110 2222 1147 2257 in
1181 2222 1334 2259 Homer.
1365 2222 1502 2270 Hymn.
1537 2223 1574 2258 in

912 2279 1036 2317 Cerer.
1071 2280 1175 2325 287,
1223 2279 1284 2315 ubi
1321 2291 1417 2314 nunc
1455 2278 1576 2315 editur

911 2338 992 2385 πῦρ
1028 2329 1209 2380 chfsnaae',
1257 2347 1338 2371 cum
1375 2335 1412 2370 in
1451 2334 1575 2371 codice

912 2393 1049 2442 scripto
1073 2394 1192 2428 exstet
1213 2388 1348 2441 nvpoiu
1370 2385 1478 2429 ἕκαιῖ
1514 2390 1576 2427 ln-

910 2450 966 2486 fra
1003 2447 1111 2493 VIII,
1159 2448 1210 2487 19
1259 2447 1426 2484 meliores
1466 2447 1575 2484 codd.

912 2505 1093 2556 praebent
1123 2505 1204 2552 πῦρ
1241 2498 1470 2550 ἀνακαίειν,
1510 2503 1573 2539 Al-

915 2562 1001 2598 dina
1026 2573 1068 2597 ac
1085 2559 1251 2597 Vulcobii
1284 2560 1393 2597 liber:
1441 2556 1575 2609 πυρήν

915 2613 1130 2656 ἀνακαίειν.
1199 2617 1247 2652 Et
1293 2618 1418 2653 conler
1466 2629 1576 2664 supra

915 2686 1062 2723 quoque
1080 2673 1109 2719 Ι,
1138 2675 1221 2713 202
1242 2672 1315 2709 vit.
1338 2673 1487 2709 Homer.
1508 2674 1575 2717 21,

916 2731 977 2767 ubi
996 2732 1076 2780 πῦρ
1103 2723 1309 2768 ανακαίειν
1336 2730 1467 2766 eodem
1490 2741 1574 2764 scn-

917 2800 976 2824 su:
1007 2788 1125 2835 ignem
1145 2785 1344 2822 αεεωιᾱειε.
1404 2785 1489 2828 Quo
1510 2797 1573 2820 eo—

916 2844 1000 2881 dem
1040 2855 1147 2879 sensu
1185 2843 1279 2878 infra
1312 2844 1392 2889 πῦρ
1427 2840 1575 2885 αι’θειν,

916 2900 1031 2950 quod,
1058 2899 1275 2936 observante
1295 2895 1573 2943 Valckenaerio‚
