1904 3304
116 382 232 410 frustra
260 382 361 409 multis

116 417 217 444 verbis
256 418 393 451 petitam,

117 455 236 477 ostenso
275 449 393 476 farinae

117 492 203 509 (AUPPO
225 491 319 509 vacuo
339 492 392 510 lm·

118 522 248 552 peu-ant.

323 953 390 996 -Π

118 1018 183 1051 Quo
211 1017 310 1044 animo
337 1017 394 1043 La-

118 1051 304 1077 cedaemonii
329 1059 394 1076 sus-

118 1085 255 1119 ceperint
306 1092 394 1125 exge-

118 1118 263 1146 ditionem
288 1117 319 1145 iu
339 1120 393 1145 ba-

448 276 506 316 84

853 273 1318 313 HERODOTI

452 399 547 434 τεος
567 380 776 425 άπίκοντο
799 381 840 432 ἐς
859 380 938 436 τὴν
959 382 1186 438 Σπάρτην,
1221 382 1509 433 καταστάντες
1531 382 1600 426 ἐπὶ
1622 381 1726 433 τούς

423 453 692 509 Ξᾶρχοντας,
723 454 868 508 ἔλεγον
897 452 1059 503 πολλα,
1091 450 1163 495 οἷα
1193 453 1331 507 κάρτα
1353 453 1562 508 δεόμενοι.
1602 455 1646 497 οἱ
1677 452 1723 496 δέ

453 537 533 580 σφι
585 528 636 582 τῇ
676 523 823 579 πρώτῃ
874 522 1132 568 καταστάσει
1182 523 1492 577 ὑπεκρίναντο,
1550 524 1603 567 τά
1646 524 1724 580 μὲν
1737 528 1780 563 55

451 600 603 649 πρῶτα
648 595 854 651 λεχθέντα
900 594 1219 650 ἐπιλεληθὲναι,
1278 594 1330 638 τὰ
1379 596 1424 638 δὲ
1464 594 1625 649 ὕστερα
1669 592 1723 638 οὐ

455 667 662 710 συνιέναι.
711 666 816 721 μετὰ
838 666 883 708 δὲ
903 669 1050 716 ταῦτα,
1082 663 1264 719 δεύτερα
1286 665 1587 717 καταστάντες,
1619 664 1724 709 ἄλλο

454 739 532 793 μὲν
570 737 694 781 εἷπον
735 735 886 787 ου’ὸὲν,
931 735 1133 779 θύλακον
1182 737 1227 779 ὸὲ
1273 736 1503 792 φέροντες,
1554 737 1724 793 ἔφασαν

425 809 574 862 3,,τόν
614 807 816 851 θύλακον
858 805 1055 862 ἀλφίτων
1085 807 1310 851 δέεσθαι.“

1371 811 1414 851 οῖ
1443 807 1488 851 δέ
1520 821 1598 864 σφι
1625 806 1726 851 ὑπε·

455 882 683 935 κρίναντο,
717 883 776 937 τῷ
796 878 976 933 θυλάκῳ
1000 879 1313 934 περιεργάσθαι
1328 895 1338 904 ·
1378 879 1582 935 βοηθέειν
1603 877 1640 921 δ’
1662 872 1726 921 ὧν

450 952 566 1003 ἔδοξε
598 949 779 993 αὐτοῖσι.
829 951 916 992 Καὶ
937 950 1079 992 ἔπειτα
1110 949 1549 1005 παρασκευασάμενοι
1580 950 1724 1004 ἐστρα-
1738 955 1784 989 60

452 1020 630 1064 τεύοντο
662 1020 1004 1077 Λακεδαιμόνιοι
1043 1020 1111 1063 ἐπὶ
1141 1020 1319 1076 Σάμον·
1363 1019 1421 1072 ὦς
1451 1021 1530 1077 μὲν
1560 1020 1727 1077 Σάμιοι

450 1091 645 1148 λέγουσι,
699 1091 946 1148 εὐεργεσίας
983 1091 1245 1144 ἐκτίνοντες,
1290 1092 1358 1135 ὅτι
1398 1105 1477 1148 σφι
1517 1092 1727 1149 πρότεροι

400 1270 436 1305 di
463 1281 572 1304 causa
594 1271 667 1304 stat
693 1270 728 1302 et
750 1266 854 1314 quasi
883 1267 1060 1303 substitit.

401 1325 580 1370 Pluribus,
611 1337 677 1360 nec
700 1324 731 1359 h.
756 1323 777 1359 l.
808 1324 953 1366 omisso,
985 1337 1063 1359 mo-

402 1382 481 1417 nuit
509 1379 768 1429 lVyttenbuch.
803 1382 851 1415 ad
881 1379 1063 1416 Plutarchi

402 1437 543 1474 Morall.
578 1436 602 1482 l,
634 1438 659 1475 2
690 1449 773 1486 pag.
803 1438 896 1476 922.
968 1437 1064 1472 Hinc

404 1495 490 1531 satis
514 1498 639 1544 patet,
669 1506 740 1541 quo
765 1505 875 1529 sensu
901 1506 983 1529 mox
1005 1493 1062 1528 di-

403 1556 505 1587 catur
531 1544 777 1594 κατάστασις.
836 1549 894 1586 De
921 1550 1000 1599 ipsa
1025 1561 1063 1585 re

402 1605 540 1643 consul.
564 1605 742 1642 Plutarch.
758 1606 1063 1654 Apophthegmrn.

400 1662 565 1699 Laconn.
587 1675 622 1711 p.
645 1662 726 1702 223
745 1661 792 1698 D.
820 1661 897 1698 coll.
917 1664 999 1702 216
1020 1662 1063 1698 A.

459 1716 523 1757 τόν
562 1714 744 1755 θύλακον
776 1712 953 1764 α’λφίτων
984 1715 1061 1755 ὁέε-

401 1773 515 1824 σθαι]
549 1774 666 1811 Abest
683 1775 729 1810 ab
747 1773 879 1810 Aldina
900 1787 968 1810 vox
987 1770 1062 1811 θύ-

402 1834 539 1877 λακον,
572 1831 753 1880 probante
777 1830 971 1877 Yalcken„
1001 1830 1063 1878 qui

402 1884 472 1926 τόν
491 1887 604 1936 accipi
629 1886 705 1923 vult
730 1899 796 1935 pro
823 1889 967 1925 τοῦτον
996 1886 1064 1933 vel,

401 1945 499 1993 quod
520 1943 690 1994 praefert,
707 1944 918 1980 mutandum
930 1944 965 1980 in
982 1938 1066 1981 τόν·

402 2001 457 2045 δε,
471 2000 540 2036 hoc
559 2001 633 2036 sere
655 2012 781 2036 sensu:
813 2000 956 2046 huncce,
969 2012 1067 2049 quem

404 2057 519 2104 digito
554 2057 816 2102 vion-strabam,
846 2069 984 2092 saccum
1007 2058 1065 2092 ιἠ-

403 2126 504 2149 anem
518 2112 652 2161 farimi
678 2113 846 2160 indigere.
909 2113 954 2149 Et
979 2112 1066 2149 mul-

404 2175 443 2207 ta
475 2183 494 2206 e
522 2169 667 2206 comicis
697 2170 911 2219 praesertim
945 2168 1066 2206 attulit

404 2224 580 2261 Valcken.
594 2254 605 2270 ,
635 2226 695 2261 ubi
712 2221 829 2264 τόνδε
849 2231 887 2263 et
907 2224 1066 2264 τουτονὶ

406 2282 474 2318 hoc
506 2287 612 2330 pacto
646 2282 808 2318 invenias
850 2283 1064 2328 δεικτικῶς.

408 2336 487 2373 Nos
513 2336 729 2385 reliquorum
749 2338 920 2374 librorum
941 2345 1067 2375 aucto-

408 2393 551 2429 ritatem
583 2393 740 2429 ‹unnium
783 2396 896 2430 secuti
930 2407 1064 2431 sumus.

405 2449 542 2496 Atque,
568 2449 667 2497 quod
690 2451 830 2486 monuit
849 2451 1066 2499 Schweigh.,

405 2503 779 2542 Lacedaemoniorum
851 2520 1067 2556 responsum

408 2561 568 2597 indicare
594 2561 757 2608 videtur,
789 2563 962 2599 vocabulo
989 2558 1067 2600 θύ-

409 2618 531 2655 λακον
556 2618 682 2665 utique
705 2618 760 2654 hic
782 2632 867 2655 usos
896 2632 976 2655 esse
998 2620 1068 2655 Sa-

409 2673 510 2710 mios.
527 2694 569 2699 -—
597 2671 780 2713 θύλακον
792 2680 979 2724 exponunt
991 2689 1070 2711 sac-

410 2741 499 2775 cum,
521 2742 550 2765 s.
574 2742 634 2765 vas
656 2731 703 2766 ad
727 2731 915 2767 serendum
938 2743 1069 2780 panem

410 2797 455 2822 ex
493 2786 612 2831 corio,
642 2787 742 2834 quod
776 2787 906 2823 milites
939 2788 1071 2835 serunt,

411 2841 611 2890 panarium.
643 2842 724 2879 Vid.
743 2842 906 2880 Thomas
925 2843 1070 2892 Magist.

409 2910 445 2947 p.
468 2896 561 2938 457.

1176 1270 1233 1321 τῷ
1268 1263 1436 1320 θυλάκῳ
1476 1261 1780 1320 περιεργάσθαι]

1120 1324 1242 1373 Vulgo
1259 1319 1575 1375 περιειργάσθαι,
1608 1324 1708 1360 cuius
1728 1322 1783 1359 lo-

1121 1394 1162 1418 co
1187 1395 1207 1418 e
1231 1380 1394 1417 Parisino
1416 1394 1488 1417 uno
1509 1394 1550 1417 ac
1570 1380 1784 1417 Florentino

1120 1442 1272 1474 recentt.
1301 1437 1358 1474 ed.
1388 1443 1603 1487 receperunt
1635 1450 1786 1486 περιερ-

1121 1490 1286 1545 γάσθαι,
1317 1499 1513 1542 augmento
1535 1492 1718 1542 neglecto,
1745 1495 1785 1529 ut

1125 1551 1195 1597 ΙΙΙ,
1226 1550 1304 1590 155
1337 1549 1518 1601 ἔργασται
1549 1557 1585 1587 et
1622 1549 1693 1596 lv,
1727 1549 1782 1590 45

1122 1606 1324 1657 ἔργασμαι,
1403 1607 1541 1643 Sensus
1579 1610 1658 1643 est:
1707 1617 1785 1641 voce

1121 1668 1152 1701 θ
1163 1678 1186 1700 υ
1201 1666 1220 1700 λ
1233 1659 1257 1699 α
1270 1677 1290 1699 κ
1303 1677 1322 1700 ο
1334 1678 1357 1700 υ
1390 1662 1530 1699 Sanaos
1562 1662 1785 1712 supersedere

1116 1721 1283 1769 poluisse,
1302 1732 1330 1754 s.
1352 1732 1613 1769 supervacuum
1626 1718 1713 1768 quid
1729 1719 1786 1756 fe·

1121 1778 1211 1813 cisse
1233 1776 1398 1820 Samios,
1430 1789 1524 1822 cum,
1556 1788 1698 1812 saccum
1728 1775 1785 1811 af-

1121 1834 1304 1877 ferentes,
1334 1832 1425 1869 haec
1465 1832 1575 1869 verba
1611 1830 1784 1881 (vacuum

1123 1888 1196 1926 scil.
1241 1901 1322 1925 esse
1358 1891 1516 1937 saccum)
1557 1887 1783 1934 addiderint,

1122 1958 1232 1994 quum
1259 1945 1346 1980 satis
1373 1946 1480 1981 suerit
1503 1957 1644 1982 saccum
1669 1943 1785 1980 solum

1124 2002 1344 2047 ostendisse,
1374 2001 1475 2037 nullo
1495 2001 1605 2038 verbo
1627 2000 1785 2038 adiecto.

1124 2059 1231 2095 Cons.
1262 2056 1360 2093 locus
1392 2058 1556 2106 geminos
1585 2070 1607 2094 a
1628 2055 1785 2094 lVessel.

1125 2119 1163 2152 et
1181 2113 1366 2150 Larchero
1387 2115 1513 2151 allatos
1535 2115 1634 2151 Sext.
1644 2113 1784 2163 Empir.

1123 2171 1205 2207 adv.
1240 2169 1472 2208 Mathematt.
1495 2171 1523 2207 ll
1550 2168 1587 2221 ἓ.
1613 2171 1668 2210 23
1696 2181 1784 2220 pag.

1124 2229 1218 2268 293.
1251 2226 1391 2264 Aelian.
1413 2227 1456 2262 V.
1478 2227 1526 2263 H.
1545 2227 1608 2274 lv,
1627 2229 1688 2265 11.
1708 2225 1788 2263 De-

1123 2282 1302 2320 mosthen.
1343 2297 1410 2333 pro
1445 2284 1580 2320 Coton.
1616 2294 1695 2332 cap.
1730 2284 1786 2322 22

1123 2338 1160 2390 ἓ-
1181 2338 1233 2380 54
1254 2351 1337 2388 pag.
1363 2339 1443 2378 248
1464 2339 1590 2377 Reisk.
1621 2339 1668 2375 Et
1689 2338 1786 2376 conf.

1123 2408 1270 2444 quoque
1290 2395 1472 2432 Herodot.
1494 2396 1540 2440 ll,
1568 2395 1630 2436 15.

1307 2451 1416 2500 Cap.
1448 2451 1595 2488 XLVII.

1181 2503 1241 2546 ὅτι
1265 2520 1335 2555 σφι
1348 2503 1582 2558 πρότεροι-
1594 2504 1658 2545 ἐπὶ
1675 2508 1786 2545 Μεσ-

1125 2562 1303 2614 σηνίους]
1324 2564 1405 2600 Ηος
1421 2563 1531 2601 fidem
1546 2565 1664 2600 facere
1677 2576 1785 2613 proe-

1127 2620 1173 2656 lio
1193 2620 1366 2656 adversus
1379 2620 1630 2667 Megarenses,
1647 2619 1694 2657 de
1711 2633 1785 2669 quo

1128 2676 1306 2713 Plutarch.
1336 2676 1363 2712 ll
1398 2690 1433 2726 p.
1466 2678 1567 2723 303,
1610 2676 1785 2725 quodque

1127 2733 1222 2769 idem
1244 2733 1309 2768 sub
1336 2737 1478 2781 tempus
1501 2733 1676 2770 accidisse
1696 2745 1785 2782 pro-

1129 2788 1247 2825 babile
1274 2789 1331 2834 sit,
1362 2794 1485 2825 monet
1505 2789 1548 2825 C.
1573 2789 1620 2826 O.
1642 2787 1784 2825 Miiller.

1127 2844 1312 2892 Aeginett.
1345 2857 1428 2894 pag.
1451 2847 1515 2885 67.
1563 2845 1616 2882 Ac
1639 2844 1785 2881 videtur

1128 2900 1196 2937 hoc
1207 2901 1254 2937 ad
1268 2900 1415 2951 Olymp.
1436 2900 1574 2938 xxvu
1587 2914 1615 2938 s.
1627 2898 1785 2937 XXVIII
