1904 3304
128 860 193 893 συξη
203 852 405 881 uxoribus'ra-

127 895 200 915 ssaln
228 892 401 915 transeunt:

153 928 242 954 quam
292 922 380 954 longe

130 961 149 980 a
169 954 265 981 'sanai
296 954 404 981 consfi-

128 988 237 1014 terint:
270 988 381 1022 [post

128 1028 171 1047 ea
190 1021 315 1047 latius
332 1020 379 1047 ha

128 1053 308 1081 bitaruut
333 1062 399 1089 cap.
557 1072 574 1080 .-
648 1068 666 1081 η

127 1087 186 1120 21.]
204 1088 402 1127 ηιοε-ῑεηιῇιιὶε
430 1071 602 1124 2βΟξΠΤΙ)
639 1085 815 1120 ανδμθνο

128 1119 207 1148 idem
224 1129 274 1156 qul
292 1122 378 1152 viris.

122 1544 242 1577 Lingua
285 1544 398 1572 Sauro-

462 259 547 299 49⁰

847 255 1319 298 HERODOTI

463 365 547 421 ἔχει
577 364 716 420 φόβος
744 380 788 407 τε
818 364 891 407 καὶ
922 364 1038 417 δέος,
1086 365 1197 417 ὅκως
1226 367 1306 423 χρὴ
1345 368 1500 411 οἰκέειν
1538 368 1585 412 έν
1612 371 1721 426 τῶδε

460 440 523 493 τῷ
550 434 699 491 χώρῳ·
748 438 879 477 τοῦτο
910 435 1008 490 μὲν,
1049 434 1185 491 ὑμέας
1214 436 1567 494 ἀποστερησάσας
1597 439 1720 482 πατέ-
1733 446 1777 481 65

459 523 569 563 ρων·
607 508 739 548 τοῦτο
769 505 837 555 δὲ,
864 505 944 561 τήν
971 510 1054 562 γῆν
1082 507 1160 563 τὴν
1187 506 1398 564 ὑμετέρην
1429 511 1724 566 δηλησαμένας

430 575 617 621 3πολλά.
677 573 774 617 ἀλλ’
805 575 895 618 ἐπεί
923 593 967 620 τε
998 576 1168 630 ἀξιοῦτε
1197 576 1330 633 ἡμέας
1358 585 1568 633 γυναῖκας
1596 582 1720 636 ἔχειν,

459 647 562 691 τάδε
600 646 765 690 ποιέετε
805 646 895 700 ἅμα
934 646 1059 703 ἡμῖν·

1116 649 1292 704 φέρετε,
1331 648 1646 707 ἐξαναστέωμεν
1674 653 1722 695 έκ

459 721 536 774 τῆς
564 721 644 773 γῆς
672 717 800 770 τῆσδε
816 749 827 768 ,
861 717 935 759 καὶ
967 716 1230 772 περήσαντες
1255 716 1418 761 Τάναϊν
1437 721 1633 776 ποταμὸν
1653 723 1720 764 οἰ·

299 789 398 833 116
455 786 673 840 κέωμεν.“
730 785 982 830 Ἐπείθοντο
1013 787 1086 829 καὶ
1115 791 1251 830 ταῦτα
1281 790 1323 831 οἱ
1351 791 1581 846 νεηνίσκοι.
1632 794 1777 834 δια-70

462 855 617 911 βάντες
669 857 715 900 δὲ
764 857 841 901 τόν
885 857 1071 908 Τάναϊν,
1133 858 1408 913 (ὁδοιπόρεον
1449 861 1558 915 πρός
1596 859 1721 915 ἥλιον

460 925 692 981 ἀνίσχοντα
730 931 866 982 τριῶν
905 929 983 984 μὲν
1028 929 1225 984 ἡμερέων
1263 929 1348 973 ἀπὸ
1387 935 1466 974 τοῦ
1508 932 1722 982 Τανάϊδος

461 996 592 1050 ὁδόν,
623 1001 756 1052 τριῶν
786 999 831 1042 δὲ
861 997 946 1043 ἀπὸ
970 1005 1046 1056 τῆς
1074 1003 1223 1056 λίμνης
1249 1006 1323 1056 τῆς
1345 1001 1590 1057 Μαιήτιδος
1612 1001 1722 1055 πρὸς

875 1069 1127 1126 ἀπικόμενοι
1168 1072 1213 1115 δὲ
1253 1072 1295 1122 ἐς
1333 1077 1491 1116 τοῦτον
1524 1071 1601 1115 τόν
1640 1074 1778 1126 χῶ-75

459 1155 562 1193 ρον,
594 1139 641 1182 ἐν
669 1143 730 1196 τῶ
759 1144 843 1182 νῦν
872 1143 1172 1197 κατοίκηνται,
1204 1144 1388 1198 οἴκησαν
1417 1147 1589 1186 τοῦτον.
1648 1142 1721 1184 καὶ

457 1211 601 1265 διαίτῃ
645 1208 731 1252 ἀπὸ
771 1210 933 1253 τούτου
972 1213 1182 1266 χρέωνται
1211 1218 1264 1270 τῇ
1293 1219 1455 1271 παλαιῇ
1485 1216 1573 1256 τῶν
1603 1216 1721 1254 Σαυ-

459 1278 686 1334 ροματέων
715 1282 761 1323 αἱ
796 1287 1020 1337 γυναῖκες,
1067 1284 1139 1327 καὶ
1180 1284 1249 1327 ἐπὶ
1285 1282 1431 1340 θήρην
1471 1283 1540 1326 ἐπὶ
1578 1284 1722 1325 ἵππων

457 1349 723 1405 ἐκφοιτῶσαι
760 1351 849 1408 ἅμα
887 1358 1000 1396 τοῖσι
1040 1352 1225 1408 ἀνδράσι
1264 1355 1336 1398 καὶ
1372 1355 1502 1409 χωρὶς
1531 1357 1618 1396 τῶν
1649 1351 1723 1395 ἀν-

456 1421 598 1473 δρῶν,
639 1423 713 1466 καὶ
749 1423 793 1474 ἐς
829 1422 1021 1480 πόλεμον
1062 1428 1301 1479 φοιτῶσαι,
1351 1425 1423 1468 καὶ
1454 1425 1613 1480 στολήν
1641 1423 1722 1480 τήν

262 1489 264 1491 ’
295 1480 394 1525 117
453 1489 593 1547 αὐτήν
621 1498 734 1537 τοῖσι
765 1493 951 1550 ἀνδράσι
981 1495 1236 1551 φορέουσαι.
1300 1498 1434 1552 Φωνῇ
1464 1497 1509 1540 δὲ
1541 1497 1584 1539 οἱ
1603 1499 1719 1538 Σαυ-
1733 1501 1778 1535 80

121 1582 269 1605 maturum
296 1587 398 1605 eorru—
457 1561 644 1617 ρομάται
690 1566 915 1621 νομίζουσι
960 1570 1189 1623 Σκυθικῇ,
1250 1568 1565 1619 σολοικίζοντες
1610 1564 1722 1619 αὐτῇ

138 1615 190 1647 pta
223 1611 383 1647 Scythica:

595 1705 627 1743 C
638 1718 705 1756 ap.
737 1703 869 1742 CXVI.

454 1759 522 1800 καὶ
584 1762 714 1815 διαίτῃ
773 1756 855 1799 ἀπὸ
912 1757 1059 1801 τούτου

399 1815 614 1869 χρέωνται]
646 1814 726 1857 ἀπό
753 1813 894 1856 τούτου
923 1818 980 1856 hic
1000 1832 1060 1856 ac-

400 1874 519 1923 cipio:
560 1875 604 1911 ab
632 1875 694 1911 hoc
724 1873 804 1910 inde
825 1878 981 1924 tempore.
1003 1895 1055 1902 —

401 1929 459 1968 De
476 1931 773 1968 Sauromatarum
797 1931 943 1968 sedibus
963 1932 1058 1969 conf.

400 1990 493 2023 nott.
514 1987 561 2023 ad
580 1987 652 2034 IV,
684 1989 751 2028 21.

457 2041 525 2080 καὶ
560 2041 625 2081 ε’πὶ
657 2038 794 2093 θήρην
824 2040 889 2081 ἐπὶ
921 2041 1059 2081 ’ἵππων

400 2097 667 2149 ἐκφοιτῶσαι]
732 2098 896 2145 Eadem,
964 2104 1058 2137 teste

400 2155 668 2204 U'esselingiO,
697 2155 810 2192 tradit
839 2155 1057 2205 Hippocrat.

398 2211 457 2250 De
483 2224 554 2248 aer.
582 2225 641 2260 aq.
668 2215 704 2249 et
735 2211 823 2249 loce.
854 2224 944 2260 pag.
975 2214 1058 2252 290

400 2266 453 2317 [ἓ.
484 2266 538 2308 94
573 2269 672 2313 Con]
719 2267 797 2304 coll.
825 2267 970 2305 Platon.
999 2267 1058 2306 De

397 2323 495 2373 legg.
515 2323 583 2360 Vll
607 2336 691 2373 pag.
712 2323 793 2364 805
815 2322 859 2359 A.

577 2381 687 2430 Cap.
719 2378 868 2416 cxvn.

455 2435 679 2486 νομίζουσι]
718 2435 802 2473 vid.
831 2438 922 2471 nott.
943 2435 991 2472 ad
1010 2435 1056 2483 ΙΙ,

397 2490 464 2532 42.
509 2491 630 2529 Verba
668 2491 830 2542 proxime
866 2492 1058 2540 sequentia

398 2548 680 2594 σολοικίζοντες
708 2544 811 2598 αὐτῇ
828 2547 970 2584 valent:
1002 2561 1056 2583 so-

399 2605 500 2650 loece,
523 2605 545 2641 i.
561 2617 590 2642 e.
609 2606 728 2640 vitiose
748 2603 846 2639 illum
858 2603 1055 2652 (linguam)

400 2661 597 2710 loquenteS,
628 2660 696 2696 ι’ίΙιὶ
718 2663 863 2696 utentes.
894 2660 952 2697 De
975 2661 1055 2708 ipso

399 2729 499 2754 more
530 2716 648 2754 WVess.
684 2717 777 2753 conf.
808 2714 925 2752 Nicol.
979 2715 1056 2752 Da-

399 2785 508 2810 masc.
537 2785 594 2823 ap.
619 2773 725 2810 Stob.
745 2772 860 2809 Serm.
883 2771 936 2811 42
968 2784 1054 2821 pag.

399 2831 481 2868 292
505 2826 606 2879 [pag.
626 2828 707 2870 224
727 2827 834 2865 Tom.
854 2827 884 2864 ll
906 2826 1054 2877 Gaiss.].

400 2886 522 2935 Atque
551 2885 764 2936 Hippocrat.
805 2883 863 2921 De
895 2895 967 2921 aer.
995 2895 1054 2933 aq.

1118 1708 1154 1743 et
1183 1704 1270 1742 loce.
1297 1701 1334 1754 ἓ.
1367 1707 1420 1746 89
1449 1704 1535 1742 T.1
1563 1718 1599 1755 p.
1629 1703 1683 1744 84
1716 1704 1774 1740 ed.

1117 1762 1205 1798 Cor.
1248 1762 1294 1799 de
1326 1762 1579 1797 Sarmatarum
1619 1759 1776 1806 feminis,

1117 1830 1212 1866 quae
1263 1818 1365 1866 equis
1406 1817 1605 1864 vehantur,
1653 1828 1776 1852 arcum

1117 1878 1273 1911 tractent
1305 1878 1542 1923 pugnentque
1563 1885 1643 1910 cum
1661 1872 1777 1908 hosti-

1115 1930 1183 1967 bus
1230 1942 1425 1976 enarrans,
1477 1929 1567 1966 haec
1610 1928 1775 1964 subiicit:

1116 1980 1190 2024 οὐκ
1219 1980 1622 2036 ἀποπαρθενεύονται
1649 1981 1691 2022 δὲ
1712 1981 1776 2034 μέ-

1115 2056 1199 2092 χρις
1223 2038 1274 2080 (ἲν
1301 2044 1398 2080 τῶν
1417 2041 1616 2092 πολεμίων
1640 2043 1776 2091 τρεῖς

1116 2094 1378 2137 ἀποκτείνωσι
1397 2127 1406 2145 ,
1437 2098 1500 2135 ubi
1527 2098 1665 2134 Coraes
1695 2095 1774 2132 An-

1114 2159 1206 2191 nott.
1230 2168 1266 2205 p.
1288 2157 1370 2196 262
1401 2154 1465 2202 (T.
1483 2154 1558 2202 ll),
1588 2165 1659 2202 quo
1678 2152 1774 2202 Hip-

1114 2216 1300 2261 pocratem
1329 2223 1408 2247 cum
1429 2210 1623 2247 Herodoto
1655 2207 1774 2245 conci-

1113 2267 1200 2312 liat,
1238 2267 1401 2303 coniicit:
1446 2264 1576 2316 μέχρις
1604 2260 1664 2302 ἂν
1690 2260 1774 2301 ἅν-

1115 2323 1208 2373 δρα
1251 2323 1449 2372 πολεμίων
1496 2318 1775 2366 ἀποκτείνωσι,

1114 2379 1289 2428 simulque
1308 2379 1512 2415 Diodorum
1532 2377 1604 2414 Sic.
1623 2376 1685 2423 Ill,
1707 2377 1772 2417 52.

1114 2436 1167 2475 53
1207 2436 1337 2473 excitat
1370 2435 1417 2472 de
1448 2432 1694 2470 Amazonibus
1724 2433 1773 2468 si-

1112 2491 1196 2529 mile
1222 2492 1307 2539 quid
1337 2495 1579 2527 enarrantem.
1639 2487 1772 2536 Neque

1112 2559 1261 2598 prorsus
1283 2546 1399 2583 aliena
1418 2550 1501 2581 sunt
1514 2574 1524 2592 ‚
1556 2556 1652 2594 quae
1671 2544 1772 2594 apud

1112 2605 1232 2654 ipsum
1266 2602 1494 2639 Herodotum
1520 2601 1589 2648 lv,
1620 2602 1686 2640 64.
1717 2602 1771 2640 66

1111 2659 1308 2697 memoriae
1339 2658 1555 2708 produntur.
1613 2656 1770 2705 Propius

1111 2714 1180 2752 huc
1202 2718 1380 2764 spectant,
1412 2726 1507 2762 quae
1530 2712 1628 2750 Mela
1646 2712 1686 2757 1,
1719 2713 1770 2751 19

1113 2770 1149 2821 ἓ.
1175 2772 1253 2811 130
1281 2782 1357 2819 seq.
1389 2771 1502 2806 tradit
1529 2769 1575 2806 de
1591 2767 1770 2804 Ixamatis

1112 2827 1261 2872 eadem,
1302 2838 1397 2875 quae
1434 2826 1678 2876 Hippocrates
1721 2823 1768 2859 de

1114 2882 1317 2931 Sarmatis,
1353 2882 1412 2920 ubi
1440 2882 1530 2920 haec
1553 2893 1699 2931 quoque
1716 2878 1769 2916 le-

1900 2051 1904 2131 ³
