1904 3304
477 225 1155 270 MELPOMENE.1V.

191 338 531 394 ἀποκλινομένης
572 339 618 383 δὲ
657 342 734 394 τῆς
773 337 932 395 ἡμέρης
959 338 1131 380 ὑπίεται
1159 336 1242 378 τοῦ
1267 336 1509 390 ψυχροῦ,65

1371 228 1453 267 601

191 414 235 463 ἐς
265 406 319 454 οὗ
347 410 495 453 δύεταί
524 426 567 452 τε
598 409 620 452 ὁ
651 408 796 465 ἥλιος,
827 409 900 453 καὶ
923 407 972 451 τὸ
1003 407 1124 460 ὕδωρ
1150 408 1314 461 γίνεται
1339 409 1456 460 χλια-

189 481 292 536 ρόν·

187 551 346 602 νύκτας
395 549 563 600 πελάζει
574 564 585 575 ·

355 480 424 524 ἐπὶ
469 479 514 523 δὲ
550 483 715 535 μᾶλλον
754 480 824 523 ἰὸν
864 480 906 530 ἐς
943 481 992 522 τὸ
1030 476 1198 533 θερμὸν
1237 477 1279 527 ἐς
1316 475 1449 532 μέσας

653 555 888 608 τηνικαῦτα
940 550 986 594 δὲ
1040 548 1120 602 ζέει
1171 546 1447 603 ἀμβολάδην·

159 622 475 678 6παρέρχονταί
503 637 547 665 τε
577 621 702 677 μέσαι
731 621 905 672 νύκτες,
946 621 1018 664 καὶ
1048 618 1228 675 ψύχεται
1257 617 1377 674 μέχρι
1407 618 1451 667 ἐς

185 691 260 749 ἠῶ.
322 693 542 751 ἐπίκλησιν
583 694 629 736 δὲ
670 691 834 748 αὕτηὴ
876 691 1014 748 κρήνη
1053 691 1246 733 καλέεται
1281 690 1447 732 Ἱίλίου.

42 768 140 815 182
188 763 314 806 Μεττὶ
344 763 388 806 δὲ
415 762 703 819 Ἀμμωνίους,
742 763 813 807 διὰ
841 767 916 818 τῆς
945 760 1117 818 ὀφρύης
1146 765 1222 816 τῆς
1250 758 1445 816 ψάμμου,

189 833 251 877 δι’
289 833 453 877 ἀλλέων
494 835 598 877 δέκα
637 833 830 890 ἡμερέων
870 833 999 884 ὁδοῦ,
1038 832 1232 882 κολωνός
1268 847 1312 874 τε
1343 829 1447 882 ἁλός

187 905 277 948 ἐστι
318 904 469 960 ὁμοῖος
497 909 557 961 τῷ
586 905 837 961 Ἀμμωνίῳ,
885 904 957 946 καὶ
987 902 1131 956 ὕδωρ,
1171 903 1245 945 καὶ
1274 901 1448 956 ἄνθρω-

186 992 262 1019 ποι
297 977 396 1029 περὶ
426 975 561 1019 αὐτόν
592 976 806 1019 οἰκέουσι·

187 1096 502 1151 ἀποκλινομένης
532 1096 574 1138 δὲ
602 1101 674 1150 τῆς
693 1096 788 1150 ἦμέ-

132 1155 219 1209 ρης]
255 1158 278 1194 i.
312 1170 342 1194 e.
376 1157 431 1193 ‹lz'e
460 1156 508 1192 acl
537 1170 717 1201 occasum,
759 1169 787 1193 s,

131 1226 303 1262 vesperam
320 1214 532 1258 declinante,
551 1217 589 1249 ut
607 1213 668 1258 ΙΙΙ,
697 1211 789 1252 104.

131 1271 185 1307 Ae
218 1270 270 1307 sol
306 1270 341 1307 in
378 1282 557 1318 vesperam
595 1269 791 1305 inclinatus

132 1326 241 1374 vulgo
271 1327 400 1362 dicitur
436 1326 605 1371 κλίνειν,
648 1330 687 1361 ut
715 1338 793 1361 mo-

131 1384 210 1419 nuit
244 1382 415 1419 Valcken.
456 1382 569 1419 citans
605 1381 788 1420 Wetsteu.

132 1439 180 1476 ad
202 1438 288 1475 Luc.
312 1439 376 1485 IX,
410 1440 470 1478 12.

189 1503 345 1543 ’ὑπίεται
367 1507 440 1544 τοῦ
461 1505 635 1556 ψυχροῦ]
667 1517 716 1542 sc.
744 1501 789 1544 τό

130 1557 265 1611 immo:
294 1564 441 1597 remittit
459 1575 553 1611 aqua
577 1563 618 1598 (le
639 1575 700 1596 suo
710 1560 787 1610 sri—

129 1630 231 1666 gore,
268 1630 295 1653 s.
310 1618 489 1667 paulatim
507 1618 537 1668 s
534 1621 634 1666 rigas
658 1619 787 1654 minui-

129 1678 199 1710 tur.
244 1673 361 1710 Usum
385 1675 485 1711 verbi
505 1673 701 1723 ὖφίεσθαι
729 1678 786 1711 at-

128 1730 214 1778 tigit
248 1729 423 1771 Valcken.
464 1732 510 1767 ad
545 1731 636 1775 VH,
684 1732 786 1776 1623

130 1786 234 1836 plura
267 1787 369 1823 dabit
398 1787 657 1834 U‘yttenbach.
697 1786 788 1822 Ani-

131 1843 327 1879 madverss.
351 1843 398 1879 ad
420 1843 598 1880 Plutarch.
622 1843 751 1879 Moral.
770 1843 787 1879 I

131 1912 168 1948 p.
188 1897 282 1938 451.
312 1898 361 1935 Et
380 1900 472 1936 conf.
485 1899 623 1936 Herod.
646 1899 673 1944 I,
694 1899 786 1939 156.

132 1954 204 2000 111,
233 1954 296 1994 52.
319 1976 375 1981 -—
414 1954 457 1991 In
487 1968 590 2004 seqq.
621 1969 700 1992 cum
730 1968 788 1992 re-

133 2014 245 2048 centt.
272 2011 355 2048 edd.
379 2011 464 2047 dedi
485 2009 523 2055 ἐς
548 2005 619 2057 οὗ,
657 2023 724 2060 pro
749 2009 788 2056 ἐς

132 2062 175 2113 ὅ,
205 2072 245 2103 ut
268 2080 375 2116 supra
393 2067 456 2113 IV,
476 2069 567 2107 160.
598 2066 658 2102 Ad
680 2067 789 2104 verba

62 2162 64 2167 f
132 2121 196 2161 ἐπὶ
232 2120 273 2160 δὲ
309 2125 457 2173 μᾶλλον
490 2123 584 2161 conf.
616 2128 707 2160 nott.
741 2123 789 2159 ad

130 2179 194 2226 111,
217 2177 310 2219 104.

190 2253 437 2308 ἀμβολάδην]
483 2256 555 2294 Pro
590 2251 790 2307 (ἷναβολά-

134 2315 209 2364 δην
221 2314 496 2361 (exaestuamlo)
518 2328 538 2351 a
561 2314 673 2351 verbo
696 2309 789 2351 ἅνα-

135 2366 294 2422 βάλλειν
323 2372 381 2418 (in
411 2371 523 2406 altum
552 2372 691 2415 eiicere)
723 2369 790 2406 hoc

135 2428 204 2464 dici
236 2433 341 2464 notat
376 2426 580 2475 Schweigh.
622 2426 659 2462 in
697 2425 788 2462 Lex.

135 2483 275 2519 Herod.
310 2497 339 2521 s.
362 2497 416 2529 v.,
448 2488 488 2520 ut
512 2483 609 2532 apud
638 2482 789 2518 Homer.

137 2538 176 2574 ll.
197 2539 296 2585 XXI,
313 2538 406 2580 364.
463 2538 595 2575 Glossa
619 2538 792 2574 Herodo-

137 2598 199 2631 tea
232 2596 380 2644 exponit
412 2590 512 2633 καθ’
549 2590 790 2643 ὖπερβολήν,

138 2663 205 2686 nec
225 2650 326 2687 aliter
343 2652 475 2688 Suidas
501 2651 517 2688 I
549 2665 584 2701 p.
608 2653 686 2691 136
709 2649 790 2686 coll.

138 2706 305 2742 Eustath.
326 2707 374 2743 ad
398 2707 437 2743 Il.
466 2721 503 2756 p.
528 2707 655 2752 1241,
682 2706 735 2746 40
756 2710 792 2743 ct

142 2763 268 2807 1331,
305 2765 376 2807 12²,
412 2764 507 2800 unde
527 2763 642 2800 Zeun.
661 2762 708 2798 ad
728 2762 791 2798 Vi-

141 2830 217 2866 ger.
234 2830 269 2867 p.
292 2819 373 2858 372
400 2818 655 2868 interpretatur
674 2818 789 2864 valde,

140 2886 276 2922 magna
303 2875 361 2922 vi,
395 2878 435 2910 ut
455 2869 671 2926 ἆμβολαδίς
692 2875 790 2926 apud

866 977 928 1033 τῷ
958 974 1003 1018 δὲ
1031 973 1158 1031 χώρῳ
1190 972 1333 1032 τούτῳ
1366 973 1446 1016 οὔ·-

845 1098 1053 1136 Callimach.
1070 1098 1105 1134 in
1115 1097 1222 1135 Dian.
1242 1098 1306 1136 61.
1333 1094 1394 1132 Cr.
1414 1106 1501 1132 con-

846 1157 916 1192 sert
943 1154 1120 1191 Matthiae
1151 1152 1418 1189 Animadverss.
1461 1151 1502 1187 in

847 1212 983 1259 Hymn.
1014 1211 1165 1247 Homer.
1196 1222 1279 1259 pag.
1304 1210 1396 1249 286.
1453 1206 1504 1243 At

849 1269 948 1317 apud
968 1266 1114 1302 Pindar.
1136 1265 1243 1303 Nem.
1263 1266 1318 1310 X,
1342 1267 1395 1304 62
1423 1257 1504 1313 α’μ-

851 1318 1028 1375 βολάδαν
1049 1322 1195 1359 Dissen.
1226 1326 1321 1358 recte
1340 1319 1508 1370 exposuit

841 1378 1102 1430 praeludendo,
1145 1379 1190 1415 ab
1225 1373 1381 1430 α’μβολή
1401 1388 1507 1424 prae-

847 1436 992 1473 ludium.
1025 1434 1078 1471 Ac
1101 1434 1261 1483 denique
1281 1435 1326 1470 de
1344 1433 1424 1481 ipsa
1440 1432 1508 1468 ad-

845 1493 959 1530 verbii
993 1493 1109 1528 forma
1145 1491 1239 1527 conf.
1269 1490 1431 1526 Fischer.
1458 1487 1507 1524 ad

845 1548 991 1585 Weller.
1010 1548 1024 1584 l
1042 1560 1126 1597 pag.
1148 1545 1240 1585 305.
1261 1567 1315 1573 -—
1336 1545 1378 1581 In
1398 1556 1504 1592 seqq.

845 1603 1051 1654 ἐπίκλησιν
1069 1616 1141 1639 non
1157 1603 1261 1638 aliter
1283 1606 1392 1649 atque
1414 1597 1504 1638 ὅνο-

844 1676 898 1711 μα
945 1660 1100 1696 vocandi
1153 1658 1272 1696 verbis
1322 1657 1502 1695 additum.

844 1717 950 1755 Conf.
970 1715 1105 1754 Matth.
1126 1713 1162 1765 ἓ.
1183 1714 1264 1755 420
1281 1713 1317 1750 b.

985 1795 1097 1845 Cap.
1128 1791 1350 1831 CLXXXII.

902 1856 957 1902 δι’
987 1858 1138 1900 ἀλλέων
1174 1859 1268 1900 δέκα
1304 1856 1500 1911 ἡμερέων]

843 1918 901 1957 Ab
924 1919 1124 1955 Ammoniis
1145 1931 1173 1954 s.
1192 1917 1314 1954 Siwah
1331 1917 1503 1966 profectis

844 1989 940 2012 nunc
959 1974 1131 2011 tredecim
1156 1974 1234 2011 dies
1254 1973 1416 2010 consumi
1437 1984 1504 2007 no-

845 2036 925 2068 tant
955 2031 1024 2067 hoc
1046 2030 1081 2066 in
1108 2031 1199 2075 iter,
1240 2029 1340 2077 quod
1359 2028 1505 2065 Horne-

845 2099 1019 2132 mannus,
1069 2086 1358 2135 expeditissimus
1396 2097 1504 2133 pere-

846 2143 1021 2193 grinator,
1046 2155 1162 2178 novem
1187 2141 1341 2178 absolvit
1361 2140 1502 2185 diebus,

846 2212 924 2237 cuin
956 2199 1105 2246 triginta
1133 2211 1196 2235 sex
1226 2198 1393 2234 dicantur
1423 2209 1503 2233 esse

846 2255 1009 2292 milliaria
1042 2254 1298 2304 geographica.
1358 2251 1502 2289 Arabes

847 2313 1039 2361 scriptores
1068 2312 1222 2348 eandem
1248 2314 1360 2358 atque
1382 2309 1504 2345 Hero-

847 2369 955 2405 dotus
989 2367 1102 2403 decem
1135 2368 1273 2403 dierum
1298 2377 1503 2403 mensuram

846 2425 1030 2471 indicant,
1061 2435 1104 2460 ex
1129 2422 1236 2471 vulgo
1265 2426 1436 2472 recepta,
1466 2424 1507 2456 ut

846 2481 1013 2526 videtur,
1051 2480 1253 2526 sententia,
1285 2490 1358 2528 qua
1373 2478 1507 2514 decen-

847 2536 921 2574 nali
944 2549 1096 2573 numero
1119 2535 1206 2572 talia
1228 2535 1428 2571 constituta
1450 2546 1507 2569 es-

849 2596 940 2630 sent.
981 2593 1039 2628 Cf.
1066 2592 1223 2629 Heeren.
1262 2591 1374 2627 Ideen
1397 2589 1454 2633 Π,
1483 2591 1503 2627 1

847 2663 885 2700 p.
905 2651 998 2689 222.
1030 2648 1160 2685 Ritter.
1180 2647 1297 2683 Erdk.
1318 2645 1386 2695 Ip.
1411 2645 1504 2685 895.

849 2705 961 2748 Quod
997 2705 1169 2741 continuo
1205 2705 1504 2739 commemoratur

847 2761 931 2797 salis
957 2760 1078 2806 collis,
1111 2759 1248 2797 faciunt
1280 2758 1371 2803 huc,
1410 2769 1505 2805 quae

847 2818 896 2853 ad
918 2816 982 2863 lV,
1012 2818 1091 2856 181
1116 2815 1322 2853 notavimus
1342 2827 1362 2852 e
1382 2811 1505 2850 Minu-

846 2872 921 2911 tolii
938 2873 1075 2911 Diario.

1521 794 1691 863 pssllnjiseta.

1570 843 1581 857 ρ

1458 764 1503 799 70
1527 759 1634 793 Augila
1643 781 1652 794 ‚
1670 758 1755 827 regg}
