1904 3304
176 392 241 411 rum
260 383 387 411 eonlinio

142 425 224 445 mons
247 418 327 444 Atlas·
336 439 344 452 ‚
371 425 420 446 co-

142 453 242 480 lumna
260 454 346 481 caeli.

476 274 561 313 606

473 378 745 435 Ἀτάραντες·

876 272 1354 313 HERODOTI

808 382 851 424 οἱ
897 380 1120 436 ἀνώνυμοί
1168 382 1249 424 εἰσι
1289 387 1446 437 μοῦνοι
1485 384 1736 437 ἀνθρώπων

445 455 564 494 Ξτών
594 450 714 506 ἡμεῖς
744 455 881 509 ἴδμεν.
939 451 1058 495 ἁλέσι
1088 452 1166 508 μὲν
1198 451 1282 507 γάρ
1315 456 1393 509 σφί
1421 455 1509 498 ἐστι
1533 454 1736 510 Ἀτάραν-

471 538 539 571 τες
584 521 777 578 οὔνομα,
823 524 886 567 ἑνὶ
930 524 975 566 δὲ
1017 522 1181 579 ἑκάστῳ
1221 522 1367 566 αὐτῶν
1405 523 1574 580 οὔνομα
1605 526 1735 569 οὐδὲν

442 592 626 636 3κέεται.
685 588 806 638 οὗτοι
844 597 905 650 τῷ
944 593 1052 650 ἡλίῳ
1086 593 1401 650 ὑπερβάλλοντι
1429 597 1734 652 καταρέωνται,

561 773 669 823 Cap.
700 772 933 810 CLXXXIV.

473 824 731 882 Ἀτάραντες]
801 830 938 867 Omnes
1000 828 1081 866 libri

405 883 640 932 ’'Artamg,
676 887 773 935 quod
799 899 876 922 cum
898 891 995 923 stare
1018 899 1082 923 ne-

418 947 542 993 queat,
573 943 725 980 Salmas.
749 943 785 978 in
805 942 916 979 Solin.
941 956 975 991 p.
997 945 1080 983 292

420 1000 630 1038 emendavit
651 995 882 1049 Ἀτάραντες
900 1000 1030 1035 Rhiaui
1061 1012 1080 1036 e

420 1057 542 1093 verbis
564 1057 663 1105 apud
682 1055 849 1091 Eustath.
872 1057 906 1091 in
928 1055 1079 1105 Dionys

421 1112 567 1160 Perieg.
609 1114 660 1151 66
712 1112 790 1148 coll.
838 1112 1000 1148 Stobaeo
1034 1113 1080 1149 T.

421 1169 544 1206 XMV
573 1181 608 1217 p.
635 1171 714 1208 293
757 1167 804 1204 T.
830 1167 862 1202 11
888 1180 974 1217 pag.
998 1170 1080 1208 226

423 1238 502 1273 seq.
541 1224 658 1260 Guiss.
688 1228 725 1260 et
755 1223 868 1262 Orell.
894 1223 1081 1274 Snpplem.

420 1285 512 1318 nott.
542 1281 579 1316 in
610 1279 729 1317 Nicol.
748 1279 966 1317 Damascen.
996 1293 1081 1330 pag.

419 1338 501 1382 783
558 1349 654 1385 quae
686 1336 893 1373 emendatio
929 1349 1008 1373 cum
1043 1340 1081 1373 et

419 1392 685 1430 Valckenaerio
718 1397 755 1429 et
781 1391 859 1428 aliis
887 1393 972 1429 satis
994 1405 1081 1442 pro-

419 1450 507 1487 bata
524 1453 632 1493 esset,
651 1462 718 1485 nos
735 1462 814 1485 eum
834 1449 917 1485 edd.
930 1452 1081 1486 recentt.

420 1518 501 1543 eam
531 1507 742 1554 recepimus.
788 1504 950 1541 Eosdem
971 1510 1081 1553 atque

416 1562 706 1599 Hanunanientes
732 1562 833 1611 apud
854 1561 945 1598 Plin.
966 1561 1015 1597 H.
1035 1560 1081 1597 Ν.

414 1619 463 1665 V,
485 1619 510 1659 5
534 1631 615 1656 esse
635 1619 738 1668 ponit
756 1618 910 1655 Rennel.
927 1631 964 1667 p.
986 1619 1080 1658 (572.

417 1674 466 1712 At
501 1675 685 1725 pertinent
714 1675 834 1725 potius
861 1674 953 1720 huc,
986 1686 1081 1722 quae

420 1733 468 1768 de
494 1731 702 1768 Atlantz'bus
729 1731 826 1767 idem
850 1730 1007 1775 Plinius,
1038 1741 1082 1766 ex

419 1787 637 1834 Herodoto,
661 1787 809 1837 opinor,
839 1790 1005 1831 enarrat,
1033 1786 1082 1822 H.

419 1842 470 1880 N.
505 1844 561 1889 V,
593 1845 617 1882 8
645 1843 724 1879 coll.
753 1843 839 1880 Mel.
862 1844 900 1890 Ι,
930 1844 955 1882 8
985 1842 1023 1892 ἓ.
1043 1841 1083 1888 5,

421 1900 483 1936 ubi
531 1900 603 1936 vid.
645 1899 862 1936 Tzsehucke
909 1900 946 1935 in
990 1904 1082 1935 nott.

422 1968 551 2004 exegg.
585 1955 665 1992 Vol.
694 1955 742 1991 lll
771 1956 810 1992 Ρ.
848 1955 969 2004 lpag.
988 1954 1083 1994 224.

421 2011 519 2049 Add.
534 2011 746 2059 Castiglioni
760 2011 948 2057 (Me'moir.
958 2023 1085 2059 geogr.

423 2072 463 2105 et
491 2069 657 2105 numism.
681 2081 742 2104 sur
761 2068 781 2103 1.
801 2072 895 2118 part.
919 2068 1083 2104 oriental.

423 2125 472 2161 de
524 2124 558 2160 la
609 2124 759 2160 Barbar.
812 2126 918 2164 1896
967 2123 1084 2169 Paris,

423 2193 532 2229 quem
561 2179 688 2216 librum
714 2181 878 2216 novimus
908 2192 951 2217 ex
968 2179 1083 2215 Iahnii

423 2236 567 2273 Annall.
596 2236 680 2273 Vlll
712 2250 740 2273 s.
767 2237 837 2282 111,
865 2239 891 2276 2
923 2250 958 2286 p.
979 2237 1082 2284 282)

425 2293 489 2342 qui
512 2292 678 2330 Atlantes
709 2298 744 2330 et
774 2292 971 2330 Atarantes
1000 2304 1083 2329 eos-

423 2350 508 2385 dem
540 2362 621 2386 csse
642 2350 849 2395 contendit,
880 2362 1007 2386 vocum
1027 2349 1085 2385 di-

421 2406 596 2442 versitate
637 2410 715 2441 orta
752 2418 795 2441 ex
820 2406 970 2443 diverso
996 2418 1083 2455 pro-

418 2461 610 2497 nuntiandi
622 2462 742 2497 modo.
759 2461 942 2498 Heerenio
955 2462 1084 2509 (Ideen

419 2518 474 2563 ll,
508 2520 529 2557 1
562 2531 597 2568 p.
617 2519 717 2563 239)
748 2516 964 2554 Atarantum
993 2530 1083 2565 gens

419 2574 563 2610 videtur
606 2573 816 2609 collocanda
855 2574 891 2610 in
932 2575 1085 2622 regione

420 2642 538 2680 prope
557 2629 726 2678 Tegerry
739 2657 750 2673 ‚
776 2642 871 2677 quae
890 2634 945 2667 est
962 2634 1084 2667 extre-

425 2698 485 2722 ma
507 2686 591 2721 urbs
611 2691 728 2722 terrae
739 2685 886 2721 Fezzan
907 2687 973 2722 sub
995 2685 1085 2733 24⁰,

424 2736 463 2780 4'
502 2741 642 2778 latitud.
689 2741 847 2789 horeat,
895 2742 975 2788 ubi,
1021 2742 1084 2791 qui

427 2797 572 2834 deserta
599 2801 829 2847 permeantes
859 2810 881 2834 a
900 2798 1024 2834 Bornu
1053 2811 1082 2834 s.

426 2865 450 2890 a
477 2854 605 2890 Sudan
636 2854 874 2900 advenerint,
921 2855 1083 2903 quietem

428 2921 471 2946 ac
495 2910 755 2948 recreationem
779 2910 920 2948 soleant
937 2923 1082 2962 capere.

1137 772 1222 823 Ipsa
1246 773 1348 821 regio
1380 785 1509 822 parum
1539 773 1634 810 culta
1653 770 1793 821 dicitur,

1138 842 1232 878 aqua
1254 830 1327 866 sale
1347 835 1525 879 corrupta.
1558 830 1666 873 Quod
1683 832 1795 867 inter-

1137 885 1269 921 vallum
1300 890 1357 922 est
1385 898 1407 921 a
1435 886 1541 922 Zuila
1569 886 1676 932 urbe,
1714 899 1742 922 s.
1771 898 1794 922 a

1140 943 1402 978 Garamantum
1428 943 1600 990 regione,
1639 942 1676 978 id
1702 942 1796 979 bene

1137 1003 1218 1034 octo
1250 999 1376 1035 diebus
1401 1000 1527 1035 contici
1559 1011 1670 1049 posse
1697 998 1796 1036 idem

1137 1055 1307 1091 observat
1326 1055 1484 1092 lleeren.

1196 1111 1235 1148 οἳ
1261 1106 1468 1160 ἆνώνυμοί
1497 1109 1572 1149 εἶσι
1595 1112 1740 1161 μοῦνοι
1758 1124 1795 1148 κ.

1138 1181 1172 1204 τ.
1196 1164 1253 1216 λ.]
1284 1167 1421 1203 Eadem
1445 1166 1579 1202 Plinius
1610 1167 1630 1202 l.
1653 1168 1675 1204 l.
1697 1166 1797 1203 Mela

1138 1222 1168 1269 l,
1198 1226 1236 1267 8,
1268 1222 1334 1261 43.
1372 1222 1584 1258 Eustathius
1604 1222 1624 1258 1.
1642 1223 1662 1259 l.
1695 1222 1797 1269 (coll.

1138 1279 1186 1315 ad
1213 1279 1348 1325 Od)ss.
1375 1273 1417 1316 θ’
1448 1291 1484 1327 p.
1511 1280 1618 1319 1609
1644 1291 1673 1315 S.
1700 1280 1798 1324 327,

1138 1334 1211 1383 41)
1243 1335 1422 1371 Stobaeus
1443 1334 1503 1371 l.l.
1534 1334 1676 1372 Eadem
1699 1335 1799 1385 apud

1138 1390 1275 1427 incolas
1308 1391 1468 1439 regionis
1498 1391 1624 1428 Bornu
1657 1391 1725 1428 hoc
1760 1392 1800 1427 in

1139 1452 1257 1484 tractu
1282 1447 1461 1483 interioris
1485 1447 1630 1484 Africae
1654 1447 1800 1484 obtine-

1138 1517 1178 1540 re
1200 1504 1336 1550 scribit,
1357 1507 1453 1540 teste
1471 1503 1630 1540 Heeren.
1651 1503 1696 1550 ll,
1716 1506 1738 1544 1
1760 1516 1799 1553 p.

1139 1559 1221 1601 240
1253 1572 1351 1608 seq.5
1382 1559 1460 1596 Leo
1493 1559 1682 1596 Africanus
1716 1571 1798 1597 eam

1138 1616 1330 1652 subiiciens
1347 1628 1489 1652 causam
1505 1644 1517 1660 ‚
1548 1617 1645 1664 quod
1666 1615 1798 1664 singuli

1139 1685 1161 1709 a
1184 1684 1249 1708 sua
1276 1672 1410 1720 quique
1434 1670 1554 1708 indole
1576 1684 1606 1708 v.
1627 1684 1657 1708 c.
1678 1683 1700 1708 a
1718 1671 1798 1707 lon-

1138 1728 1328 1776 gitudine,
1384 1727 1646 1775 crassitudine,
1703 1727 1798 1774 aliis,

1138 1785 1354 1832 cognomina
1390 1783 1587 1821 inveniant.
1654 1783 1797 1826 Quibus

1139 1841 1244 1877 addit
1272 1840 1313 1877 L.
1346 1840 1490 1876 Marcus
1521 1840 1589 1886 (ad
1609 1839 1715 1875 Plinii
1738 1839 1798 1875 lo-

1140 1897 1240 1944 cum)
1263 1896 1414 1933 similem
1434 1908 1582 1942 moreni,
1605 1900 1700 1933 teste
1715 1895 1798 1933 Salt

1139 1952 1260 2000 Anglo
1302 1953 1600 2002 peregrinatore,
1645 1951 1799 1988 inveniri

1140 2009 1240 2058 apud
1262 2010 1443 2057 quasdam
1461 2008 1657 2056 Nigrorum
1684 2008 1797 2044 tribus

1141 2065 1187 2102 ab
1212 2066 1401 2102 occidente
1418 2069 1454 2102 et
1476 2065 1625 2102 meridie
1647 2064 1800 2112 Abyssi-

1140 2122 1222 2158 niae
1250 2121 1473 2166 habitantes3
1512 2122 1673 2170 itemque
1697 2121 1798 2170 apud

1140 2178 1317 2227 quasdam
1347 2181 1474 2226 gentes
1497 2176 1634 2215 insulae
1653 2177 1800 2227 Tapro-

1141 2235 1252 2271 hanes
1293 2237 1332 2271 et
1372 2234 1420 2270 ad
1460 2234 1600 2283 Gangis
1643 2233 1799 2282 Indique

1139 2291 1249 2341 ripas,

1196 2340 1308 2384 οὗτοι
1328 2346 1385 2400 τῷ
1397 2342 1496 2395 ἡλίῳ
1510 2339 1798 2395 ὑπερβάλλοντι

1139 2401 1428 2453 καταρέωνται]
1459 2403 1469 2438 i
1486 2415 1516 2438 e.
1539 2401 1652 2438 Solem
1671 2401 1800 2449 capiti-

1141 2461 1204 2496 bus
1243 2462 1396 2509 ipsorum
1435 2459 1660 2494 inminentem
1702 2469 1799 2492 exse-

1141 2520 1301 2555 crantur.
1342 2515 1394 2551 lta
1412 2513 1613 2561 Schweigli.
1649 2512 1697 2549 At
1719 2525 1800 2548 mo-

1141 2578 1252 2610 nente
1273 2571 1424 2608 Salmas.
1451 2570 1498 2606 ad
1516 2569 1630 2605 solin.
1658 2582 1694 2619 p.
1717 2570 1801 2609 292

1141 2629 1310 2677 ambigue
1330 2627 1418 2664 haec
1437 2625 1706 2674 quodammodo
1717 2627 1801 2660 sunt

1141 2686 1251 2731 dicta,
1272 2696 1350 2720 cum
1372 2681 1425 2718 sol
1448 2694 1558 2732 supra
1573 2681 1803 2731 hemisphae-

1139 2742 1231 2778 rium
1267 2752 1305 2776 se
1336 2752 1507 2776 exserens
1537 2743 1575 2775 et
1604 2738 1800 2774 ostendens

1139 2793 1397 2847 ὑπερβάλλων
1443 2795 1512 2831 dici
1556 2797 1687 2843 queat,
1731 2805 1798 2830 nec

1139 2854 1279 2898 minus,
1310 2851 1457 2900 quando
1488 2863 1597 2901 super
1616 2851 1713 2899 ipsos
1732 2848 1800 2885 ho-

1138 2910 1253 2949 mines
1290 2909 1419 2947 transit
1455 2912 1494 2946 et
1522 2919 1664 2945 cursum
1694 2916 1799 2942 suum
