<?xml version="1.0" encoding="UTF-8"?>
<!DOCTYPE html PUBLIC "-//W3C//DTD XHTML 1.0 Transitional//EN"
    "http://www.w3.org/TR/xhtml1/DTD/xhtml1-transitional.dtd">
<html xmlns="http://www.w3.org/1999/xhtml" xml:lang="en" lang="en">
 <head>
  <title>
</title>
<meta http-equiv="Content-Type" content="text/html;charset=utf-8" />
  <meta name='ocr-system' content='tesseract 3.04.00' />
  <meta name='ocr-capabilities' content='ocr_page ocr_carea ocr_par ocr_line ocrx_word'/>
</head>
<body>
  <div class='ocr_page' id='page_1' title='image "./musaeherodoto02hero/musaeherodoto02hero_0324.png"; bbox 0 0 1904 3304; ppageno 0'>
   <div class='ocr_carea' id='block_1_1' title="bbox 381 211 466 252">
    <p class='ocr_par' dir='ltr' id='par_1_1' title="bbox 381 211 466 252">
     <span class='ocr_line' id='line_1_1' title="bbox 381 211 466 252; baseline 0 0"><span class='ocrx_word' id='word_1_1' title='bbox 381 211 466 252; x_wconf 81' lang='lat'>316</span> 
     </span>
    </p>
   </div>
   <div class='ocr_carea' id='block_1_2' title="bbox 775 206 1243 246">
    <p class='ocr_par' dir='ltr' id='par_1_2' title="bbox 775 206 1243 246">
     <span class='ocr_line' id='line_1_2' title="bbox 775 206 1243 246; baseline -0.002 0"><span class='ocrx_word' id='word_1_2' title='bbox 775 206 1243 246; x_wconf 90' lang='lat' dir='ltr'>HERODOTI</span> 
     </span>
    </p>
   </div>
   <div class='ocr_carea' id='block_1_3' title="bbox 49 312 1650 376">
    <p class='ocr_par' dir='ltr' id='par_1_3' title="bbox 49 312 1650 376">
     <span class='ocr_line' id='line_1_3' title="bbox 49 312 1650 376; baseline -0.002 -15"><span class='ocrx_word' id='word_1_3' title='bbox 49 334 140 361; x_wconf 67' lang='lat' dir='ltr'>surra</span> <span class='ocrx_word' id='word_1_4' title='bbox 157 324 260 352; x_wconf 67' lang='lat' dir='ltr'>hosad</span> <span class='ocrx_word' id='word_1_5' title='bbox 276 325 328 352; x_wconf 77' lang='lat' dir='ltr'>b0·</span> <span class='ocrx_word' id='word_1_6' title='bbox 382 325 437 364; x_wconf 83' lang='grc' dir='ltr'>θε</span> <span class='ocrx_word' id='word_1_7' title='bbox 455 319 566 375; x_wconf 82' lang='grc' dir='ltr'><em>πρὸς</em></span> <span class='ocrx_word' id='word_1_8' title='bbox 587 323 747 376; x_wconf 83' lang='grc' dir='ltr'><em>βορῆν,</em></span> <span class='ocrx_word' id='word_1_9' title='bbox 780 318 869 362; x_wconf 76' lang='grc' dir='ltr'><em>ἔστι</em></span> <span class='ocrx_word' id='word_1_10' title='bbox 886 314 1034 372; x_wconf 79' lang='grc' dir='ltr'><em>πρώτη</em></span> <span class='ocrx_word' id='word_1_11' title='bbox 1052 316 1131 371; x_wconf 75' lang='grc' dir='ltr'><em>μὲν</em></span> <span class='ocrx_word' id='word_1_12' title='bbox 1151 315 1333 372; x_wconf 77' lang='grc' dir='ltr'><em>ἐρῆμος,</em></span> <span class='ocrx_word' id='word_1_13' title='bbox 1365 313 1432 358; x_wconf 79' lang='grc' dir='ltr'>ἐπ’</span> <span class='ocrx_word' id='word_1_14' title='bbox 1455 312 1650 371; x_wconf 80' lang='grc' dir='ltr'><em>ἡμερέων</em></span> 
     </span>
    </p>
   </div>
   <div class='ocr_carea' id='block_1_4' title="bbox 49 359 326 391">
    <p class='ocr_par' dir='ltr' id='par_1_4' title="bbox 49 359 326 391">
     <span class='ocr_line' id='line_1_4' title="bbox 49 359 326 391; baseline -0.004 -5"><span class='ocrx_word' id='word_1_15' title='bbox 49 368 133 387; x_wconf 81' lang='lat' dir='ltr'>ream</span> <span class='ocrx_word' id='word_1_16' title='bbox 143 380 151 391; x_wconf 88' lang='grc'>.,</span> <span class='ocrx_word' id='word_1_17' title='bbox 197 359 326 386; x_wconf 80' lang='lat' dir='ltr'>solitudo</span> 
     </span>
    </p>
   </div>
   <div class='ocr_carea' id='block_1_5' title="bbox 47 392 324 421">
    <p class='ocr_par' dir='ltr' id='par_1_5' title="bbox 47 392 324 421">
     <span class='ocr_line' id='line_1_5' title="bbox 47 392 324 421; baseline -0.004 -1"><span class='ocrx_word' id='word_1_18' title='bbox 47 394 166 421; x_wconf 84' lang='lat' dir='ltr'>itineris</span> <span class='ocrx_word' id='word_1_19' title='bbox 194 392 304 420; x_wconf 75' lang='lat' dir='ltr'>octidui</span> <span class='ocrx_word' id='word_1_20' title='bbox 317 402 324 420; x_wconf 86' lang='lat'>:</span> 
     </span>
    </p>
   </div>
   <div class='ocr_carea' id='block_1_6' title="bbox 47 426 329 529">
    <p class='ocr_par' dir='ltr' id='par_1_6' title="bbox 47 426 329 529">
     <span class='ocr_line' id='line_1_6' title="bbox 48 426 326 487; baseline -0.004 -33"><span class='ocrx_word' id='word_1_21' title='bbox 48 430 115 487; x_wconf 62' lang='lat' dir='ltr'>pplst</span> <span class='ocrx_word' id='word_1_22' title='bbox 137 426 326 454; x_wconf 81' lang='lat' dir='ltr'><strong>solitudinem</strong></span> 
     </span>
     <span class='ocr_line' id='line_1_7' title="bbox 47 460 329 529; baseline -0.004 -7"><span class='ocrx_word' id='word_1_23' title='bbox 47 460 329 529; x_wconf 54' lang='lat' dir='ltr'>{cffiuzffbilsszxxt</span> 
     </span>
    </p>
   </div>
   <div class='ocr_carea' id='block_1_7' title="bbox 331 550 602 556">
    <p class='ocr_par' dir='ltr' id='par_1_7' title="bbox 331 550 602 556">
     <span class='ocr_line' id='line_1_8' title="bbox 331 550 602 556; baseline 0 0"><span class='ocrx_word' id='word_1_24' title='bbox 331 550 602 556; x_wconf 95' lang='lat' dir='ltr'> </span> 
     </span>
    </p>
   </div>
   <div class='ocr_carea' id='block_1_8' title="bbox 326 595 997 2902">
    <p class='ocr_par' dir='ltr' id='par_1_8' title="bbox 326 595 995 2058">
     <span class='ocr_line' id='line_1_9' title="bbox 327 595 988 635; baseline -0.005 -1"><span class='ocrx_word' id='word_1_25' title='bbox 327 598 438 635; x_wconf 89' lang='lat' dir='ltr'>mitus</span> <span class='ocrx_word' id='word_1_26' title='bbox 466 596 649 634; x_wconf 82' lang='lat' dir='ltr'>habitasse</span> <span class='ocrx_word' id='word_1_27' title='bbox 671 597 708 632; x_wconf 92' lang='lat' dir='ltr'>in</span> <span class='ocrx_word' id='word_1_28' title='bbox 727 595 886 632; x_wconf 86' lang='lat' dir='ltr'>Russiae</span> <span class='ocrx_word' id='word_1_29' title='bbox 911 607 988 631; x_wconf 92' lang='lat' dir='ltr'>me-</span> 
     </span>
     <span class='ocr_line' id='line_1_10' title="bbox 327 651 988 691; baseline -0.005 -1"><span class='ocrx_word' id='word_1_30' title='bbox 327 652 512 691; x_wconf 86' lang='lat' dir='ltr'>ridionalis</span> <span class='ocrx_word' id='word_1_31' title='bbox 526 654 700 689; x_wconf 83' lang='lat' dir='ltr'>tractibus</span> <span class='ocrx_word' id='word_1_32' title='bbox 716 652 890 688; x_wconf 87' lang='lat' dir='ltr'>finitimos</span> <span class='ocrx_word' id='word_1_33' title='bbox 900 651 988 687; x_wconf 87' lang='lat' dir='ltr'>Sar-</span> 
     </span>
     <span class='ocr_line' id='line_1_11' title="bbox 328 707 989 758; baseline -0.006 -11"><span class='ocrx_word' id='word_1_34' title='bbox 328 710 462 747; x_wconf 90' lang='lat' dir='ltr'>matiae</span> <span class='ocrx_word' id='word_1_35' title='bbox 498 708 703 756; x_wconf 78' lang='lat' dir='ltr'><strong>Asiaticae,</strong></span> <span class='ocrx_word' id='word_1_36' title='bbox 761 721 856 758; x_wconf 87' lang='lat' dir='ltr'>quae</span> <span class='ocrx_word' id='word_1_37' title='bbox 893 707 989 744; x_wconf 88' lang='lat' dir='ltr'>intra</span> 
     </span>
     <span class='ocr_line' id='line_1_12' title="bbox 326 765 989 815; baseline -0.005 -12"><span class='ocrx_word' id='word_1_38' title='bbox 326 765 482 815; x_wconf 86' lang='lat' dir='ltr'>Volgam</span> <span class='ocrx_word' id='word_1_39' title='bbox 512 778 557 802; x_wconf 87' lang='lat' dir='ltr'>ac</span> <span class='ocrx_word' id='word_1_40' title='bbox 590 766 737 803; x_wconf 83' lang='lat' dir='ltr'>Tanain</span> <span class='ocrx_word' id='word_1_41' title='bbox 764 766 832 802; x_wconf 83' lang='lat' dir='ltr'>sita</span> <span class='ocrx_word' id='word_1_42' title='bbox 865 765 989 810; x_wconf 81' lang='lat' dir='ltr'>fertur,</span> 
     </span>
     <span class='ocr_line' id='line_1_13' title="bbox 327 820 990 872; baseline -0.006 -12"><span class='ocrx_word' id='word_1_43' title='bbox 327 827 534 872; x_wconf 89' lang='lat' dir='ltr'>temporum</span> <span class='ocrx_word' id='word_1_44' title='bbox 572 823 748 869; x_wconf 90' lang='lat' dir='ltr'>decursu,</span> <span class='ocrx_word' id='word_1_45' title='bbox 786 820 864 858; x_wconf 89' lang='lat' dir='ltr'>aliis</span> <span class='ocrx_word' id='word_1_46' title='bbox 898 833 990 869; x_wconf 88' lang='lat' dir='ltr'>gen-</span> 
     </span>
     <span class='ocr_line' id='line_1_14' title="bbox 327 878 993 916; baseline -0.005 0"><span class='ocrx_word' id='word_1_47' title='bbox 327 879 425 916; x_wconf 90' lang='lat' dir='ltr'>tibus</span> <span class='ocrx_word' id='word_1_48' title='bbox 447 891 492 915; x_wconf 84' lang='lat' dir='ltr'>ex</span> <span class='ocrx_word' id='word_1_49' title='bbox 505 878 592 915; x_wconf 89' lang='lat' dir='ltr'>Asia</span> <span class='ocrx_word' id='word_1_50' title='bbox 612 879 775 916; x_wconf 87' lang='lat' dir='ltr'>interiori</span> <span class='ocrx_word' id='word_1_51' title='bbox 794 878 993 914; x_wconf 86' lang='lat' dir='ltr'>advenien-</span> 
     </span>
     <span class='ocr_line' id='line_1_15' title="bbox 327 934 992 982; baseline -0.006 -9"><span class='ocrx_word' id='word_1_52' title='bbox 327 936 447 981; x_wconf 81' lang='lat' dir='ltr'><strong>tibus,</strong></span> <span class='ocrx_word' id='word_1_53' title='bbox 478 935 703 973; x_wconf 77' lang='lat' dir='ltr'>occidentem</span> <span class='ocrx_word' id='word_1_54' title='bbox 722 947 847 972; x_wconf 85' lang='lat' dir='ltr'>versus</span> <span class='ocrx_word' id='word_1_55' title='bbox 873 934 992 982; x_wconf 86' lang='lat' dir='ltr'>magis</span> 
     </span>
     <span class='ocr_line' id='line_1_16' title="bbox 329 992 992 1041; baseline -0.005 -12"><span class='ocrx_word' id='word_1_56' title='bbox 329 993 521 1041; x_wconf 82' lang='lat' dir='ltr'><strong>magisque</strong></span> <span class='ocrx_word' id='word_1_57' title='bbox 535 992 778 1041; x_wconf 79' lang='lat' dir='ltr'>processisse3</span> <span class='ocrx_word' id='word_1_58' title='bbox 806 1003 888 1028; x_wconf 86' lang='lat' dir='ltr'>esse</span> <span class='ocrx_word' id='word_1_59' title='bbox 907 1003 992 1028; x_wconf 87' lang='lat' dir='ltr'>vero</span> 
     </span>
     <span class='ocr_line' id='line_1_17' title="bbox 328 1046 992 1096; baseline -0.005 -11"><span class='ocrx_word' id='word_1_60' title='bbox 328 1049 495 1088; x_wconf 87' lang='lat' dir='ltr'>Budinos</span> <span class='ocrx_word' id='word_1_61' title='bbox 519 1048 668 1085; x_wconf 84' lang='lat' dir='ltr'>eosdem</span> <span class='ocrx_word' id='word_1_62' title='bbox 692 1052 801 1096; x_wconf 89' lang='lat' dir='ltr'>atque</span> <span class='ocrx_word' id='word_1_63' title='bbox 822 1046 992 1083; x_wconf 73' lang='lat' dir='ltr'>Wuclinos</span> 
     </span>
     <span class='ocr_line' id='line_1_18' title="bbox 329 1103 991 1152; baseline -0.005 -10"><span class='ocrx_word' id='word_1_64' title='bbox 329 1118 372 1142; x_wconf 88' lang='lat' dir='ltr'>ac</span> <span class='ocrx_word' id='word_1_65' title='bbox 396 1104 564 1141; x_wconf 70' lang='lat' dir='ltr'>Wenedos</span> <span class='ocrx_word' id='word_1_66' title='bbox 595 1108 677 1152; x_wconf 88' lang='lat' dir='ltr'>(nos</span> <span class='ocrx_word' id='word_1_67' title='bbox 707 1103 862 1140; x_wconf 79' lang='lat' dir='ltr'>lVenden</span> <span class='ocrx_word' id='word_1_68' title='bbox 882 1117 991 1140; x_wconf 83' lang='lat' dir='ltr'>voca-</span> 
     </span>
     <span class='ocr_line' id='line_1_19' title="bbox 328 1159 990 1207; baseline -0.008 -7"><span class='ocrx_word' id='word_1_69' title='bbox 328 1165 440 1207; x_wconf 87' lang='lat' dir='ltr'>mus),</span> <span class='ocrx_word' id='word_1_70' title='bbox 461 1161 607 1198; x_wconf 89' lang='lat' dir='ltr'>nomine</span> <span class='ocrx_word' id='word_1_71' title='bbox 626 1162 785 1198; x_wconf 85' lang='lat' dir='ltr'>deducto</span> <span class='ocrx_word' id='word_1_72' title='bbox 802 1174 822 1197; x_wconf 86' lang='lat' dir='ltr'>a</span> <span class='ocrx_word' id='word_1_73' title='bbox 845 1159 990 1206; x_wconf 78' lang='lat' dir='ltr'>Wemla,</span> 
     </span>
     <span class='ocr_line' id='line_1_20' title="bbox 331 1213 990 1267; baseline -0.005 -13"><span class='ocrx_word' id='word_1_74' title='bbox 331 1233 360 1255; x_wconf 87' lang='lat' dir='ltr'>s.</span> <span class='ocrx_word' id='word_1_75' title='bbox 385 1217 553 1263; x_wconf 78' lang='lat' dir='ltr'>Wanda,</span> <span class='ocrx_word' id='word_1_76' title='bbox 584 1218 683 1266; x_wconf 89' lang='lat' dir='ltr'>quod</span> <span class='ocrx_word' id='word_1_77' title='bbox 705 1229 835 1266; x_wconf 79' lang='lat' dir='ltr'>aquam</span> <span class='ocrx_word' id='word_1_78' title='bbox 858 1213 990 1267; x_wconf 73' lang='lat' dir='ltr'>(wida,</span> 
     </span>
     <span class='ocr_line' id='line_1_21' title="bbox 330 1272 992 1323; baseline -0.005 -12"><span class='ocrx_word' id='word_1_79' title='bbox 330 1272 452 1323; x_wconf 74' lang='lat' dir='ltr'>weda)</span> <span class='ocrx_word' id='word_1_80' title='bbox 473 1274 647 1321; x_wconf 81' lang='lat' dir='ltr'>denotet,</span> <span class='ocrx_word' id='word_1_81' title='bbox 689 1287 769 1310; x_wconf 90' lang='lat' dir='ltr'>cum</span> <span class='ocrx_word' id='word_1_82' title='bbox 793 1273 914 1322; x_wconf 85' lang='lat' dir='ltr'>gentis</span> <span class='ocrx_word' id='word_1_83' title='bbox 935 1286 992 1309; x_wconf 88' lang='lat' dir='ltr'>se-</span> 
     </span>
     <span class='ocr_line' id='line_1_22' title="bbox 331 1329 993 1380; baseline -0.003 -12"><span class='ocrx_word' id='word_1_84' title='bbox 331 1332 397 1369; x_wconf 88' lang='lat' dir='ltr'>des</span> <span class='ocrx_word' id='word_1_85' title='bbox 417 1330 621 1380; x_wconf 82' lang='lat' dir='ltr'><strong>primitivae</strong></span> <span class='ocrx_word' id='word_1_86' title='bbox 644 1330 768 1378; x_wconf 84' lang='lat' dir='ltr'>aquis,</span> <span class='ocrx_word' id='word_1_87' title='bbox 792 1329 931 1378; x_wconf 84' lang='lat' dir='ltr'><strong>stagnis</strong></span> <span class='ocrx_word' id='word_1_88' title='bbox 950 1342 993 1366; x_wconf 87' lang='lat' dir='ltr'>ac</span> 
     </span>
     <span class='ocr_line' id='line_1_23' title="bbox 330 1386 992 1439; baseline -0.003 -15"><span class='ocrx_word' id='word_1_89' title='bbox 330 1387 524 1439; x_wconf 89' lang='lat' dir='ltr'>paludibus</span> <span class='ocrx_word' id='word_1_90' title='bbox 548 1386 678 1437; x_wconf 81' lang='lat' dir='ltr'>plenae</span> <span class='ocrx_word' id='word_1_91' title='bbox 702 1387 848 1424; x_wconf 88' lang='lat' dir='ltr'>fuerint.</span> <span class='ocrx_word' id='word_1_92' title='bbox 893 1386 992 1429; x_wconf 88' lang='lat' dir='ltr'>Quin</span> 
     </span>
     <span class='ocr_line' id='line_1_24' title="bbox 330 1443 993 1492; baseline -0.005 -10"><span class='ocrx_word' id='word_1_93' title='bbox 330 1444 480 1482; x_wconf 76' lang='lat' dir='ltr'>Gelonos</span> <span class='ocrx_word' id='word_1_94' title='bbox 498 1443 567 1480; x_wconf 89' lang='lat' dir='ltr'>illic</span> <span class='ocrx_word' id='word_1_95' title='bbox 584 1443 735 1492; x_wconf 77' lang='lat' dir='ltr'>legimus</span> <span class='ocrx_word' id='word_1_96' title='bbox 748 1443 897 1480; x_wconf 87' lang='lat' dir='ltr'>eosdem</span> <span class='ocrx_word' id='word_1_97' title='bbox 912 1455 993 1479; x_wconf 87' lang='lat' dir='ltr'>esse</span> 
     </span>
     <span class='ocr_line' id='line_1_25' title="bbox 331 1499 994 1550; baseline -0.006 -12"><span class='ocrx_word' id='word_1_98' title='bbox 331 1505 442 1550; x_wconf 86' lang='lat' dir='ltr'>atque</span> <span class='ocrx_word' id='word_1_99' title='bbox 465 1500 738 1550; x_wconf 79' lang='lat' dir='ltr'>Hyperboreos,</span> <span class='ocrx_word' id='word_1_100' title='bbox 760 1512 912 1548; x_wconf 89' lang='lat' dir='ltr'>quorum</span> <span class='ocrx_word' id='word_1_101' title='bbox 926 1499 994 1534; x_wconf 80' lang='lat' dir='ltr'>‹lo-</span> 
     </span>
     <span class='ocr_line' id='line_1_26' title="bbox 332 1555 995 1606; baseline -0.006 -11"><span class='ocrx_word' id='word_1_102' title='bbox 332 1570 381 1595; x_wconf 83' lang='lat' dir='ltr'>na</span> <span class='ocrx_word' id='word_1_103' title='bbox 406 1557 600 1606; x_wconf 87' lang='lat' dir='ltr'>quotannis</span> <span class='ocrx_word' id='word_1_104' title='bbox 621 1555 754 1592; x_wconf 90' lang='lat' dir='ltr'>Delum</span> <span class='ocrx_word' id='word_1_105' title='bbox 778 1556 886 1592; x_wconf 89' lang='lat' dir='ltr'>missa</span> <span class='ocrx_word' id='word_1_106' title='bbox 914 1556 995 1592; x_wconf 87' lang='lat' dir='ltr'>fue-</span> 
     </span>
     <span class='ocr_line' id='line_1_27' title="bbox 332 1610 994 1651; baseline -0.006 0"><span class='ocrx_word' id='word_1_107' title='bbox 332 1615 416 1651; x_wconf 86' lang='lat' dir='ltr'>rint.</span> <span class='ocrx_word' id='word_1_108' title='bbox 446 1613 548 1650; x_wconf 84' lang='lat' dir='ltr'><strong>Idem</strong></span> <span class='ocrx_word' id='word_1_109' title='bbox 573 1611 640 1649; x_wconf 81' lang='lat' dir='ltr'>Cr.</span> <span class='ocrx_word' id='word_1_110' title='bbox 662 1612 816 1649; x_wconf 84' lang='lat' dir='ltr'>conferri</span> <span class='ocrx_word' id='word_1_111' title='bbox 839 1610 912 1647; x_wconf 88' lang='lat' dir='ltr'>vult</span> <span class='ocrx_word' id='word_1_112' title='bbox 934 1612 994 1647; x_wconf 87' lang='lat' dir='ltr'>In-</span> 
     </span>
     <span class='ocr_line' id='line_1_28' title="bbox 331 1667 993 1719; baseline -0.003 -13"><span class='ocrx_word' id='word_1_113' title='bbox 331 1674 498 1719; x_wconf 86' lang='lat' dir='ltr'>terprett.</span> <span class='ocrx_word' id='word_1_114' title='bbox 543 1669 591 1706; x_wconf 89' lang='lat' dir='ltr'>ad</span> <span class='ocrx_word' id='word_1_115' title='bbox 618 1667 798 1705; x_wconf 89' lang='lat' dir='ltr'>Ammian.</span> <span class='ocrx_word' id='word_1_116' title='bbox 833 1667 993 1704; x_wconf 82' lang='lat' dir='ltr'>Marcell.</span> 
     </span>
     <span class='ocr_line' id='line_1_29' title="bbox 332 1724 993 1775; baseline -0.003 -12"><span class='ocrx_word' id='word_1_117' title='bbox 332 1726 469 1771; x_wconf 78' lang='lat' dir='ltr'>XXXI,</span> <span class='ocrx_word' id='word_1_118' title='bbox 485 1728 586 1766; x_wconf 61' lang='lat'>213</span> <span class='ocrx_word' id='word_1_119' title='bbox 601 1725 647 1761; x_wconf 92' lang='lat' dir='ltr'>T.</span> <span class='ocrx_word' id='word_1_120' title='bbox 662 1725 709 1761; x_wconf 96' lang='lat' dir='ltr'>lll</span> <span class='ocrx_word' id='word_1_121' title='bbox 720 1739 754 1775; x_wconf 88' lang='lat' dir='ltr'>p.</span> <span class='ocrx_word' id='word_1_122' title='bbox 766 1724 847 1765; x_wconf 87' lang='grc'>358</span> <span class='ocrx_word' id='word_1_123' title='bbox 858 1724 993 1772; x_wconf 86' lang='lat' dir='ltr'>Wagu.</span> 
     </span>
     <span class='ocr_line' id='line_1_30' title="bbox 334 1778 993 1835; baseline -0.006 -14"><span class='ocrx_word' id='word_1_124' title='bbox 334 1784 535 1821; x_wconf 82' lang='grc' dir='ltr'><em>-πᾶσαν</em></span> <span class='ocrx_word' id='word_1_125' title='bbox 556 1779 700 1832; x_wconf 82' lang='grc' dir='ltr'><em>ὄασέην</em></span> <span class='ocrx_word' id='word_1_126' title='bbox 722 1778 797 1835; x_wconf 74' lang='grc' dir='ltr'>ὕλῃ</span> <span class='ocrx_word' id='word_1_127' title='bbox 811 1781 993 1833; x_wconf 81' lang='grc' dir='ltr'><em>παντοίῃ.</em></span> 
     </span>
     <span class='ocr_line' id='line_1_31' title="bbox 334 1834 995 1891; baseline -0.008 -15"><span class='ocrx_word' id='word_1_128' title='bbox 334 1839 406 1876; x_wconf 89' lang='lat' dir='ltr'>Pro</span> <span class='ocrx_word' id='word_1_129' title='bbox 425 1834 500 1891; x_wconf 77' lang='grc' dir='ltr'>ὕλῃ</span> <span class='ocrx_word' id='word_1_130' title='bbox 523 1839 639 1875; x_wconf 78' lang='lat' dir='ltr'>Koen.</span> <span class='ocrx_word' id='word_1_131' title='bbox 672 1839 721 1875; x_wconf 87' lang='lat' dir='ltr'>ad</span> <span class='ocrx_word' id='word_1_132' title='bbox 743 1838 899 1885; x_wconf 80' lang='lat' dir='ltr'>Gregor.</span> <span class='ocrx_word' id='word_1_133' title='bbox 920 1838 995 1873; x_wconf 90' lang='lat' dir='ltr'>Co-</span> 
     </span>
     <span class='ocr_line' id='line_1_32' title="bbox 333 1893 991 1947; baseline -0.005 -15"><span class='ocrx_word' id='word_1_134' title='bbox 333 1896 441 1932; x_wconf 85' lang='lat' dir='ltr'>rinth.</span> <span class='ocrx_word' id='word_1_135' title='bbox 467 1908 553 1945; x_wconf 87' lang='lat' dir='ltr'>pag.</span> <span class='ocrx_word' id='word_1_136' title='bbox 580 1894 662 1935; x_wconf 80' lang='lat'>474</span> <span class='ocrx_word' id='word_1_137' title='bbox 690 1894 894 1944; x_wconf 84' lang='lat' dir='ltr'>suspicatur</span> <span class='ocrx_word' id='word_1_138' title='bbox 915 1893 991 1947; x_wconf 71' lang='grc' dir='ltr'>ἴδῃ.</span> 
     </span>
     <span class='ocr_line' id='line_1_33' title="bbox 335 1952 936 1999; baseline -0.007 -9"><span class='ocrx_word' id='word_1_139' title='bbox 335 1952 396 1990; x_wconf 89' lang='lat' dir='ltr'>Tu</span> <span class='ocrx_word' id='word_1_140' title='bbox 414 1952 496 1989; x_wconf 84' lang='lat' dir='ltr'>vide</span> <span class='ocrx_word' id='word_1_141' title='bbox 513 1952 575 1997; x_wconf 87' lang='lat' dir='ltr'>lv,</span> <span class='ocrx_word' id='word_1_142' title='bbox 599 1953 677 1992; x_wconf 82' lang='lat'>109</span> <span class='ocrx_word' id='word_1_143' title='bbox 700 1952 822 1999; x_wconf 85' lang='lat' dir='ltr'><strong>ibique</strong></span> <span class='ocrx_word' id='word_1_144' title='bbox 843 1955 936 1987; x_wconf 86' lang='lat' dir='ltr'>nott.</span> 
     </span>
     <span class='ocr_line' id='line_1_34' title="bbox 541 2007 799 2058; baseline -0.008 -13"><span class='ocrx_word' id='word_1_145' title='bbox 541 2009 651 2058; x_wconf 82' lang='lat' dir='ltr'>Cap.</span> <span class='ocrx_word' id='word_1_146' title='bbox 682 2007 799 2044; x_wconf 87' lang='lat' dir='ltr'>XXll.</span> 
     </span>
    </p>

    <p class='ocr_par' dir='ltr' id='par_1_9' title="bbox 332 2058 997 2902">
     <span class='ocr_line' id='line_1_35' title="bbox 392 2058 993 2116; baseline -0.005 -12"><span class='ocrx_word' id='word_1_147' title='bbox 392 2064 472 2104; x_wconf 74' lang='grc' dir='ltr'><em>ἔστι</em></span> <span class='ocrx_word' id='word_1_148' title='bbox 490 2059 625 2116; x_wconf 79' lang='grc' dir='ltr'><em>πρώτη</em></span> <span class='ocrx_word' id='word_1_149' title='bbox 653 2061 724 2115; x_wconf 78' lang='grc' dir='ltr'><em>μὲν</em></span> <span class='ocrx_word' id='word_1_150' title='bbox 746 2063 905 2114; x_wconf 83' lang='grc' dir='ltr'><em>ἐρῆμος,</em></span> <span class='ocrx_word' id='word_1_151' title='bbox 926 2058 993 2102; x_wconf 78' lang='grc' dir='ltr'>ἐπ’</span> 
     </span>
     <span class='ocr_line' id='line_1_36' title="bbox 332 2115 993 2174; baseline -0.009 -13"><span class='ocrx_word' id='word_1_152' title='bbox 332 2120 512 2174; x_wconf 67' lang='grc' dir='ltr'><em>ἡμερέων</em></span> <span class='ocrx_word' id='word_1_153' title='bbox 551 2117 647 2159; x_wconf 62' lang='lat' dir='ltr'>{mo}</span> <span class='ocrx_word' id='word_1_154' title='bbox 678 2115 791 2170; x_wconf 80' lang='grc' dir='ltr'><em>ὁδόν]</em></span> <span class='ocrx_word' id='word_1_155' title='bbox 851 2120 993 2157; x_wconf 85' lang='lat' dir='ltr'>Eadem</span> 
     </span>
     <span class='ocr_line' id='line_1_37' title="bbox 333 2178 993 2225; baseline -0.006 -9"><span class='ocrx_word' id='word_1_156' title='bbox 333 2181 424 2216; x_wconf 89' lang='lat' dir='ltr'>insra</span> <span class='ocrx_word' id='word_1_157' title='bbox 448 2179 513 2225; x_wconf 90' lang='lat' dir='ltr'>IV,</span> <span class='ocrx_word' id='word_1_158' title='bbox 537 2179 628 2218; x_wconf 81' lang='lat'>123.</span> <span class='ocrx_word' id='word_1_159' title='bbox 669 2178 853 2215; x_wconf 85' lang='lat' dir='ltr'>Observat</span> <span class='ocrx_word' id='word_1_160' title='bbox 873 2181 993 2213; x_wconf 84' lang='lat' dir='ltr'>autem</span> 
     </span>
     <span class='ocr_line' id='line_1_38' title="bbox 334 2233 992 2283; baseline -0.009 -9"><span class='ocrx_word' id='word_1_161' title='bbox 334 2236 392 2274; x_wconf 87' lang='lat' dir='ltr'>De</span> <span class='ocrx_word' id='word_1_162' title='bbox 411 2236 576 2283; x_wconf 84' lang='lat' dir='ltr'>Guignes</span> <span class='ocrx_word' id='word_1_163' title='bbox 601 2234 745 2279; x_wconf 68' lang='lat' dir='ltr'>(Mem.</span> <span class='ocrx_word' id='word_1_164' title='bbox 777 2234 823 2270; x_wconf 83' lang='lat' dir='ltr'>(le</span> <span class='ocrx_word' id='word_1_165' title='bbox 855 2233 992 2270; x_wconf 85' lang='lat' dir='ltr'>l&#39;Acad.</span> 
     </span>
     <span class='ocr_line' id='line_1_39' title="bbox 334 2286 994 2341; baseline -0.008 -11"><span class='ocrx_word' id='word_1_166' title='bbox 334 2293 370 2330; x_wconf 86' lang='lat' dir='ltr'>d.</span> <span class='ocrx_word' id='word_1_167' title='bbox 393 2292 574 2341; x_wconf 83' lang='lat' dir='ltr'>Inscriptt.</span> <span class='ocrx_word' id='word_1_168' title='bbox 601 2291 743 2327; x_wconf 78' lang='lat' dir='ltr'>XXXV</span> <span class='ocrx_word' id='word_1_169' title='bbox 770 2303 855 2340; x_wconf 87' lang='lat' dir='ltr'>pag.</span> <span class='ocrx_word' id='word_1_170' title='bbox 880 2286 994 2341; x_wconf 75' lang='lat'>546),</span> 
     </span>
     <span class='ocr_line' id='line_1_40' title="bbox 337 2346 996 2395; baseline -0.005 -11"><span class='ocrx_word' id='word_1_171' title='bbox 337 2349 435 2385; x_wconf 86' lang='lat' dir='ltr'>intra</span> <span class='ocrx_word' id='word_1_172' title='bbox 456 2348 601 2384; x_wconf 82' lang='lat' dir='ltr'>Tanain</span> <span class='ocrx_word' id='word_1_173' title='bbox 628 2352 663 2384; x_wconf 83' lang='lat' dir='ltr'>et</span> <span class='ocrx_word' id='word_1_174' title='bbox 684 2347 838 2395; x_wconf 87' lang='lat' dir='ltr'>Volgam</span> <span class='ocrx_word' id='word_1_175' title='bbox 862 2351 898 2383; x_wconf 90' lang='lat' dir='ltr'>et</span> <span class='ocrx_word' id='word_1_176' title='bbox 916 2346 996 2394; x_wconf 87' lang='lat' dir='ltr'>qui-</span> 
     </span>
     <span class='ocr_line' id='line_1_41' title="bbox 340 2402 995 2452; baseline -0.005 -10"><span class='ocrx_word' id='word_1_177' title='bbox 340 2406 423 2442; x_wconf 89' lang='lat' dir='ltr'>dem</span> <span class='ocrx_word' id='word_1_178' title='bbox 444 2404 609 2440; x_wconf 82' lang='lat' dir='ltr'>orientali</span> <span class='ocrx_word' id='word_1_179' title='bbox 629 2405 665 2439; x_wconf 89' lang='lat' dir='ltr'>in</span> <span class='ocrx_word' id='word_1_180' title='bbox 683 2411 807 2452; x_wconf 86' lang='lat' dir='ltr'>parte,</span> <span class='ocrx_word' id='word_1_181' title='bbox 837 2404 883 2439; x_wconf 84' lang='lat' dir='ltr'>ab</span> <span class='ocrx_word' id='word_1_182' title='bbox 906 2402 995 2439; x_wconf 89' lang='lat' dir='ltr'>urbe</span> 
     </span>
     <span class='ocr_line' id='line_1_42' title="bbox 342 2459 996 2497; baseline -0.005 0"><span class='ocrx_word' id='word_1_183' title='bbox 342 2459 518 2497; x_wconf 84' lang='lat' dir='ltr'>Astracan</span> <span class='ocrx_word' id='word_1_184' title='bbox 557 2460 584 2496; x_wconf 90' lang='lat' dir='ltr'>si</span> <span class='ocrx_word' id='word_1_185' title='bbox 626 2461 724 2496; x_wconf 65' lang='lat' dir='ltr'>reeta</span> <span class='ocrx_word' id='word_1_186' title='bbox 771 2460 996 2495; x_wconf 85' lang='lat' dir='ltr'>occidentem</span> 
     </span>
     <span class='ocr_line' id='line_1_43' title="bbox 340 2515 997 2564; baseline -0.003 -10"><span class='ocrx_word' id='word_1_187' title='bbox 340 2530 464 2555; x_wconf 89' lang='lat' dir='ltr'>versus</span> <span class='ocrx_word' id='word_1_188' title='bbox 481 2516 623 2561; x_wconf 82' lang='lat' dir='ltr'>tendas,</span> <span class='ocrx_word' id='word_1_189' title='bbox 654 2515 773 2552; x_wconf 87' lang='lat' dir='ltr'>adhuc</span> <span class='ocrx_word' id='word_1_190' title='bbox 794 2515 896 2564; x_wconf 88' lang='lat' dir='ltr'>plura</span> <span class='ocrx_word' id='word_1_191' title='bbox 917 2528 997 2552; x_wconf 81' lang='lat' dir='ltr'>esse</span> 
     </span>
     <span class='ocr_line' id='line_1_44' title="bbox 342 2571 997 2621; baseline -0.006 -10"><span class='ocrx_word' id='word_1_192' title='bbox 342 2575 510 2618; x_wconf 77' lang='lat' dir='ltr'>deserta3</span> <span class='ocrx_word' id='word_1_193' title='bbox 541 2585 690 2621; x_wconf 82' lang='lat' dir='ltr'>quarum</span> <span class='ocrx_word' id='word_1_194' title='bbox 703 2585 811 2608; x_wconf 86' lang='lat' dir='ltr'>unum</span> <span class='ocrx_word' id='word_1_195' title='bbox 834 2573 899 2609; x_wconf 87' lang='lat' dir='ltr'>hoe</span> <span class='ocrx_word' id='word_1_196' title='bbox 918 2571 997 2607; x_wconf 89' lang='lat' dir='ltr'>loco</span> 
     </span>
     <span class='ocr_line' id='line_1_45' title="bbox 342 2628 997 2679; baseline -0.006 -12"><span class='ocrx_word' id='word_1_197' title='bbox 342 2631 388 2667; x_wconf 89' lang='lat' dir='ltr'>ab</span> <span class='ocrx_word' id='word_1_198' title='bbox 409 2630 600 2667; x_wconf 84' lang='lat' dir='ltr'><strong>Herodoto</strong></span> <span class='ocrx_word' id='word_1_199' title='bbox 629 2628 867 2679; x_wconf 84' lang='lat' dir='ltr'>probabiliter</span> <span class='ocrx_word' id='word_1_200' title='bbox 892 2628 997 2664; x_wconf 85' lang='lat' dir='ltr'>iutel-</span> 
     </span>
     <span class='ocr_line' id='line_1_46' title="bbox 340 2686 997 2736; baseline -0.006 -12"><span class='ocrx_word' id='word_1_201' title='bbox 340 2688 484 2736; x_wconf 85' lang='lat' dir='ltr'>ligatur.</span> <span class='ocrx_word' id='word_1_202' title='bbox 544 2686 655 2729; x_wconf 79' lang='lat' dir='ltr'>Quod</span> <span class='ocrx_word' id='word_1_203' title='bbox 680 2686 887 2730; x_wconf 87' lang='lat' dir='ltr'>desertum,</span> <span class='ocrx_word' id='word_1_204' title='bbox 930 2697 997 2720; x_wconf 85' lang='lat' dir='ltr'>au-</span> 
     </span>
     <span class='ocr_line' id='line_1_47' title="bbox 341 2741 997 2792; baseline -0.005 -12"><span class='ocrx_word' id='word_1_205' title='bbox 341 2747 440 2781; x_wconf 90' lang='lat' dir='ltr'>ctore</span> <span class='ocrx_word' id='word_1_206' title='bbox 460 2744 639 2780; x_wconf 87' lang='lat' dir='ltr'>Gatterer.</span> <span class='ocrx_word' id='word_1_207' title='bbox 662 2741 683 2778; x_wconf 93' lang='lat' dir='ltr'>l.</span> <span class='ocrx_word' id='word_1_208' title='bbox 702 2741 722 2777; x_wconf 89' lang='lat' dir='ltr'>l.</span> <span class='ocrx_word' id='word_1_209' title='bbox 744 2754 830 2792; x_wconf 89' lang='lat' dir='ltr'>pag.</span> <span class='ocrx_word' id='word_1_210' title='bbox 855 2742 909 2782; x_wconf 83' lang='grc'>33</span> <span class='ocrx_word' id='word_1_211' title='bbox 932 2741 997 2777; x_wconf 89' lang='lat' dir='ltr'>ho-</span> 
     </span>
     <span class='ocr_line' id='line_1_48' title="bbox 341 2796 996 2846; baseline -0.005 -9"><span class='ocrx_word' id='word_1_212' title='bbox 341 2800 401 2838; x_wconf 93' lang='lat' dir='ltr'>die</span> <span class='ocrx_word' id='word_1_213' title='bbox 425 2804 575 2838; x_wconf 88' lang='lat' dir='ltr'>vocatur</span> <span class='ocrx_word' id='word_1_214' title='bbox 599 2797 810 2846; x_wconf 69' lang='grc' dir='ltr'><em>ΙαίΙιαιιαηι,</em></span> <span class='ocrx_word' id='word_1_215' title='bbox 847 2811 875 2835; x_wconf 84' lang='lat' dir='ltr'>s.</span> <span class='ocrx_word' id='word_1_216' title='bbox 900 2796 996 2834; x_wconf 79' lang='lat' dir='ltr'>Ura-</span> 
     </span>
     <span class='ocr_line' id='line_1_49' title="bbox 343 2854 995 2902; baseline -0.006 -8"><span class='ocrx_word' id='word_1_217' title='bbox 343 2857 428 2894; x_wconf 73' lang='lat' dir='ltr'>lz&#39;um</span> <span class='ocrx_word' id='word_1_218' title='bbox 469 2857 677 2902; x_wconf 89' lang='lat' dir='ltr'>desertum,</span> <span class='ocrx_word' id='word_1_219' title='bbox 733 2868 755 2893; x_wconf 90' lang='lat' dir='ltr'>a</span> <span class='ocrx_word' id='word_1_220' title='bbox 794 2854 995 2893; x_wconf 90' lang='lat' dir='ltr'>Calmuccis</span> 
     </span>
    </p>
   </div>
   <div class='ocr_carea' id='block_1_9' title="bbox 385 386 1650 518">
    <p class='ocr_par' dir='ltr' id='par_1_10' title="bbox 385 386 1650 518">
     <span class='ocr_line' id='line_1_50' title="bbox 385 386 1650 445; baseline -0.005 -10"><span class='ocrx_word' id='word_1_221' title='bbox 385 390 492 434; x_wconf 78' lang='grc' dir='ltr'><em>ἑπτὰ</em></span> <span class='ocrx_word' id='word_1_222' title='bbox 524 389 652 434; x_wconf 83' lang='grc' dir='ltr'><em>ὁδὸν·</em></span> <span class='ocrx_word' id='word_1_223' title='bbox 693 388 800 445; x_wconf 81' lang='grc' dir='ltr'><em>μετὰ</em></span> <span class='ocrx_word' id='word_1_224' title='bbox 831 388 876 431; x_wconf 79' lang='grc' dir='ltr'>δὲ</span> <span class='ocrx_word' id='word_1_225' title='bbox 907 387 987 443; x_wconf 85' lang='grc' dir='ltr'><em>τήν</em></span> <span class='ocrx_word' id='word_1_226' title='bbox 1011 387 1196 444; x_wconf 80' lang='grc' dir='ltr'><em>ἐρῆμον,</em></span> <span class='ocrx_word' id='word_1_227' title='bbox 1238 386 1518 430; x_wconf 80' lang='grc' dir='ltr'><em>ἀποκλίνοντι</em></span> <span class='ocrx_word' id='word_1_228' title='bbox 1548 390 1650 442; x_wconf 82' lang='grc' dir='ltr'><em>μᾶλ-</em></span> 
     </span>
     <span class='ocr_line' id='line_1_51' title="bbox 385 457 1649 518; baseline -0.005 -12"><span class='ocrx_word' id='word_1_229' title='bbox 385 467 465 506; x_wconf 85' lang='grc' dir='ltr'><em>λον</em></span> <span class='ocrx_word' id='word_1_230' title='bbox 493 461 603 516; x_wconf 78' lang='grc' dir='ltr'><em>πρὸς</em></span> <span class='ocrx_word' id='word_1_231' title='bbox 632 460 883 518; x_wconf 79' lang='grc' dir='ltr'><em>ἀπηλιώτην</em></span> <span class='ocrx_word' id='word_1_232' title='bbox 913 458 1092 514; x_wconf 77' lang='grc' dir='ltr'><em>ἄνεμον,</em></span> <span class='ocrx_word' id='word_1_233' title='bbox 1137 457 1342 514; x_wconf 77' lang='grc' dir='ltr'><em>νέμονται</em></span> <span class='ocrx_word' id='word_1_234' title='bbox 1367 457 1649 513; x_wconf 82' lang='grc' dir='ltr'><em>Θυσσαγέται,</em></span> 
     </span>
    </p>
   </div>
   <div class='ocr_carea' id='block_1_10' title="bbox 1044 590 1712 2904">
    <p class='ocr_par' dir='ltr' id='par_1_11' title="bbox 1044 590 1712 2158">
     <span class='ocr_line' id='line_1_52' title="bbox 1046 590 1707 643; baseline -0.003 -14"><span class='ocrx_word' id='word_1_235' title='bbox 1046 590 1202 643; x_wconf 74' lang='lat' dir='ltr'>chryn,</span> <span class='ocrx_word' id='word_1_236' title='bbox 1257 604 1280 628; x_wconf 90' lang='lat' dir='ltr'>a</span> <span class='ocrx_word' id='word_1_237' title='bbox 1312 592 1440 628; x_wconf 87' lang='lat' dir='ltr'>Russis</span> <span class='ocrx_word' id='word_1_238' title='bbox 1482 590 1707 642; x_wconf 74' lang='lat' dir='ltr'>Ryn-peski.</span> 
     </span>
     <span class='ocr_line' id='line_1_53' title="bbox 1044 648 1707 698; baseline -0.003 -12"><span class='ocrx_word' id='word_1_239' title='bbox 1044 649 1229 687; x_wconf 86' lang='lat' dir='ltr'>Mannert.</span> <span class='ocrx_word' id='word_1_240' title='bbox 1248 648 1298 684; x_wconf 85' lang='lat' dir='ltr'>lv</span> <span class='ocrx_word' id='word_1_241' title='bbox 1317 661 1402 698; x_wconf 85' lang='lat' dir='ltr'>pag.</span> <span class='ocrx_word' id='word_1_242' title='bbox 1417 651 1494 689; x_wconf 87' lang='lat'>109</span> <span class='ocrx_word' id='word_1_243' title='bbox 1513 650 1561 686; x_wconf 87' lang='lat' dir='ltr'>de</span> <span class='ocrx_word' id='word_1_244' title='bbox 1584 649 1707 696; x_wconf 82' lang='lat' dir='ltr'>regio-</span> 
     </span>
     <span class='ocr_line' id='line_1_54' title="bbox 1045 704 1708 753; baseline -0.003 -11"><span class='ocrx_word' id='word_1_245' title='bbox 1045 718 1091 744; x_wconf 87' lang='lat' dir='ltr'>ne</span> <span class='ocrx_word' id='word_1_246' title='bbox 1113 705 1283 743; x_wconf 86' lang='lat' dir='ltr'>sabulosa</span> <span class='ocrx_word' id='word_1_247' title='bbox 1315 710 1415 741; x_wconf 87' lang='lat' dir='ltr'>trans</span> <span class='ocrx_word' id='word_1_248' title='bbox 1440 704 1594 753; x_wconf 79' lang='lat' dir='ltr'>Volgam</span> <span class='ocrx_word' id='word_1_249' title='bbox 1615 705 1708 741; x_wconf 87' lang='lat' dir='ltr'>circa</span> 
     </span>
     <span class='ocr_line' id='line_1_55' title="bbox 1046 761 1709 809; baseline -0.006 -9"><span class='ocrx_word' id='word_1_250' title='bbox 1046 762 1162 800; x_wconf 91' lang='lat' dir='ltr'>lacum</span> <span class='ocrx_word' id='word_1_251' title='bbox 1181 761 1336 806; x_wconf 85' lang='lat' dir='ltr'>salsum,</span> <span class='ocrx_word' id='word_1_252' title='bbox 1367 761 1477 797; x_wconf 89' lang='lat' dir='ltr'>Eltou</span> <span class='ocrx_word' id='word_1_253' title='bbox 1490 789 1500 807; x_wconf 90' lang='lat'>,</span> <span class='ocrx_word' id='word_1_254' title='bbox 1529 761 1588 797; x_wconf 89' lang='lat' dir='ltr'>hic</span> <span class='ocrx_word' id='word_1_255' title='bbox 1608 761 1709 809; x_wconf 86' lang='lat' dir='ltr'>cogi-</span> 
     </span>
     <span class='ocr_line' id='line_1_56' title="bbox 1046 817 1710 867; baseline -0.006 -10"><span class='ocrx_word' id='word_1_256' title='bbox 1046 820 1198 856; x_wconf 87' lang='lat' dir='ltr'>tandum</span> <span class='ocrx_word' id='word_1_257' title='bbox 1229 830 1310 855; x_wconf 82' lang='lat' dir='ltr'>esse</span> <span class='ocrx_word' id='word_1_258' title='bbox 1339 817 1556 867; x_wconf 87' lang='lat' dir='ltr'>suspicatur.</span> <span class='ocrx_word' id='word_1_259' title='bbox 1616 817 1710 854; x_wconf 86' lang='lat' dir='ltr'>Utut</span> 
     </span>
     <span class='ocr_line' id='line_1_57' title="bbox 1049 872 1711 923; baseline -0.008 -10"><span class='ocrx_word' id='word_1_260' title='bbox 1049 881 1130 923; x_wconf 84' lang='lat' dir='ltr'>est,</span> <span class='ocrx_word' id='word_1_261' title='bbox 1171 876 1218 912; x_wconf 91' lang='lat' dir='ltr'>ad</span> <span class='ocrx_word' id='word_1_262' title='bbox 1249 874 1461 911; x_wconf 85' lang='lat' dir='ltr'>orientalem</span> <span class='ocrx_word' id='word_1_263' title='bbox 1491 872 1635 922; x_wconf 88' lang='lat' dir='ltr'>Volgae</span> <span class='ocrx_word' id='word_1_264' title='bbox 1663 873 1711 909; x_wconf 92' lang='lat' dir='ltr'>ri-</span> 
     </span>
     <span class='ocr_line' id='line_1_58' title="bbox 1049 930 1709 983; baseline -0.005 -14"><span class='ocrx_word' id='word_1_265' title='bbox 1049 945 1134 983; x_wconf 91' lang='lat' dir='ltr'>pam</span> <span class='ocrx_word' id='word_1_266' title='bbox 1154 932 1243 969; x_wconf 84' lang='lat' dir='ltr'>haec</span> <span class='ocrx_word' id='word_1_267' title='bbox 1263 931 1408 968; x_wconf 85' lang='lat' dir='ltr'>deserta</span> <span class='ocrx_word' id='word_1_268' title='bbox 1426 930 1638 979; x_wconf 89' lang='lat' dir='ltr'>quaerenda</span> <span class='ocrx_word' id='word_1_269' title='bbox 1649 941 1709 967; x_wconf 81' lang='lat' dir='ltr'>es-</span> 
     </span>
     <span class='ocr_line' id='line_1_59' title="bbox 1051 985 1710 1035; baseline -0.006 -9"><span class='ocrx_word' id='word_1_270' title='bbox 1051 1002 1110 1035; x_wconf 88' lang='lat' dir='ltr'>se,</span> <span class='ocrx_word' id='word_1_271' title='bbox 1148 989 1205 1025; x_wconf 89' lang='lat' dir='ltr'>hic</span> <span class='ocrx_word' id='word_1_272' title='bbox 1224 987 1293 1024; x_wconf 92' lang='lat' dir='ltr'>illic</span> <span class='ocrx_word' id='word_1_273' title='bbox 1317 1000 1412 1024; x_wconf 88' lang='lat' dir='ltr'>nunc</span> <span class='ocrx_word' id='word_1_274' title='bbox 1441 987 1489 1023; x_wconf 89' lang='lat' dir='ltr'>ad</span> <span class='ocrx_word' id='word_1_275' title='bbox 1511 985 1710 1035; x_wconf 84' lang='lat' dir='ltr'>agricultu-</span> 
     </span>
     <span class='ocr_line' id='line_1_60' title="bbox 1048 1043 1712 1093; baseline -0.006 -11"><span class='ocrx_word' id='word_1_276' title='bbox 1048 1059 1123 1082; x_wconf 89' lang='lat' dir='ltr'>ram</span> <span class='ocrx_word' id='word_1_277' title='bbox 1145 1045 1308 1081; x_wconf 89' lang='lat' dir='ltr'>adhiberi</span> <span class='ocrx_word' id='word_1_278' title='bbox 1326 1047 1477 1093; x_wconf 83' lang='lat' dir='ltr'>coepta,</span> <span class='ocrx_word' id='word_1_279' title='bbox 1498 1043 1712 1093; x_wconf 87' lang='lat' dir='ltr'>pronuntiat</span> 
     </span>
     <span class='ocr_line' id='line_1_61' title="bbox 1048 1099 1710 1150; baseline -0.008 -10"><span class='ocrx_word' id='word_1_280' title='bbox 1048 1101 1241 1140; x_wconf 86' lang='lat' dir='ltr'>Reichard.</span> <span class='ocrx_word' id='word_1_281' title='bbox 1265 1100 1287 1136; x_wconf 91' lang='lat' dir='ltr'>l.</span> <span class='ocrx_word' id='word_1_282' title='bbox 1310 1100 1332 1137; x_wconf 92' lang='lat' dir='ltr'>l.</span> <span class='ocrx_word' id='word_1_283' title='bbox 1354 1113 1439 1150; x_wconf 86' lang='lat' dir='ltr'>pag.</span> <span class='ocrx_word' id='word_1_284' title='bbox 1463 1102 1528 1140; x_wconf 77' lang='lat'>33.</span> <span class='ocrx_word' id='word_1_285' title='bbox 1549 1120 1600 1128; x_wconf 90' lang='lat'><em>-</em></span> <span class='ocrx_word' id='word_1_286' title='bbox 1620 1099 1710 1136; x_wconf 84' lang='lat' dir='ltr'>Mox</span> 
     </span>
     <span class='ocr_line' id='line_1_62' title="bbox 1048 1148 1709 1195; baseline -0.003 0"><span class='ocrx_word' id='word_1_287' title='bbox 1048 1171 1127 1195; x_wconf 91' lang='lat' dir='ltr'>cum</span> <span class='ocrx_word' id='word_1_288' title='bbox 1153 1161 1305 1195; x_wconf 85' lang='lat' dir='ltr'>recentt.</span> <span class='ocrx_word' id='word_1_289' title='bbox 1329 1157 1413 1194; x_wconf 87' lang='lat' dir='ltr'>edd.</span> <span class='ocrx_word' id='word_1_290' title='bbox 1441 1156 1586 1193; x_wconf 78' lang='lat' dir='ltr'><strong>exhibui</strong></span> <span class='ocrx_word' id='word_1_291' title='bbox 1607 1148 1709 1193; x_wconf 69' lang='grc' dir='ltr'><em>ἄπο-</em></span> 
     </span>
     <span class='ocr_line' id='line_1_63' title="bbox 1049 1208 1708 1263; baseline -0.006 -10"><span class='ocrx_word' id='word_1_292' title='bbox 1049 1215 1221 1253; x_wconf 79' lang='grc' dir='ltr'><em>κλίνοντι</em></span> <span class='ocrx_word' id='word_1_293' title='bbox 1249 1226 1316 1263; x_wconf 88' lang='lat' dir='ltr'>pro</span> <span class='ocrx_word' id='word_1_294' title='bbox 1340 1208 1611 1250; x_wconf 81' lang='grc' dir='ltr'><em>α’ποκλίναντι.</em></span> <span class='ocrx_word' id='word_1_295' title='bbox 1649 1212 1708 1250; x_wconf 92' lang='lat' dir='ltr'>Cf.</span> 
     </span>
     <span class='ocr_line' id='line_1_64' title="bbox 1049 1263 1710 1319; baseline -0.003 -11"><span class='ocrx_word' id='word_1_296' title='bbox 1049 1272 1114 1318; x_wconf 90' lang='lat' dir='ltr'>lll,</span> <span class='ocrx_word' id='word_1_297' title='bbox 1142 1268 1232 1310; x_wconf 83' lang='lat'>114.</span> <span class='ocrx_word' id='word_1_298' title='bbox 1264 1269 1386 1307; x_wconf 84' lang='lat' dir='ltr'>Verba</span> <span class='ocrx_word' id='word_1_299' title='bbox 1404 1265 1505 1319; x_wconf 83' lang='grc' dir='ltr'><em>πρὸς</em></span> <span class='ocrx_word' id='word_1_300' title='bbox 1532 1263 1710 1319; x_wconf 79' lang='grc' dir='ltr'><em>οἷπηλιώ-</em></span> 
     </span>
     <span class='ocr_line' id='line_1_65' title="bbox 1050 1322 1709 1378; baseline -0.003 -12"><span class='ocrx_word' id='word_1_301' title='bbox 1050 1343 1122 1378; x_wconf 89' lang='grc' dir='ltr'><em>την</em></span> <span class='ocrx_word' id='word_1_302' title='bbox 1145 1323 1295 1376; x_wconf 75' lang='grc' dir='ltr'><em>ἅνεμον</em></span> <span class='ocrx_word' id='word_1_303' title='bbox 1329 1324 1381 1377; x_wconf 91' lang='lat' dir='ltr'>(in</span> <span class='ocrx_word' id='word_1_304' title='bbox 1401 1326 1531 1374; x_wconf 88' lang='lat' dir='ltr'>quibus</span> <span class='ocrx_word' id='word_1_305' title='bbox 1558 1322 1709 1377; x_wconf 71' lang='grc' dir='ltr'><em>ἄνεμον</em></span> 
     </span>
     <span class='ocr_line' id='line_1_66' title="bbox 1051 1383 1711 1433; baseline -0.003 -12"><span class='ocrx_word' id='word_1_306' title='bbox 1051 1384 1156 1421; x_wconf 89' lang='lat' dir='ltr'>simili</span> <span class='ocrx_word' id='word_1_307' title='bbox 1184 1383 1409 1420; x_wconf 83' lang='lat' dir='ltr'>abundantia</span> <span class='ocrx_word' id='word_1_308' title='bbox 1434 1383 1615 1420; x_wconf 83' lang='lat' dir='ltr'>adiectum</span> <span class='ocrx_word' id='word_1_309' title='bbox 1642 1395 1711 1433; x_wconf 91' lang='lat' dir='ltr'>pu-</span> 
     </span>
     <span class='ocr_line' id='line_1_67' title="bbox 1051 1438 1709 1488; baseline -0.005 -10"><span class='ocrx_word' id='word_1_310' title='bbox 1051 1447 1192 1487; x_wconf 85' lang='lat' dir='ltr'>tamus,</span> <span class='ocrx_word' id='word_1_311' title='bbox 1249 1440 1320 1488; x_wconf 65' lang='lat' dir='ltr'>quii</span> <span class='ocrx_word' id='word_1_312' title='bbox 1358 1440 1393 1475; x_wconf 91' lang='lat' dir='ltr'>in</span> <span class='ocrx_word' id='word_1_313' title='bbox 1429 1438 1609 1477; x_wconf 83' lang='lat' dir='ltr'>locutione</span> <span class='ocrx_word' id='word_1_314' title='bbox 1638 1439 1709 1487; x_wconf 83' lang='lat' dir='ltr'>illa,</span> 
     </span>
     <span class='ocr_line' id='line_1_68' title="bbox 1050 1492 1711 1548; baseline -0.006 -13"><span class='ocrx_word' id='word_1_315' title='bbox 1050 1494 1147 1548; x_wconf 77' lang='grc' dir='ltr'><em>πρὸς</em></span> <span class='ocrx_word' id='word_1_316' title='bbox 1166 1497 1295 1547; x_wconf 87' lang='grc' dir='ltr'><em>βορῆν</em></span> <span class='ocrx_word' id='word_1_317' title='bbox 1319 1492 1467 1545; x_wconf 69' lang='grc' dir='ltr'><em>ἄνεμον</em></span> <span class='ocrx_word' id='word_1_318' title='bbox 1489 1495 1556 1543; x_wconf 84' lang='lat' dir='ltr'>lv,</span> <span class='ocrx_word' id='word_1_319' title='bbox 1582 1499 1631 1543; x_wconf 87' lang='lat'>7,</span> <span class='ocrx_word' id='word_1_320' title='bbox 1661 1496 1711 1532; x_wconf 91' lang='lat' dir='ltr'>si-</span> 
     </span>
     <span class='ocr_line' id='line_1_69' title="bbox 1051 1551 1710 1600; baseline -0.003 -10"><span class='ocrx_word' id='word_1_321' title='bbox 1051 1554 1218 1600; x_wconf 85' lang='lat' dir='ltr'>milibus)</span> <span class='ocrx_word' id='word_1_322' title='bbox 1240 1552 1378 1589; x_wconf 78' lang='lat' dir='ltr'>valent:</span> <span class='ocrx_word' id='word_1_323' title='bbox 1420 1551 1581 1598; x_wconf 77' lang='lat' dir='ltr'>Eurum,</span> <span class='ocrx_word' id='word_1_324' title='bbox 1615 1551 1710 1589; x_wconf 79' lang='lat' dir='ltr'>Sub-</span> 
     </span>
     <span class='ocr_line' id='line_1_70' title="bbox 1051 1608 1710 1654; baseline -0.002 -8"><span class='ocrx_word' id='word_1_325' title='bbox 1051 1611 1210 1646; x_wconf 76' lang='lat' dir='ltr'>solanum</span> <span class='ocrx_word' id='word_1_326' title='bbox 1230 1621 1362 1654; x_wconf 74' lang='lat' dir='ltr'>verSnS,</span> <span class='ocrx_word' id='word_1_327' title='bbox 1392 1612 1431 1644; x_wconf 91' lang='lat' dir='ltr'>ut</span> <span class='ocrx_word' id='word_1_328' title='bbox 1453 1608 1514 1653; x_wconf 84' lang='lat' dir='ltr'>lv,</span> <span class='ocrx_word' id='word_1_329' title='bbox 1536 1611 1600 1649; x_wconf 77' lang='lat'>99.</span> <span class='ocrx_word' id='word_1_330' title='bbox 1619 1608 1710 1649; x_wconf 80' lang='lat'>152.</span> 
     </span>
     <span class='ocr_line' id='line_1_71' title="bbox 1051 1660 1711 1715; baseline 0 -12"><span class='ocrx_word' id='word_1_331' title='bbox 1051 1667 1134 1713; x_wconf 91' lang='lat' dir='ltr'>Vll,</span> <span class='ocrx_word' id='word_1_332' title='bbox 1164 1668 1256 1706; x_wconf 74' lang='lat'>188.</span> <span class='ocrx_word' id='word_1_333' title='bbox 1307 1665 1402 1703; x_wconf 86' lang='lat' dir='ltr'>Nam</span> <span class='ocrx_word' id='word_1_334' title='bbox 1434 1662 1453 1703; x_wconf 87' lang='grc' dir='ltr'>ὁ</span> <span class='ocrx_word' id='word_1_335' title='bbox 1482 1660 1711 1715; x_wconf 74' lang='grc' dir='ltr'><em>α’πηλιώτης</em></span> 
     </span>
     <span class='ocr_line' id='line_1_72' title="bbox 1051 1722 1710 1770; baseline -0.002 -11"><span class='ocrx_word' id='word_1_336' title='bbox 1051 1723 1260 1759; x_wconf 77' lang='lat' dir='ltr'>subsolanus</span> <span class='ocrx_word' id='word_1_337' title='bbox 1294 1726 1350 1759; x_wconf 86' lang='lat' dir='ltr'>est</span> <span class='ocrx_word' id='word_1_338' title='bbox 1379 1726 1531 1766; x_wconf 78' lang='lat' dir='ltr'>ventus,</span> <span class='ocrx_word' id='word_1_339' title='bbox 1576 1722 1636 1770; x_wconf 90' lang='lat' dir='ltr'>qui</span> <span class='ocrx_word' id='word_1_340' title='bbox 1663 1722 1710 1758; x_wconf 90' lang='lat' dir='ltr'>ab</span> 
     </span>
     <span class='ocr_line' id='line_1_73' title="bbox 1050 1778 1710 1828; baseline -0.003 -12"><span class='ocrx_word' id='word_1_341' title='bbox 1050 1785 1132 1816; x_wconf 87' lang='lat' dir='ltr'>ortu</span> <span class='ocrx_word' id='word_1_342' title='bbox 1148 1778 1402 1828; x_wconf 80' lang='lat' dir='ltr'>aequinoctiali</span> <span class='ocrx_word' id='word_1_343' title='bbox 1413 1779 1590 1827; x_wconf 83' lang='lat' dir='ltr'>procedit.</span> <span class='ocrx_word' id='word_1_344' title='bbox 1612 1778 1710 1815; x_wconf 62' lang='lat' dir='ltr'>Nos:</span> 
     </span>
     <span class='ocr_line' id='line_1_74' title="bbox 1054 1834 1709 1873; baseline -0.005 0"><span class='ocrx_word' id='word_1_345' title='bbox 1054 1836 1231 1873; x_wconf 62' lang='lat' dir='ltr'>Ostwmd.</span> <span class='ocrx_word' id='word_1_346' title='bbox 1281 1836 1338 1872; x_wconf 86' lang='lat' dir='ltr'>Cf.</span> <span class='ocrx_word' id='word_1_347' title='bbox 1366 1834 1519 1871; x_wconf 89' lang='lat' dir='ltr'>Salmas.</span> <span class='ocrx_word' id='word_1_348' title='bbox 1540 1834 1709 1871; x_wconf 84' lang='lat' dir='ltr'>Exercitt.</span> 
     </span>
     <span class='ocr_line' id='line_1_75' title="bbox 1052 1891 1710 1942; baseline -0.002 -12"><span class='ocrx_word' id='word_1_349' title='bbox 1052 1894 1168 1930; x_wconf 87' lang='lat' dir='ltr'>Pliun.</span> <span class='ocrx_word' id='word_1_350' title='bbox 1202 1905 1289 1942; x_wconf 85' lang='lat' dir='ltr'>pag.</span> <span class='ocrx_word' id='word_1_351' title='bbox 1314 1893 1396 1932; x_wconf 78' lang='lat'>879</span> <span class='ocrx_word' id='word_1_352' title='bbox 1416 1891 1484 1936; x_wconf 89' lang='lat' dir='ltr'>F.‚</span> <span class='ocrx_word' id='word_1_353' title='bbox 1520 1904 1592 1940; x_wconf 93' lang='lat' dir='ltr'>quo</span> <span class='ocrx_word' id='word_1_354' title='bbox 1613 1895 1710 1929; x_wconf 86' lang='lat' dir='ltr'>recte</span> 
     </span>
     <span class='ocr_line' id='line_1_76' title="bbox 1051 1947 1709 1999; baseline -0.006 -12"><span class='ocrx_word' id='word_1_355' title='bbox 1051 1951 1162 1987; x_wconf 84' lang='lat' dir='ltr'>utitur</span> <span class='ocrx_word' id='word_1_356' title='bbox 1181 1948 1361 1999; x_wconf 80' lang='lat' dir='ltr'>Leopold.</span> <span class='ocrx_word' id='word_1_357' title='bbox 1383 1948 1431 1984; x_wconf 87' lang='lat' dir='ltr'>ad</span> <span class='ocrx_word' id='word_1_358' title='bbox 1454 1947 1551 1984; x_wconf 90' lang='lat' dir='ltr'>Plut.</span> <span class='ocrx_word' id='word_1_359' title='bbox 1570 1949 1709 1985; x_wconf 86' lang='lat' dir='ltr'>Sertor.</span> 
     </span>
     <span class='ocr_line' id='line_1_77' title="bbox 1051 2004 1711 2054; baseline -0.003 -11"><span class='ocrx_word' id='word_1_360' title='bbox 1051 2009 1087 2048; x_wconf 87' lang='lat'>8.</span> <span class='ocrx_word' id='word_1_361' title='bbox 1128 2007 1266 2043; x_wconf 89' lang='lat' dir='ltr'>Coraes</span> <span class='ocrx_word' id='word_1_362' title='bbox 1307 2005 1355 2042; x_wconf 90' lang='lat' dir='ltr'>ad</span> <span class='ocrx_word' id='word_1_363' title='bbox 1399 2004 1615 2054; x_wconf 86' lang='lat' dir='ltr'>Hippocrat.</span> <span class='ocrx_word' id='word_1_364' title='bbox 1652 2004 1711 2041; x_wconf 82' lang='lat' dir='ltr'>De</span> 
     </span>
     <span class='ocr_line' id='line_1_78' title="bbox 1050 2060 1709 2112; baseline -0.005 -12"><span class='ocrx_word' id='word_1_365' title='bbox 1050 2076 1124 2100; x_wconf 86' lang='lat' dir='ltr'>aer.</span> <span class='ocrx_word' id='word_1_366' title='bbox 1148 2075 1206 2111; x_wconf 87' lang='lat' dir='ltr'>aq.</span> <span class='ocrx_word' id='word_1_367' title='bbox 1238 2066 1276 2099; x_wconf 90' lang='lat' dir='ltr'>et</span> <span class='ocrx_word' id='word_1_368' title='bbox 1305 2062 1391 2099; x_wconf 88' lang='lat' dir='ltr'>locc.</span> <span class='ocrx_word' id='word_1_369' title='bbox 1409 2060 1455 2098; x_wconf 86' lang='lat' dir='ltr'>T.</span> <span class='ocrx_word' id='word_1_370' title='bbox 1478 2062 1492 2097; x_wconf 91' lang='lat' dir='ltr'>l</span> <span class='ocrx_word' id='word_1_371' title='bbox 1519 2075 1555 2112; x_wconf 90' lang='lat' dir='ltr'>p.</span> <span class='ocrx_word' id='word_1_372' title='bbox 1574 2060 1709 2098; x_wconf 87' lang='lat' dir='ltr'>LXlX.</span> 
     </span>
     <span class='ocr_line' id='line_1_79' title="bbox 1049 2119 1253 2158; baseline -0.02 0"><span class='ocrx_word' id='word_1_373' title='bbox 1049 2119 1253 2158; x_wconf 82' lang='lat' dir='ltr'>LXXXllI.</span> 
     </span>
    </p>

    <p class='ocr_par' dir='ltr' id='par_1_12' title="bbox 1051 2172 1709 2904">
     <span class='ocr_line' id='line_1_80' title="bbox 1110 2172 1709 2226; baseline -0.01 -12"><span class='ocrx_word' id='word_1_374' title='bbox 1110 2173 1367 2226; x_wconf 77' lang='grc' dir='ltr'><em>Θυσσαγέται]</em></span> <span class='ocrx_word' id='word_1_375' title='bbox 1408 2174 1492 2213; x_wconf 92' lang='lat' dir='ltr'>Vid.</span> <span class='ocrx_word' id='word_1_376' title='bbox 1524 2174 1617 2210; x_wconf 82' lang='lat' dir='ltr'>iufra</span> <span class='ocrx_word' id='word_1_377' title='bbox 1646 2172 1709 2218; x_wconf 93' lang='lat' dir='ltr'>lV,</span> 
     </span>
     <span class='ocr_line' id='line_1_81' title="bbox 1056 2227 1709 2282; baseline -0.005 -11"><span class='ocrx_word' id='word_1_378' title='bbox 1056 2236 1135 2274; x_wconf 77' lang='lat'>123</span> <span class='ocrx_word' id='word_1_379' title='bbox 1159 2236 1196 2270; x_wconf 83' lang='lat' dir='ltr'>et</span> <span class='ocrx_word' id='word_1_380' title='bbox 1215 2233 1343 2282; x_wconf 85' lang='lat' dir='ltr'>Stcph.</span> <span class='ocrx_word' id='word_1_381' title='bbox 1365 2232 1454 2279; x_wconf 68' lang='lat' dir='ltr'>Byz.</span> <span class='ocrx_word' id='word_1_382' title='bbox 1473 2244 1501 2267; x_wconf 88' lang='lat' dir='ltr'>s.</span> <span class='ocrx_word' id='word_1_383' title='bbox 1521 2243 1551 2267; x_wconf 82' lang='lat' dir='ltr'>v,</span> <span class='ocrx_word' id='word_1_384' title='bbox 1576 2243 1612 2279; x_wconf 87' lang='lat' dir='ltr'>p.</span> <span class='ocrx_word' id='word_1_385' title='bbox 1626 2227 1709 2268; x_wconf 87' lang='grc'>405</span> 
     </span>
     <span class='ocr_line' id='line_1_82' title="bbox 1051 2281 1709 2339; baseline -0.011 -12"><span class='ocrx_word' id='word_1_386' title='bbox 1051 2290 1161 2327; x_wconf 87' lang='lat' dir='ltr'>Berk.</span> <span class='ocrx_word' id='word_1_387' title='bbox 1201 2288 1311 2339; x_wconf 90' lang='lat' dir='ltr'>Apud</span> <span class='ocrx_word' id='word_1_388' title='bbox 1337 2288 1489 2324; x_wconf 87' lang='lat' dir='ltr'>Plinium</span> <span class='ocrx_word' id='word_1_389' title='bbox 1511 2286 1558 2322; x_wconf 88' lang='lat' dir='ltr'>H.</span> <span class='ocrx_word' id='word_1_390' title='bbox 1577 2281 1631 2322; x_wconf 56' lang='lat' dir='ltr'>NJ</span> <span class='ocrx_word' id='word_1_391' title='bbox 1647 2284 1709 2331; x_wconf 85' lang='lat' dir='ltr'>lV,</span> 
     </span>
     <span class='ocr_line' id='line_1_83' title="bbox 1057 2341 1709 2397; baseline -0.009 -15"><span class='ocrx_word' id='word_1_392' title='bbox 1057 2349 1107 2386; x_wconf 81' lang='lat'>12</span> <span class='ocrx_word' id='word_1_393' title='bbox 1133 2345 1234 2397; x_wconf 78' lang='lat'>(26).</span> <span class='ocrx_word' id='word_1_394' title='bbox 1266 2344 1330 2390; x_wconf 88' lang='lat' dir='ltr'>Vl,</span> <span class='ocrx_word' id='word_1_395' title='bbox 1348 2348 1372 2384; x_wconf 89' lang='lat'>7</span> <span class='ocrx_word' id='word_1_396' title='bbox 1394 2347 1571 2380; x_wconf 77' lang='lat' dir='ltr'>vocantur</span> <span class='ocrx_word' id='word_1_397' title='bbox 1590 2341 1709 2377; x_wconf 77' lang='lat' dir='ltr'>Thus-</span> 
     </span>
     <span class='ocr_line' id='line_1_84' title="bbox 1054 2398 1709 2449; baseline -0.008 -11"><span class='ocrx_word' id='word_1_398' title='bbox 1054 2407 1209 2449; x_wconf 73' lang='lat' dir='ltr'>sugetae.</span> <span class='ocrx_word' id='word_1_399' title='bbox 1253 2401 1349 2438; x_wconf 77' lang='lat' dir='ltr'>Add.</span> <span class='ocrx_word' id='word_1_400' title='bbox 1371 2400 1549 2449; x_wconf 84' lang='lat' dir='ltr'>Pompon.</span> <span class='ocrx_word' id='word_1_401' title='bbox 1572 2398 1658 2435; x_wconf 75' lang='lat' dir='ltr'>Mel.</span> <span class='ocrx_word' id='word_1_402' title='bbox 1682 2398 1709 2444; x_wconf 92' lang='lat' dir='ltr'>l,</span> 
     </span>
     <span class='ocr_line' id='line_1_85' title="bbox 1057 2455 1709 2505; baseline -0.008 -8"><span class='ocrx_word' id='word_1_403' title='bbox 1057 2462 1121 2505; x_wconf 89' lang='grc'>19,</span> <span class='ocrx_word' id='word_1_404' title='bbox 1150 2458 1247 2499; x_wconf 75' lang='lat'>141:</span> <span class='ocrx_word' id='word_1_405' title='bbox 1293 2457 1433 2504; x_wconf 83' lang='lat' dir='ltr'>„quta</span> <span class='ocrx_word' id='word_1_406' title='bbox 1453 2455 1709 2503; x_wconf 69' lang='lat' dir='ltr'>Thyssagetae</span> 
     </span>
     <span class='ocr_line' id='line_1_86' title="bbox 1053 2511 1709 2563; baseline -0.008 -11"><span class='ocrx_word' id='word_1_407' title='bbox 1053 2516 1269 2563; x_wconf 86' lang='lat' dir='ltr'>Turcaeque</span> <span class='ocrx_word' id='word_1_408' title='bbox 1296 2518 1415 2550; x_wconf 84' lang='lat' dir='ltr'>vastas</span> <span class='ocrx_word' id='word_1_409' title='bbox 1450 2511 1568 2560; x_wconf 69' lang='lat' dir='ltr'>sylvus</span> <span class='ocrx_word' id='word_1_410' title='bbox 1603 2524 1709 2548; x_wconf 90' lang='lat' dir='ltr'>occu-</span> 
     </span>
     <span class='ocr_line' id='line_1_87' title="bbox 1053 2568 1709 2622; baseline -0.006 -14"><span class='ocrx_word' id='word_1_411' title='bbox 1053 2576 1143 2622; x_wconf 87' lang='lat' dir='ltr'>pant</span> <span class='ocrx_word' id='word_1_412' title='bbox 1163 2570 1380 2618; x_wconf 84' lang='lat' dir='ltr'>alunturque</span> <span class='ocrx_word' id='word_1_413' title='bbox 1400 2568 1624 2613; x_wconf 75' lang='lat' dir='ltr'>venaud03“</span> <span class='ocrx_word' id='word_1_414' title='bbox 1647 2568 1709 2605; x_wconf 89' lang='lat' dir='ltr'>ubi</span> 
     </span>
     <span class='ocr_line' id='line_1_88' title="bbox 1054 2624 1709 2674; baseline -0.008 -9"><span class='ocrx_word' id='word_1_415' title='bbox 1054 2628 1148 2665; x_wconf 86' lang='lat' dir='ltr'>conf.</span> <span class='ocrx_word' id='word_1_416' title='bbox 1167 2628 1213 2664; x_wconf 81' lang='lat' dir='ltr'>(le</span> <span class='ocrx_word' id='word_1_417' title='bbox 1235 2627 1332 2663; x_wconf 88' lang='lat' dir='ltr'>vocis</span> <span class='ocrx_word' id='word_1_418' title='bbox 1353 2626 1531 2674; x_wconf 88' lang='lat' dir='ltr'>scriptura</span> <span class='ocrx_word' id='word_1_419' title='bbox 1546 2624 1709 2661; x_wconf 87' lang='lat' dir='ltr'>Tzschu-</span> 
     </span>
     <span class='ocr_line' id='line_1_89' title="bbox 1053 2680 1706 2731; baseline -0.008 -10"><span class='ocrx_word' id='word_1_420' title='bbox 1053 2686 1120 2721; x_wconf 83' lang='lat' dir='ltr'>cke</span> <span class='ocrx_word' id='word_1_421' title='bbox 1141 2684 1177 2720; x_wconf 90' lang='lat' dir='ltr'>in</span> <span class='ocrx_word' id='word_1_422' title='bbox 1196 2688 1286 2719; x_wconf 90' lang='lat' dir='ltr'>nott.</span> <span class='ocrx_word' id='word_1_423' title='bbox 1304 2685 1395 2719; x_wconf 87' lang='lat' dir='ltr'>critt.</span> <span class='ocrx_word' id='word_1_424' title='bbox 1420 2681 1500 2718; x_wconf 94' lang='lat' dir='ltr'>Vol.</span> <span class='ocrx_word' id='word_1_425' title='bbox 1524 2681 1556 2717; x_wconf 93' lang='lat' dir='ltr'>ll</span> <span class='ocrx_word' id='word_1_426' title='bbox 1577 2680 1618 2717; x_wconf 88' lang='lat' dir='ltr'>P.</span> <span class='ocrx_word' id='word_1_427' title='bbox 1638 2681 1706 2731; x_wconf 86' lang='lat' dir='ltr'>lp.</span> 
     </span>
     <span class='ocr_line' id='line_1_90' title="bbox 1053 2736 1708 2787; baseline -0.008 -10"><span class='ocrx_word' id='word_1_428' title='bbox 1053 2740 1147 2782; x_wconf 83' lang='lat'>648.</span> <span class='ocrx_word' id='word_1_429' title='bbox 1201 2740 1291 2776; x_wconf 84' lang='lat' dir='ltr'>Post</span> <span class='ocrx_word' id='word_1_430' title='bbox 1319 2739 1377 2776; x_wconf 89' lang='lat' dir='ltr'>De</span> <span class='ocrx_word' id='word_1_431' title='bbox 1409 2738 1595 2787; x_wconf 89' lang='lat' dir='ltr'>Guignes‚</span> <span class='ocrx_word' id='word_1_432' title='bbox 1645 2736 1708 2786; x_wconf 92' lang='lat' dir='ltr'>qui</span> 
     </span>
     <span class='ocr_line' id='line_1_91' title="bbox 1053 2794 1707 2847; baseline -0.008 -13"><span class='ocrx_word' id='word_1_433' title='bbox 1053 2797 1075 2834; x_wconf 94' lang='lat' dir='ltr'>l.</span> <span class='ocrx_word' id='word_1_434' title='bbox 1095 2797 1116 2833; x_wconf 92' lang='lat' dir='ltr'>l.</span> <span class='ocrx_word' id='word_1_435' title='bbox 1135 2808 1221 2847; x_wconf 90' lang='lat' dir='ltr'>pag.</span> <span class='ocrx_word' id='word_1_436' title='bbox 1246 2795 1339 2836; x_wconf 78' lang='lat'>546.</span> <span class='ocrx_word' id='word_1_437' title='bbox 1357 2795 1438 2836; x_wconf 87' lang='grc'>550</span> <span class='ocrx_word' id='word_1_438' title='bbox 1464 2794 1707 2845; x_wconf 73' lang='lat' dir='ltr'>Tliyssagetas</span> 
     </span>
     <span class='ocr_line' id='line_1_92' title="bbox 1051 2851 1709 2904; baseline -0.006 -13"><span class='ocrx_word' id='word_1_439' title='bbox 1051 2854 1100 2891; x_wconf 89' lang='lat' dir='ltr'>ad</span> <span class='ocrx_word' id='word_1_440' title='bbox 1121 2858 1309 2904; x_wconf 88' lang='lat' dir='ltr'>utramque</span> <span class='ocrx_word' id='word_1_441' title='bbox 1320 2852 1460 2902; x_wconf 86' lang='lat' dir='ltr'>Volgae</span> <span class='ocrx_word' id='word_1_442' title='bbox 1475 2853 1589 2904; x_wconf 89' lang='lat' dir='ltr'>ripam</span> <span class='ocrx_word' id='word_1_443' title='bbox 1602 2851 1639 2888; x_wconf 90' lang='lat' dir='ltr'>in</span> <span class='ocrx_word' id='word_1_444' title='bbox 1652 2862 1709 2888; x_wconf 90' lang='lat' dir='ltr'>re-</span> 
     </span>
    </p>
   </div>
  </div>
 </body>
</html>
