1904 3304
449 307 506 347 66

847 304 1318 343 HERODOTI

448 412 622 466 νέουσι,
663 413 773 471 δῆλά
813 430 882 457 τοι
920 414 1084 470 γέγονε.
1143 418 1232 458 νῦν
1269 414 1315 459 δέ
1353 432 1429 470 μοι
1468 415 1577 468 εἰπὲ,
1621 417 1719 460 τίνα

449 483 560 537 εἶδες
587 484 670 541 ἤδη
700 484 877 529 πάντων
907 484 1158 539 ἀνθρώπων
1187 485 1328 538 οὕτως
1345 487 1558 530 ἐπίσκοπα
1575 485 1715 539 τοξεύ-

422 560 621 606 5οντα;“
674 555 938 612 Πρηξάσπεα
966 558 1010 600 δὲ
1033 555 1216 611 ὁρέοντα
1240 558 1380 612 ἄνδρα
1402 555 1456 601 οὗ
1488 557 1720 613 φρενήρεα,
1733 566 1777 600 55

449 628 523 671 καὶ
542 627 638 681 περὶ
659 625 807 686 ἑωυτῷ
832 629 1132 683 δειμαίνοντα,
1164 630 1321 673 εἰπεῖν·
1351 629 1597 682 ,,Δέσποτα,
1619 627 1720 672 οὐδ’

459 697 514 742 ἂν
557 696 695 741 αὐτὸν
732 697 863 754 ἔγωγε
902 699 1039 743 δοκέω
1069 700 1146 744 τὸν
1183 701 1290 745 θεὸν
1328 700 1445 744 οὕτω
1484 698 1541 743 ἂν
1577 703 1723 750 καλῶς

421 776 444 809 6
455 769 640 825 βαλεειν
652 773 678 793 “
744 768 848 813 Τότε
877 787 957 826 μεν
988 775 1126 814 ταῦτα
1156 770 1426 827 ἐξεργάσατο·
1466 770 1646 826 ἐτέρωδι
1676 770 1722 814 δὲ

453 840 673 894 Περσέων,
706 838 838 895 ὁμοῖα
867 847 981 885 τοῖσι
1011 843 1243 897 πρώτοισι,
1274 842 1473 886 δυώδεκα
1500 841 1569 886 ἐπ’
1602 841 1722 886 οὐδε-

447 981 678 1037 κατώρυξε.

453 1185 582 1235 οὕτως
609 1187 805 1227 ἐπίσκοπα
828 1183 1057 1237 τοξεύοντα]

396 1244 595 1285 ἐπίσκοπα
625 1244 712 1309 (ubi
745 1245 963 1281 adiectivum
993 1258 1060 1294 pro

396 1303 569 1339 adverbio
587 1303 673 1352 poni
694 1299 913 1350 existimem)
927 1295 1059 1347 τοξεύ-

398 1373 456 1398 ειν
477 1359 524 1396 de
554 1372 597 1395 eo
619 1357 780 1407 accipio,
822 1358 884 1406 qui
909 1369 1058 1406 scopum

395 1415 522 1462 feriat,
565 1415 627 1463 qui
650 1413 825 1461 sagittam
845 1413 892 1449 ad
912 1426 1061 1461 scopum

397 1472 549 1519 adigere
563 1471 665 1508 sciat.
684 1469 914 1507 ETheocrit.
928 1469 1062 1517 XXIV,

400 1530 480 1569 105
505 1527 674 1565 Larcher.
705 1525 815 1563 affert
841 1524 1062 1565 ἐπίσκοπον

399 1579 546 1624 ὀϊστόν.
582 1583 705 1631 Magis
721 1582 788 1619 huc
803 1583 949 1629 faciunt,
967 1595 1062 1632 quae

397 1640 518 1678 attulit
538 1640 676 1677 Iacobs.
700 1640 748 1675 ad
769 1639 895 1675 Achill.
917 1640 1002 1677 Tat.
1018 1640 1063 1686 ΙΙ,

398 1699 453 1738 29
472 1697 538 1744 (ad
556 1710 592 1747 p.
615 1696 684 1743 49,
705 1697 750 1743 9)
779 1708 815 1745 p.
841 1697 934 1737 573.
966 1696 1064 1733 Add.

398 1753 558 1803 Hesych.
582 1765 610 1790 s.
624 1766 657 1789 ν.
679 1751 899 1792 ἐπίσκοπα·
921 1748 1063 1806 τυγχά-

399 1825 520 1850 νοντα
532 1811 606 1848 τοῦ
630 1811 796 1856 σκοποῦ,
827 1810 886 1846 ubi
904 1810 974 1846 vid.
998 1809 1062 1846 ΑΙ-

400 1868 492 1904 bert.
513 1865 561 1903 T.
586 1867 600 1903 Ι
617 1879 654 1916 p.
672 1865 792 1906 1385.
831 1865 941 1917 Apud
955 1866 1064 1903 Eleos

400 1923 581 1960 invenitur
627 1917 848 1961 ἐπισκόπου
891 1918 1066 1973 Ἀρτέμν

402 1980 470 2026 δος
490 1978 664 2028 templum
690 1983 785 2016 teste
808 1979 1003 2017 Plutarcho
1031 1979 1063 2016 II

401 2050 436 2087 p.
458 2038 541 2077 302
561 2036 603 2072 C.
653 2035 750 2072 Hinc
769 2036 917 2073 verbum
938 2040 1065 2086 poste-

400 2093 505 2130 rioris
551 2093 680 2129 aetatis
722 2091 974 2140 ἐπισκοπεῖν,
1018 2094 1065 2130 de

402 2162 476 2199 quo
500 2147 666 2186 Lobeck.
688 2148 735 2184 ad
756 2148 949 2199 Phrynich.
978 2162 1063 2200 pag.

404 2206 496 2247 591.
516 2225 573 2232 --
615 2204 673 2242 De
702 2205 842 2242 ratione
864 2218 907 2243 ac
927 2207 1067 2255 signifi-

403 2263 545 2299 catione
562 2273 665 2298 arcus
691 2262 889 2310 symbolica
908 2263 1065 2300 diximus

403 2319 451 2355 ad
474 2318 538 2363 III,
559 2319 623 2356 21.

461 2371 580 2423 ὁμοῖα
599 2377 701 2411 τοῖσι
719 2369 927 2424 πρώτοισι]
949 2374 1067 2411 Vertit

405 2429 628 2477 Schweigh.:
672 2442 741 2464 mm
768 2430 935 2466 dissimili
957 2433 1066 2466 ratio-

404 2500 458 2523 ne.
517 2486 648 2523 Melius
698 2486 830 2534 opinor
880 2486 1066 2524 Letronne

407 2542 552 2591 (Journ.
580 2543 616 2579 d.
637 2542 723 2578 SaV.
753 2544 860 2581 1817
881 2556 964 2592 pag.
991 2542 1063 2593 97)

406 2599 547 2635 Vallam
571 2603 734 2635 secutus:
763 2600 974 2647 primoribus
996 2613 1064 2648 pa—

406 2668 471 2691 res.
523 2655 670 2693 Retinui
697 2652 830 2703 ὁμοῖα,
869 2656 966 2692 cuius
987 2656 1065 2692 loco

406 2712 488 2749 libri
504 2712 651 2761 quidam
673 2709 843 2761 ὁμοίως,
884 2713 982 2760 quod
1006 2724 1067 2748 su-

408 2780 473 2818 pra
491 2767 537 2813 II,
559 2768 614 2808 57
632 2768 852 2817 recepimus,
883 2769 983 2816 quod
1006 2781 1067 2805 ve-

408 2837 448 2861 ro
469 2824 548 2870 hie,
585 2828 758 2861 mutatam
788 2825 835 2860 ob
865 2824 931 2861 Ioci
954 2825 1067 2860 ratio-

408 2894 490 2918 nem
504 2909 513 2927 ‚
551 2881 661 2931 recipi
695 2880 791 2917 haud
825 2881 955 2930 potuit.
1005 2881 1064 2918 Tu

409 2938 503 2975 cons.
529 2951 625 2987 quae
650 2937 737 2975 citat
758 2936 963 2975 Letronue:
1001 2937 1065 2985 ΙΙΙ,

302 907 390 955 74‘
450 914 529 968 μιῇ
567 913 682 968 αἰτίῃ
723 930 750 955 α
776 912 930 971 ιόχρεῳ
982 913 1111 966 ἑλών,
1169 914 1360 967 ζώοντας
1409 914 1478 957 ἐπὶ
1525 912 1724 969 κεφαλήν

1118 1188 1155 1227 8.
1177 1187 1241 1227 57.
1262 1189 1327 1226 68.
1351 1187 1431 1231 VII,
1453 1185 1654 1230 116.141.
1676 1185 1782 1224 Thu-

1119 1244 1200 1293 cyd.
1227 1245 1252 1289 I,
1271 1245 1337 1283 25.
1371 1244 1452 1291 vn,
1472 1246 1538 1284 29.
1589 1244 1783 1281 Hemster-

1118 1300 1197 1336 hus.
1228 1301 1274 1336 ad
1304 1299 1453 1337 Lucian.
1480 1301 1606 1337 somn.
1635 1297 1671 1350 §.
1694 1301 1719 1340 2
1742 1313 1780 1350 p.

1122 1358 1203 1396 172
1233 1357 1290 1393 ed
1317 1357 1400 1405 Bip.
1424 1356 1589 1407 Lennep.
1621 1356 1669 1393 ad
1686 1356 1783 1393 Pha-

1119 1411 1222 1449 larid.
1239 1425 1323 1463 pag.
1346 1411 1440 1452 314.

1178 1464 1348 1515 ζωοντας
1367 1468 1431 1508 ἐπὶ
1451 1464 1634 1519 κεφαλὴν
1657 1463 1784 1507 κατώ-

1120 1526 1224 1576 ρυξε]
1264 1526 1416 1562 Schwei
1409 1526 1465 1574 „nh
1491 1526 1579 1562 haec
1597 1526 1647 1562 ita
1672 1526 1785 1562 inter-

1119 1587 1283 1632 pretatur
1306 1596 1313 1618 :
1360 1595 1454 1618 vivos
1493 1584 1628 1618 inverso
1667 1583 1783 1631 capite

1121 1638 1220 1675 terni
1251 1641 1354 1675 iussit
1383 1638 1513 1688 defodi.
1552 1638 1714 1676 Fischer.
1735 1638 1784 1674 ad

1122 1695 1274 1734 W'eller.
1298 1696 1360 1742 ΙΙΙ,
1380 1698 1404 1735 6
1426 1710 1460 1746 p.
1487 1693 1569 1736 242
1589 1696 1700 1732 verba
1720 1693 1783 1733 ἐπὶ

1121 1750 1194 1799 τήν
1221 1749 1402 1802 κεφαλὴν
1431 1752 1602 1802 explicat:
1653 1752 1705 1788 bis
1735 1764 1785 1787 an

1123 1809 1190 1845 den
1212 1808 1318 1859 Kopf.
1368 1809 1548 1858 Equidem
1571 1808 1690 1844 malim
1716 1807 1784 1844 huc

1120 1866 1256 1903 referre
1277 1865 1497 1903 locutionem
1515 1862 1579 1903 ἐπὶ
1604 1860 1785 1915 κεφαλήν

1121 1926 1159 1959 et
1179 1921 1239 1960 ἐπὶ
1263 1924 1440 1971 κεφαλῆς
1460 1922 1631 1970 πίπτειν,
1654 1921 1701 1958 de
1714 1921 1786 1970 qua

1119 1978 1282 2016 Lobeck.
1303 1980 1350 2016 ad
1372 1978 1568 2028 Phrynich.
1588 1990 1678 2044 pag.
1691 1975 1787 2018 440.

1123 2035 1333 2073 Herodotus
1365 2035 1436 2081 ΙΙΙ,
1464 2034 1516 2075 75
1550 2035 1610 2071 fin.
1653 2028 1786 2084 απῆκε

1122 2088 1268 2131 ἑωυτὸν
1302 2090 1383 2131 ἐπὶ
1413 2087 1646 2141 κεφαλὴν
1673 2089 1787 2155 φέρε-

1124 2152 1221 2187 σθαι
1254 2144 1335 2187 ἄπο
1365 2150 1438 2187 τοῦ
1470 2143 1626 2199 πύργου
1666 2142 1785 2186 κάτω.

1123 2205 1204 2252 VII,
1232 2207 1310 2247 136
1341 2200 1564 2255 ωθεόμενοι
1588 2218 1689 2255 προς
1713 2218 1785 2242 αυ-

1122 2264 1202 2300 τῶν
1257 2260 1338 2300 ἐπὶ
1393 2256 1639 2311 κεφαλήν.
1690 2259 1784 2297 Plat.

1122 2319 1218 2368 Rep.
1239 2318 1337 2364 VIII,
1359 2320 1384 2356 7
1407 2316 1440 2368 §-
1461 2317 1542 2358 553
1585 2315 1669 2356 ἐπὶ
1705 2330 1785 2356 κε-

1124 2371 1296 2424 φαλήν
1326 2369 1431 2412 ω’θεῖ
1460 2373 1502 2412 ἐκ
1527 2375 1600 2412 τοῦ
1626 2369 1784 2424 θρόνου

1121 2451 1177 2458 -
1199 2431 1440 2480 φιλοτιμίαν.
1471 2452 1525 2459 μ·-
1574 2430 1631 2466 Ad
1667 2431 1785 2480 ipsam

1121 2499 1195 2523 rem
1215 2489 1307 2524 cont.
1325 2487 1405 2533 VII,
1430 2486 1519 2527 114.
1556 2486 1637 2524 Alia
1656 2487 1786 2524 crude-

1121 2543 1242 2580 lissimi
1280 2544 1384 2587 huius
1419 2543 1585 2593 suppiicii
1617 2542 1785 2593 exempla

1121 2600 1272 2649 praebet
1284 2600 1444 2636 Brisson.
1465 2599 1486 2636 Ι.
1500 2599 1520 2637 Ι.
1544 2599 1784 2649 ΙΙ,218,(]ιιο

1120 2669 1207 2692 usus
1226 2669 1303 2693 sum
1322 2657 1369 2693 ad
1387 2657 1536 2694 Ctesiae
1554 2657 1722 2705 fragmm.
1746 2652 1782 2706 §.

1123 2711 1176 2751 42
1198 2726 1231 2762 p.
1252 2714 1339 2754 182.
1391 2713 1573 2750 observat
1594 2713 1704 2750 Italus
1728 2712 1784 2749 in-

1122 2773 1263 2818 terpres
1280 2798 1290 2815 ‚
1351 2770 1448 2819 apud
1484 2768 1594 2806 Italos
1635 2781 1784 2819 quoque

1122 2824 1205 2861 olim
1228 2825 1294 2862 hoc
1321 2827 1487 2876 supplicii
1514 2839 1630 2875 genus
1658 2827 1694 2863 in
1713 2837 1778 2861 usu

1121 2882 1249 2927 fuisse,
1295 2883 1354 2919 ubi
1388 2887 1554 2919 vocatum
1581 2887 1656 2920 est:
1695 2890 1779 2928 pro-

1117 2940 1346 2987 pagginare,
1397 2940 1543 2977 nomine
1580 2939 1691 2976 ducto
1732 2934 1780 2971 de
