1904 3304
460 269 545 310 576

432 381 455 416 3
465 374 551 420 ἀπό
598 374 772 418 τούτου.

403 537 539 574 suerint
559 539 708 581 auctae,
739 537 987 584 quantumque
1008 535 1062 572 in-

404 596 626 630 crementum
667 591 736 627 hoc
767 592 914 628 omnino
946 592 1064 641 Cyre·-

403 661 577 686 naeorum
620 647 725 684 rebus
766 647 953 694 attulerit,
1000 647 1062 696 qui

403 706 490 742 inde
508 703 564 740 vel
592 704 629 740 in
657 703 773 740 numis
799 703 967 753 plantae,
1006 703 1062 740 cui

404 761 525 798 omnia
553 761 629 796 sere
658 759 862 807 debebant,
902 760 1062 809 effigiem

405 817 666 853 exhibuerunt:
717 827 790 864 qua
830 817 878 853 de
911 829 951 853 re
987 817 1061 852 vid.

403 872 552 910 Eckhel.
570 872 696 909 Doctr.
715 871 825 909 Num.
848 872 896 908 lV
915 886 951 921 p.
970 874 1060 913 119.

404 928 585 966 Mionnet.
614 928 794 976 Descript.
828 929 864 968 d.
891 928 990 965 Med.
1011 928 1061 965 Vl

403 999 442 1036 p.
468 986 550 1025 373
580 997 656 1033 seq.
719 985 817 1027 Quin
848 985 917 1021 hoc
942 986 1059 1034 ipsum

404 1042 441 1078 in
463 1041 694 1091 proverbium
714 1041 820 1086 abiit3
862 1041 941 1089 quis
962 1042 1058 1078 enim

404 1110 479 1134 non
497 1096 600 1133 novit
618 1093 771 1135 Βάττου
794 1096 971 1143 σίλφιον,
1011 1098 1059 1134 de

404 1166 477 1202 quo
497 1153 636 1200 Thrige
655 1153 676 1188 l.
695 1153 717 1188 l.
741 1166 825 1202 pag.
845 1152 938 1193 243.
976 1153 1061 1195 Quo

404 1211 520 1258 magis
535 1201 671 1245 mireris
684 1209 775 1254 (sive
795 1209 955 1256 gentium
975 1208 1062 1245 alia-

403 1278 483 1302 rum
508 1266 544 1301 in
567 1265 728 1313 Cyrenes
758 1264 934 1301 ditionem
962 1264 1063 1301 inva-

404 1321 567 1358 sionibus
616 1332 659 1357 ac
714 1320 1061 1371 depopulationibus

405 1378 481 1415 sive
498 1376 769 1427 publicanorum
791 1378 962 1423 avaritia,
985 1376 1061 1414 sive

404 1433 476 1471 alia
506 1445 578 1482 qua
599 1445 708 1470 causa
734 1433 801 1470 hoc
824 1434 959 1470 factum
981 1446 1061 1471 esse

406 1489 629 1537 existimes),
690 1489 761 1525 iam
809 1489 1060 1526 Romanorum

405 1550 527 1583 aetate
544 1550 681 1583 tantam
704 1545 821 1595 silphii
839 1546 951 1583 fuisse
971 1547 1062 1582 rari-

405 1606 522 1640 tatem
539 1606 688 1650 tamque
707 1615 856 1639 enorme
880 1603 954 1639 eius
976 1602 1061 1639 inde

405 1659 576 1709 pretium,
599 1662 638 1694 ut
660 1657 796 1694 Plinius
814 1658 864 1696 H.
877 1657 926 1695 N.
943 1657 1060 1704 XXII,

406 1713 460 1753 48
484 1715 621 1752 diceret
650 1714 865 1751 exstinctum
894 1713 1060 1763 silphium

406 1770 661 1818 Cyrenaicum,
691 1771 843 1819 ipseque
862 1770 1059 1806 Salmasius

405 1825 600 1873 (Exercitt.
619 1825 736 1862 Plinn.
754 1839 839 1875 pag.
853 1827 955 1874 921)
974 1826 1060 1862 illud

407 1883 477 1919 iam
495 1882 635 1932 pridem
654 1883 688 1917 in
710 1895 827 1919 rerum
849 1886 977 1919 natura
995 1883 1061 1919 de-

406 1938 508 1975 siisse
530 1939 802 1988 pronuntiaret,
836 1939 971 1988 quippe
999 1952 1061 1975 cu-

406 1995 462 2031 ius
490 1999 605 2032 totam
631 1995 817 2031 historiam
839 2008 934 2032 nunc
953 1995 1061 2043 igno-

406 2063 539 2090 remus.
595 2051 678 2094 Quo
699 2050 879 2087 difficilius
899 2051 967 2088 erit
987 2055 1063 2087 sta-

406 2110 532 2154 tuere,
592 2106 708 2156 qualis
760 2107 908 2157 proprie
953 2107 1063 2144 fuerit

406 2163 553 2213 planta,
592 2177 671 2200 cum
695 2176 742 2200 ne
763 2163 830 2200 hoc
853 2164 1001 2212 quidem
1021 2163 1063 2199 li-

408 2223 540 2268 queat,
588 2221 781 2257 etiamnum
810 2220 845 2256 in
879 2220 978 2257 hisce
1006 2232 1064 2256 re-

407 2276 576 2323 gionibus
594 2276 798 2312 inveniatur
813 2275 982 2325 silphium
1000 2288 1064 2313 ve·-

408 2336 467 2368 tus
488 2344 555 2369 nec
570 2344 627 2368 ne.
660 2331 729 2368 Pro
748 2345 829 2368 assa
841 2331 982 2381 foetida
1002 2331 1064 2368 sil-

407 2387 532 2437 phium
562 2388 659 2424 haud
686 2389 790 2437 pauci
819 2389 902 2425 olim
929 2401 1064 2438 perpe-

408 2456 486 2480 ram
525 2443 704 2489 habuere3
761 2444 910 2492 quibus,
961 2444 1063 2493 quod

407 2500 537 2545 miror,
574 2512 688 2548 nuper
708 2501 859 2536 accessit
880 2500 1062 2537 Mannert.

407 2555 456 2600 X,
480 2558 505 2595 2
524 2568 608 2605 pag.
631 2557 705 2601 61,
736 2568 844 2603 quem
866 2561 950 2606 post
974 2556 1063 2592 alios

407 2611 556 2648 meliora
588 2612 742 2648 edocere
769 2616 895 2660 potest
925 2613 1064 2661 Thrige

408 2666 432 2704 l.
453 2667 475 2704 l.
503 2680 588 2716 pag.
614 2666 717 2712 248,
762 2668 822 2715 qui
850 2668 928 2717 ipsc
959 2669 996 2704 in
1026 2681 1065 2705 rc

408 2736 585 2774 perquam
603 2723 711 2759 dubia
730 2724 882 2760 necdum
902 2725 989 2760 satis
1009 2724 1065 2760 vi-

409 2791 530 2815 rorum
557 2780 748 2815 doctorum
781 2791 824 2815 ac
855 2781 1066 2829 peregrina-

408 2839 526 2871 torum
549 2835 676 2871 studiis
699 2835 896 2882 illustrata,
928 2841 1066 2873 certam

411 2891 458 2928 de
487 2890 615 2942 silphio
649 2892 881 2943 pronuntiare
919 2896 1066 2930 seuten-

850 266 1317 307 HERODOTI

852 374 1036 432 παρήκει
1090 376 1137 420 δὲ
1189 375 1275 421 ἀπὸ
1334 377 1525 436 Πλατέης
1574 379 1714 437 νήσου

1119 537 1207 574 tiam
1227 538 1283 574 vix
1302 550 1409 574 ausus
1429 542 1494 576 est.
1542 538 1614 582 Qui
1635 551 1771 588 nuper-

1119 594 1208 630 rime
1235 593 1300 630 has
1327 595 1494 641 regiones
1521 594 1639 631 invisit
1666 594 1772 632 Della

1120 649 1220 685 Cella
1242 647 1330 699 (vid.
1359 650 1435 687 eius
1454 651 1573 687 ltiner.
1596 663 1680 700 pag.
1704 652 1770 690 92.

1118 706 1248 742 Rittcr.
1273 706 1384 741 Erdk.
1411 705 1425 741 I
1451 719 1485 755 p.
1506 706 1626 754 945),
1653 719 1771 757 prope

1118 761 1234 798 locum
1262 761 1406 812 Spage,
1453 762 1560 798 trium
1604 762 1772 799 horarum

1119 818 1238 867 spatio
1254 829 1277 854 a
1295 824 1417 855 vetere
1429 819 1573 864 Cyrene
1592 823 1771 855 remotum

1117 874 1252 910 invenit
1281 874 1415 911 herbae
1444 874 1626 910 cuiusdam
1647 886 1772 912 semen

1119 930 1221 975 (nam
1254 931 1381 967 ssorem
1418 943 1492 967 non
1530 930 1640 977 vidit,
1686 930 1772 978 quia

1117 987 1377 1033 defloruerat),
1420 999 1527 1034 quam
1569 999 1636 1036 pro
1671 991 1775 1023 vete·

1115 1055 1193 1078 rum
1224 1042 1351 1092 silphio
1380 1042 1511 1089 habet,
1551 1043 1606 1079 cui
1638 1054 1772 1079 nomen

1120 1099 1281 1148 Tleapsz'a
1321 1098 1522 1147 Se'lplaium,
1580 1110 1674 1146 quae
1716 1102 1772 1135 est

1115 1156 1274 1191 varietas
1319 1153 1498 1203 Tlaapsz'ae
1541 1156 1772 1201 Garganicae

1116 1210 1223 1247 Linn.
1254 1210 1332 1246 Nos
1351 1222 1577 1247 vocaremus:
1607 1212 1664 1245 ein
1683 1209 1773 1246 Dol-

1118 1266 1356 1313 deugewiiclts.
1435 1265 1690 1316 Adstipulatur
1727 1265 1773 1302 C.

1116 1323 1308 1372 Sprengel.
1368 1321 1405 1358 in
1449 1323 1669 1359 Commentt.
1722 1321 1772 1358 ad

1117 1377 1365 1427 Theophrast.
1395 1379 1548 1415 version.
1574 1378 1607 1413 11
1631 1391 1666 1427 p.
1689 1379 1772 1419 227

1117 1435 1246 1471 merito
1282 1446 1508 1483 conquerens
1522 1462 1533 1481 ,
1584 1434 1684 1482 quod
1726 1433 1774 1471 de

1117 1490 1221 1527 huius
1259 1490 1406 1540 plantae
1447 1495 1522 1527 tam
1570 1490 1775 1527 celebratae

1118 1551 1248 1583 natura
1282 1547 1443 1583 nondum
1481 1546 1680 1582 accuratius
1718 1547 1775 1582 in-

1118 1603 1337 1651 vestigatum
1358 1603 1413 1639 sit.
1456 1602 1528 1645 Qui
1550 1607 1681 1652 postea
1698 1601 1775 1650 Cy-

1117 1659 1297 1696 renaicam
1318 1658 1505 1706 regionem
1538 1657 1773 1708 perlustravit

1117 1714 1253 1759 Pacho‚
1275 1719 1312 1751 et
1331 1715 1410 1763 ipse
1430 1713 1595 1763 silphium
1617 1727 1639 1750 a
1658 1725 1697 1750 se
1716 1726 1775 1751 re-

1116 1775 1260 1821 pertum
1282 1783 1361 1807 esse
1379 1771 1431 1806 ait
1451 1771 1494 1806 iis
1510 1769 1597 1820 ipsis
1615 1770 1652 1805 in
1672 1769 1774 1816 locis,

1117 1840 1213 1877 quae
1243 1826 1324 1863 huic
1355 1826 1501 1875 plantae
1537 1826 1774 1874 assignantur

1117 1884 1163 1920 ab
1185 1883 1375 1920 Herodoto
1395 1895 1438 1919 ac
1457 1881 1616 1931 Scylace.
1662 1881 1775 1918 Plan-

1116 1944 1190 1976 tam
1226 1938 1455 1975 umbellatam
1490 1950 1570 1975 esse
1601 1937 1776 1983 affirmat,

1117 1996 1163 2032 ab
1201 1993 1379 2032 Arabibus
1433 1999 1597 2031 vocatam
1641 1993 1773 2040 darius,

1117 2052 1215 2088 unde
1234 2051 1312 2101 ipse
1330 2063 1463 2087 nomen
1489 2050 1626 2087 invenit
1641 2049 1776 2086 Laser-

1116 2109 1246 2158 pz'tz'um
1292 2107 1434 2143 Dorias.
1495 2106 1525 2143 V
1529 2107 1576 2142 id.
1622 2107 1775 2154 Voyage

1121 2165 1212 2200 dans
1244 2163 1278 2199 la
1306 2162 1553 2211 Marmarique
1579 2166 1615 2199 et
1638 2162 1774 2212 Cyren.

1121 2220 1224 2269 chap.
1244 2219 1363 2255 XYHI
1391 2232 1475 2270 pag.
1497 2219 1578 2259 247
1608 2231 1710 2267 seqq.
1737 2220 1774 2254 et

1119 2277 1348 2327 potissimum
1369 2288 1456 2326 pag.
1477 2276 1573 2321 250,
1592 2275 1651 2311 ubi
1667 2274 1774 2324 plau-

1121 2337 1195 2369 tam
1213 2345 1234 2368 a
1248 2345 1286 2369 se
1305 2337 1486 2382 repertam
1508 2329 1773 2367 accuratissime

1120 2388 1303 2427 describit.
1337 2387 1392 2425 Ac
1413 2386 1581 2425 fratribus
1595 2385 1774 2432 Beechey,

1120 2446 1156 2481 in
1190 2445 1285 2481 idem
1313 2443 1579 2493 inquirentibus
1615 2442 1678 2487 (cf.
1711 2441 1775 2477 lti-

1119 2513 1195 2538 ner.
1213 2514 1291 2550 cap.
1318 2502 1366 2540 15
1389 2513 1424 2549 p.
1447 2497 1691 2543 409—420)
1713 2498 1772 2533 sil-

1120 2557 1244 2607 phium
1259 2569 1337 2593 esse
1354 2556 1494 2592 videtur
1515 2553 1637 2603 planta
1647 2553 1773 2590 Dauco

1122 2612 1256 2658 similis,
1286 2612 1352 2648 illis
1370 2612 1405 2647 in
1427 2611 1636 2657 regionibus
1657 2610 1773 2646 adhuc

1120 2670 1290 2717 frequens
1320 2671 1356 2704 et
1381 2667 1503 2717 specie
1534 2679 1600 2702 sua
1620 2667 1774 2702 maxime

1120 2725 1295 2762 accedens
1311 2723 1357 2759 ad
1379 2736 1456 2760 eam
1475 2722 1592 2772 silphii
1609 2723 1774 2768 sormam,

1121 2792 1216 2829 quae
1236 2780 1272 2815 in
1298 2783 1459 2816 veterum
1486 2778 1604 2815 numis
1627 2789 1776 2826 compa-

1120 2839 1218 2883 reat,
1258 2840 1330 2872 tres
1358 2836 1471 2885 pedes
1504 2834 1579 2871 alta
1601 2839 1637 2872 et
1656 2845 1775 2870 came-

1120 2891 1183 2940 lis,
1223 2891 1285 2942 qui
1319 2903 1363 2930 ea
1392 2895 1601 2940 vescantur,
1635 2889 1774 2927 nociva.
