1904 3304
444 261 1122 302 MELPOMENE.1V.

160 378 262 433 τῇδε
302 374 486 423 διαθείς·

1329 267 1414 307 563

549 374 752 428 Θηραίων
789 373 867 428 μὲν
909 371 993 427 γὰρ
1031 373 1105 416 καὶ
1136 377 1224 416 τῶν
1251 377 1414 428 περιοί-

160 463 249 491 κων
268 446 372 499 μίαν
388 449 548 499 μοῖραν
567 444 759 500 ἐποίησε·
792 443 923 499 ἄλλην
947 444 1014 495 δὲ,
1048 447 1414 501 Πελοποννησίων

160 516 233 560 καὶ
258 518 461 570 Κρητῶν·
500 517 647 570 τρίτην
678 515 744 568 δὲ,
776 515 1020 570 νησιωτέων
1049 516 1243 558 πάντων·
1283 522 1414 559 τοῦτο

162 586 226 635 δὲ,
267 590 327 643 τῷ
363 586 532 641 βασιλέϊ
560 586 710 644 Βάττῳ
740 588 915 641 τεμένεα
944 585 1117 637 ἐξελών,
1160 587 1230 629 καὶ
1259 587 1416 640 ἱρωσύ-

158 673 258 707 νας,
295 657 348 700 τοὶ
389 658 495 701 ἄλλα
537 656 699 709 πάντα,
735 658 788 700 τὰ
824 657 1037 710 πρότερον
1075 654 1191 713 εἶχον
1226 659 1269 700 οἱ
1297 661 1441 713 βασι-1

158 727 270 782 λέες,
300 728 342 779 εἷς
371 728 503 784 μέσον
531 733 592 785 τῷ
625 729 745 786 δήμῳ
776 729 916 784 ἔθηκε.

103 929 178 966 sere
199 928 336 965 Dorum
359 928 532 973 civitates,
563 940 673 977 supra
689 928 761 963 iam

105 986 300 1032 attigimus.
349 984 457 1020 Plura
482 985 523 1020 C.
546 984 591 1020 O.
620 984 762 1020 Miiller.

102 1041 193 1079 Dor.
224 1041 256 1077 11
290 1054 326 1090 p.
352 1041 418 1080 75.
441 1041 507 1080 76.
551 1039 617 1076 Cr.
655 1052 762 1089 prae-

108 1103 208 1134 terea
227 1096 381 1133 conferri
402 1096 475 1132 vult
496 1096 643 1133 Platner
660 1097 761 1145 ΒΘ)-

103 1155 208 1201 triige
242 1167 274 1189 z.
303 1154 513 1189 Kenutuiss.
543 1153 578 1190 d.
605 1152 761 1189 Attisch.

104 1210 242 1246 Rechts
261 1222 297 1258 p.
319 1212 371 1249 70
402 1213 437 1245 et
457 1209 632 1246 Mebuhr.
654 1210 761 1246 Rom.

106 1265 238 1301 Gesch.
260 1266 275 1300 l
295 1278 381 1314 pag.
403 1266 484 1304 307
506 1266 564 1301 ed.
589 1279 658 1302 sec.
681 1263 762 1317 (ubi

105 1321 283 1358 Niebuhr.
303 1322 458 1357 tribuum
481 1322 656 1369 originem
680 1322 763 1358 atti-

107 1378 159 1425 git
180 1389 199 1412 e
221 1377 373 1413 diversis
402 1378 570 1424 gentibus
594 1383 763 1428 repeten«

107 1435 217 1477 dauv,
247 1431 314 1467 hoc
336 1433 442 1467 etiam
464 1435 604 1470 attendi
622 1434 763 1480 iubens,

107 1489 207 1537 quod
221 1515 232 1533 ‚
273 1500 352 1524 cum
373 1488 407 1523 in
431 1486 555 1523 Thera
575 1489 653 1538 ipsa
674 1500 764 1537 pau-

107 1556 228 1581 corum
251 1548 347 1580 esset
369 1543 542 1591 regimen,
570 1545 604 1580 iu
624 1544 763 1581 colonia

107 1600 266 1637 Theraei
301 1611 345 1636 ac
382 1599 534 1636 subiecti
575 1601 670 1637 idem
698 1613 761 1636 va·

106 1656 239 1704 leant).
273 1676 322 1683 —
355 1658 500 1705 μοῖραν
531 1669 609 1693 cum
641 1657 760 1693 Gaisf.

107 1713 193 1750 dedi
218 1724 284 1762 pro
308 1712 465 1762 μοίρην.

162 1767 325 1818 τεμένεα
351 1764 510 1818 ἐξελών]
541 1765 764 1817 Schweigh.:

107 1827 289 1874 „exceptis
309 1827 410 1875 aquis
430 1826 539 1861 sacris
555 1827 587 1860 et
604 1825 765 1860 sacerdo-

109 1883 195 1926 tiis,
239 1894 326 1930 quae
349 1881 459 1917 Batto
487 1882 565 1929 regi
587 1882 723 1918 tribuit.
737 1882 763 1901 “

107 1937 260 1982 Melius,
297 1938 445 1988 opinor,
479 1937 765 1985 Wesselingius:

108 1992 303 2043 ,,τεμένεα
338 1993 438 2030 Valla
463 1993 572 2042 fana.
632 1993 763 2030 Melius

108 2054 219 2086 certus
243 2052 328 2097 agri
345 2052 537 2099 portiones,
575 2049 698 2098 quales
726 2053 764 2086 et

109 2106 203 2151 illae,
224 2107 259 2141 in
278 2107 405 2154 quibus
428 2105 545 2154 silphii
567 2110 764 2155 proventus

108 2175 167 2212 ap.
185 2162 401 2210 Hesychium
426 2161 576 2200 Βάττου
604 2161 764 2210 σίλφιον

109 2218 310 2267 qualesque
335 2223 494 2255 veterum
522 2231 629 2266 reges
653 2218 764 2255 habe-

109 2275 198 2311 bant
231 2275 452 2322 assiguatas‚
499 2287 650 2322 quarum
678 2287 764 2322 pro-

108 2335 219 2368 ventu
240 2331 312 2367 suis
335 2331 609 2367 necessitatibus
635 2331 767 2368 subve-

109 2388 258 2433 nirent).
315 2387 430 2423 Yetus
477 2387 700 2423 consuetudo
745 2399 767 2423 a

110 2447 221 2492 poeta
254 2442 293 2479 ll.
326 2443 396 2489 vl,
428 2443 507 2483 194
546 2442 668 2492 [Add.
701 2442 765 2488 lx,

114 2497 232 2547 574],
271 2499 413 2547 signata
445 2504 480 2535 et
502 2499 659 2535 Aristide
681 2499 728 2535 T.
751 2499 767 2535 Ι

112 2566 150 2603 p.
183 2558 250 2593 12:
293 2551 422 2604 ὥσπερ
452 2558 534 2601 τοῖς
565 2556 768 2605 βασιλεῦσι

111 2607 253 2659 τεμένη
285 2609 353 2648 καὶ
381 2606 535 2660 χώρους
556 2611 767 2662 ἐξαιροῦσι.

116 2663 214 2714 [Nec
244 2665 346 2702 aliter
374 2668 416 2703 C.
438 2669 481 2704 Ο.
510 2668 652 2705 Mulier.
678 2667 767 2705 Dor.

114 2721 146 2757 ll
170 2734 252 2770 pag.
275 2720 354 2762 174
381 2722 540 2771 τεμένεα
568 2725 767 2761 Homerico

115 2789 222 2814 sensu
243 2778 298 2813 hic
314 2778 424 2827 accipi
446 2780 558 2826 iubet,
589 2782 650 2829 qui
670 2781 765 2818 idem

115 2845 201 2882 pag.
235 2834 312 2874 105
341 2834 608 2887 conserendus]
650 2836 766 2874 Addi-

116 2889 171 2925 dit
201 2889 391 2927 Demonax
423 2887 618 2943 ἱρωσύνας
661 2892 704 2941 [i.
734 2907 768 2934 e.

820 938 940 963 curam
962 937 1143 962 sacrorum
1169 927 1475 964 administrando-

819 980 934 1032 ru1n]‚
957 982 1130 1030 quoniam
1148 979 1195 1021 τοὶ
1216 982 1330 1034 γέρεα
1349 997 1475 1032 regum

819 1039 903 1075 olim
924 1039 1146 1084 sacerdotia,
1176 1041 1229 1076 uti
1249 1041 1403 1090 Spartae
1413 1040 1475 1086 Vl,

820 1096 873 1135 56
890 1095 1268 1145 complectebantur.“
1302 1096 1363 1133 Tu
1381 1098 1475 1133 conf.

819 1153 866 1188 de
891 1151 945 1188 his
967 1153 1197 1198 sacerdotiis,
1228 1153 1358 1202 quibus
1377 1166 1478 1190 more

820 1208 1021 1255 antiquitus
1039 1209 1233 1245 constituto
1254 1209 1392 1246 Dorum
1420 1223 1477 1247 re·-

820 1277 884 1313 ges
902 1265 1145 1312 fungebantur
1167 1277 1207 1301 ac
1225 1266 1270 1301 de
1289 1267 1476 1312 redituum,

820 1333 910 1369 quos
933 1320 1018 1357 inde
1044 1321 1236 1370 capiebant
1255 1323 1297 1358 C.
1322 1322 1477 1358 0.Μίὶὶ-

819 1376 882 1413 ler.
914 1375 935 1412 l.
967 1376 990 1412 l.
1016 1376 1049 1412 ΙΙ
1076 1390 1161 1426 pag.
1194 1380 1247 1417 99
1280 1391 1356 1426 seq.
1425 1378 1478 1414 Ac

820 1438 965 1483 praeter
997 1432 1104 1469 hosce
1135 1434 1271 1469 reditus
1293 1434 1380 1470 nulli
1400 1435 1478 1472 fere

822 1489 880 1523 aiii
900 1488 1038 1524 Dorum
1062 1489 1208 1535 regibus
1230 1502 1346 1537 acque
1366 1495 1478 1538 atque

819 1543 1039 1580 Homericae
1077 1545 1206 1580 aetatis
1252 1546 1478 1596 principibus

819 1599 983 1645 reditus,
1019 1599 1087 1635 nisi
1117 1601 1179 1648 qui
1208 1612 1228 1636 e
1256 1602 1376 1637 fundis
1404 1603 1478 1638 suis

820 1656 991 1703 agrisque
1011 1667 1031 1691 a
1047 1655 1183 1705 populo
1201 1657 1384 1694 attributis
1403 1659 1479 1695 sive

821 1712 1014 1759 assignatis
1043 1710 1159 1760 (quae
1187 1712 1268 1763 ipsa
1303 1718 1387 1750 sunt
1421 1729 1479 1753 τε·

822 1765 941 1817 μένη)
968 1769 1185 1817 prodibant,
1225 1773 1318 1807 teste
1348 1771 1479 1808 eodem

821 1824 975 1861 Miillero
998 1824 1028 1860 11
1044 1838 1081 1874 p.
1097 1825 1198 1869 1053
1228 1830 1267 1861 ut
1284 1838 1371 1863 sane
1391 1832 1478 1865 ante

821 1881 1084 1918 Demonactem
1112 1881 1275 1929 Cyrenes
1305 1896 1410 1931 reges
1438 1883 1479 1920 il-

822 1937 917 1973 licito
947 1938 1057 1973 modo
1091 1939 1229 1974 reditus
1263 1951 1348 1975 suos
1378 1953 1398 1976 e
1430 1941 1480 1976 ci-

821 1995 918 2029 vium
950 1993 1056 2030 bonis
1083 2005 1263 2030 armorum
1285 1995 1318 2030 vi
1337 1996 1479 2034 auxisse

820 2050 1026 2086 videantur.
1087 2049 1193 2092 Quae
1220 2063 1300 2086 cum
1325 2052 1374 2087 ita
1395 2053 1478 2099 siut,

821 2105 968 2143 minime
994 2105 1062 2141 huc
1089 2105 1208 2142 valere
1237 2108 1371 2155 poterit
1391 2108 1478 2144 val-

822 2162 927 2198 eken.
944 2162 1133 2198 annotatio
1145 2190 1155 2208 ,
1186 2162 1253 2198 diis
1268 2167 1407 2200 tantum
1424 2165 1480 2201 fa-

821 2222 934 2266 toque
959 2217 1090 2254 functis
1122 2217 1292 2254 heroibus
1316 2220 1480 2268 regibus-

823 2287 894 2322 que
922 2272 1066 2320 ἐξελεῖν
1099 2270 1145 2310 τοὶ
1179 2272 1318 2324 τεμένη
1353 2276 1478 2312 solitos

823 2342 902 2367 esse
920 2335 1072 2367 veteres.
1103 2329 1181 2366 Nec
1193 2332 1309 2379 magis
1324 2344 1368 2368 eo
1380 2333 1479 2380 quod

823 2399 900 2422 cum
923 2386 1133 2423 sacerdotiis
1153 2386 1188 2425 h.
1210 2386 1232 2423 l.
1254 2389 1480 2436 coniungun-

824 2447 882 2478 tur
910 2441 1070 2491 τεμένεα
1104 2442 1277 2488 efficitur,
1317 2444 1479 2495 τεμένεα

824 2498 880 2535 hic
907 2499 1066 2536 indicare
1092 2511 1203 2547 agros
1235 2500 1302 2536 diis
1330 2502 1478 2538 dedica-

824 2559 903 2599 tos,
944 2568 1095 2603 quorum
1119 2555 1256 2592 reditus
1287 2558 1479 2606 percipere

825 2611 1031 2649 sacerdotes
1043 2611 1138 2648 soliti
1150 2611 1233 2658 sint,
1247 2618 1285 2648 ut
1296 2618 1377 2661 post
1386 2613 1478 2650 Lar-

825 2667 991 2711 cherum,
1025 2668 1135 2714 alios,
1165 2668 1344 2717 placuisse
1373 2671 1479 2706 video

824 2722 978 2772 Thrigio
999 2724 1022 2761 l.
1043 2724 1064 2761 l.
1087 2737 1172 2774 pag.
1190 2727 1268 2764 170
1288 2729 1364 2761 not.
1385 2729 1450 2765 70.

880 2777 926 2818 τοὶ
946 2777 1045 2818 ἄλλα
1062 2777 1193 2819 πάντα
1210 2795 1242 2817 κ.
1259 2795 1290 2818 τ.
1313 2780 1363 2831 λ.]
1378 2783 1480 2819 Haec

823 2837 928 2886 ipsa,
968 2850 1062 2886 quae
1085 2837 1256 2885 regibus,
1299 2841 1359 2885 qui
1390 2839 1479 2874 haec

822 2893 922 2944 prius
951 2894 1129 2931 tenebant
1162 2893 1256 2937 (sive
1284 2894 1383 2944 prius
1412 2893 1478 2930 sibi

1121 2946 1211 2990 30*
