1904 3304
407 230 490 269 150
823 227 1289 267 HERODOTI

408 339 510 392 χῆς,
555 335 622 380 ἐπ’
660 330 697 394 ᾦ
733 351 777 379 τε
815 333 896 379 ὑπ’
929 334 1110 387 οὐδενὸς
1137 334 1285 392 ’ὑμέων
1323 336 1534 394 ἄρξομαι,
1583 338 1738 383 οὕτε15

377 406 546 459 4αὐτὸς
575 407 680 463 ἐγώ,
711 406 812 450 οὔτε
844 408 888 450 οἱ
916 405 993 450 ἀπ’
1025 407 1127 463 ἐμεῦ
1158 409 1239 452 αἰεὶ
1268 408 1534 464 γινόμενοι.“
1570 410 1682 454 Τού-

406 494 487 521 του
518 479 722 529 εἴπαντος
750 481 909 531 ταῦτα,
945 495 1004 530 ως
1034 479 1306 535 συνεχώρεον
1337 482 1379 523 οἱ
1406 482 1451 532 ἐξ
1480 482 1550 525 ἐπὶ
1579 481 1681 526 τού-

406 559 541 601 τοισι,
588 543 719 600 οὗτος
747 549 826 605 μὲν
856 549 908 606 δή
939 561 1019 606 σφι
1057 549 1140 594 οὐκ
1170 551 1467 606 ἐνηγωνίζετο,
1507 551 1602 595 ἀλλ’
1605 552 1680 613 ἐκ

329 619 679 686 ,ζὸτοῦκμεσου
686 624 898 683 καθῆστο.
956 621 1045 664 Καὶ
1073 625 1158 665 νῦν
1188 621 1296 677 αὕτη
1332 640 1359 678 η
1391 623 1505 678 οἰκίη
1537 624 1681 666 διατε-

372 686 375 688 ’
405 691 491 735 λέει
528 689 673 748 μούνη
711 691 922 746 ἐλευθέρα
962 693 1095 736 ἐοῦσα
1127 693 1349 747 Περσέων,
1399 692 1472 736 καὶ
1509 691 1740 748 ἄρχεταιΞο

406 767 600 807 τοσαῦτα
629 761 713 806 ὅσα
743 761 851 819 αὐτὴ
879 762 1016 811 θέλει,
1049 762 1214 819 νόμους
1244 761 1329 806 οὐκ
1356 762 1684 820 ὑπερβαίνουσα

282 833 349 877 84
406 833 512 884 τούς
539 833 757 889 Περσέων.
819 836 873 877 Οἱ
903 834 948 878 δὲ
977 835 1124 878 λοιποὶ
1153 838 1243 877 τῶν
1266 833 1371 878 ἑπτά
1395 834 1683 892 ἐβουλεύοντο

76 896 197 931 Reliqui
210 904 259 923 sex
279 906 352 931 quos

73 929 353 958 h(,.„‚re„(„„„et
411 904 470 956 ὦς
508 903 686 962 βασιλέα
717 904 969 948 δικαιότατα
1003 905 1258 962 στήσονται·
1316 907 1391 950 καί
1430 918 1510 962 σφι
1552 907 1682 960 ἔδοξε,

74 972 111 998 1¹⁰
105 965 205 990 »steria
225 965 288 991 eius
299 965 351 990 ‹Ie-

75 998 243 1031 crevenni
271 1006 352 1038 ,Quae
405 974 566 1034 Ὀτάνῃ
597 976 676 1032 μὲν
705 977 778 1019 καὶ
806 981 918 1020 τοῖσι
950 975 1035 1020 άπὸ
1065 975 1255 1020 Ὀτάνεω
1294 978 1375 1021 αἰεὶ
1414 978 1685 1034 γινομένοισι

75 1031 133 1057 sihi
168 1018 243 1057 iura'i
270 1031 351 1058 iuter

74 1072 107 1090 se
162 1065 350 1104 pepigerint:
408 1045 463 1103 ἢν
493 1047 535 1098 ἐς
566 1046 701 1091 ἄλλον
737 1047 833 1091 τινοέ
865 1052 954 1091 τῶν
984 1048 1089 1092 ἑπτὰ
1118 1049 1225 1104 ἔλθῃ
1255 1046 1281 1104 ἡ
1314 1051 1537 1105 βασιληίη,
1574 1049 1740 1108 {gai-‘25

73 1105 133 1132 qua
159 1099 215 1124 1¹31!
210 1107 236 1124 10
241 1107 277 1125 ne
305 1107 350 1125 Ιθ·

76 1131 355 1165 gemfierivo-Iue
412 1134 514 1177 ρετος
553 1120 757 1163 δίδοσθαι
801 1119 965 1176 ἐσθῆτά
1005 1137 1050 1164 τε
1087 1119 1295 1177 ΙἉηδικὴν
1329 1120 1445 1171 ἔτεος
1483 1119 1683 1171 ἑκάστου,

407 1190 482 1234 καὶ
510 1190 590 1247 τήν
618 1195 765 1234 πᾶσαν
795 1192 966 1247 δωρεὴν
994 1190 1023 1247 ἢ
1050 1193 1215 1248 γίνεται
1248 1191 1295 1234 ἐν
1315 1190 1510 1248 Πέρσῃσι
1535 1209 1682 1247 τιμιω-

378 1260 527 1318 Ξτάτη.
595 1263 725 1305 τοῦδε
776 1261 822 1305 δὲ
871 1262 1034 1307 εἵνεκεν
1080 1260 1349 1320 ἐβούλευσάν
1394 1264 1437 1306 οἱ
1478 1264 1685 1307 δίδοσθαι

76 1168 145 1193 n'nt.

352 1408 423 1432 esse
447 1396 623 1444 partium.
674 1394 785 1432 conf.
820 1393 891 1443 IV,
927 1396 1019 1435 118.

351 1451 453 1498 VIII,
472 1454 539 1494 22
558 1455 625 1493 73.

513 1509 624 1572 Cap.
649 1507 858 1548 LXXXIV.

411 1559 566 1614 ἐσθῆτα
586 1579 627 1603 τε
651 1560 864 1615 Μηδικήν]
896 1562 1021 1601 Medi-

354 1635 429 1658 cam
442 1625 567 1658 vestem
581 1620 763 1658 Acanthiis
775 1621 921 1658 honoris
934 1634 1020 1657 eau-

354 1691 395 1715 sa
407 1678 532 1715 datam
544 1677 684 1715 Noster
696 1679 820 1714 scribit
832 1678 878 1714 VI
888 1678 912 1723 I,
928 1679 1019 1717 116.

352 1734 434 1771 Nec
453 1734 560 1771 aliam
584 1747 664 1771 esse
689 1738 814 1783 putem
839 1733 1019 1770 Persicam

352 1794 490 1838 vestem,
510 1803 619 1840 quam
638 1790 789 1827 Cilicum
807 1790 934 1838 regu10
954 1791 1020 1826 ho-

353 1847 454 1884 noris
473 1860 581 1884 causa
611 1847 738 1883 tribuit
757 1848 875 1896 Cyrus
904 1847 1020 1883 minor

353 1907 441 1941 natu
461 1915 519 1953 ap.
540 1902 707 1953 Xenoph.
731 1902 849 1940 Anab.
874 1903 901 1948 I,
927 1907 951 1944 2
977 1901 1015 1953 ἓ.

352 1963 406 2001 27
429 1960 508 1996 coll.
529 1959 670 1997 Aelian.
692 1960 736 1996 V.
757 1959 806 1999 Η.
828 1960 856 2006 I,
878 1963 932 2000 22
956 1959 1017 1996 fin.

352 2016 573 2065 Intelligitur
606 2016 702 2053 enim
735 2015 885 2053 Medica
915 2016 1019 2064 stola,

350 2085 446 2122 quae
477 2073 607 2109 dicitur
636 2072 748 2120 longa
768 2073 816 2109 ad
837 2072 930 2109 talos
957 2085 1020 2109 us·-

350 2142 424 2178 que
449 2130 651 2178 pertinens,
681 2129 792 2166 vestis
813 2130 963 2166 sinuosa
984 2133 1020 2167 et

354 2185 588 2235 complicata,
630 2199 650 2223 e
691 2186 808 2223 serico
853 2186 1021 2223 confecta

356 2239 412 2292 (ut
440 2242 565 2279 scribit
594 2241 748 2292 Procop.
781 2242 829 2280 B.
859 2241 960 2279 Pers.
991 2241 1021 2289 l,

354 2299 444 2345 20),
476 2302 515 2335 et
533 2310 555 2334 a
577 2297 712 2345 Persis,
747 2302 945 2348 postquam
963 2311 1022 2335 re-

354 2367 434 2390 rum
456 2354 561 2403 potiti
580 2358 696 2400 erant,
722 2359 882 2404 recepta,
906 2355 958 2391 ita
984 2358 1023 2390 ut

355 2414 394 2447 ct
423 2423 486 2447 rex
515 2411 593 2459 ipse
624 2414 660 2447 et
682 2410 861 2460 principes
891 2411 1023 2447 Persa-

354 2479 432 2502 rum
451 2470 487 2503 et
507 2470 692 2515 quotquot
714 2465 771 2502 ulii
790 2467 853 2502 viri
866 2466 1021 2504 illustres

358 2522 426 2559 hoc
445 2535 594 2560 munere
614 2522 762 2558 honoris
785 2522 893 2572 pleno
914 2535 1023 2559 orna-

357 2582 484 2615 rentur
516 2591 538 2615 a
568 2591 678 2626 rege,
718 2577 777 2614 illa
815 2577 1023 2616 solemniter

356 2638 555 2671 uterentur.
594 2634 758 2671 Pertinet
779 2634 859 2679 huc,
880 2635 1024 2684 opinor,

355 2691 537 2728 Herodot.
561 2690 589 2736 I,
615 2690 718 2737 135,
748 2691 809 2726 ubi
841 2690 1023 2727 Medicam

357 2751 498 2784 vestem
512 2747 642 2784 Persas
656 2747 867 2784 assumsisse
879 2747 1000 2783 scribit
1012 2761 1023 2793 3

358 2804 396 2839 id
429 2803 530 2852 quod
560 2804 607 2840 de
635 2803 826 2840 Persarum
858 2803 1024 2852 primori-

358 2859 425 2896 bus
446 2860 690 2911 potissimum,
709 2872 789 2898 meo
801 2860 948 2909 quidem
970 2860 1024 2897 iu-

1077 1394 1193 1441 dicio,
1218 1394 1287 1432 erit
1308 1393 1600 1443 intelligendum.
1658 1393 1742 1433 Nec

1077 1451 1147 1489 alio
1179 1455 1323 1501 spectat
1354 1451 1444 1499 Cyri
1480 1451 1625 1488 maioris
1661 1451 1742 1490 edi-

1077 1512 1172 1546 ctum
1196 1509 1233 1544 in
1260 1508 1399 1557 Cyrop.
1421 1507 1524 1554 VIII,
1547 1511 1583 1554 1,
1607 1507 1672 1548 40.
1699 1509 1740 1555 3,

1079 1567 1115 1605 1.
1146 1565 1257 1607 Quod
1280 1577 1366 1600 vero
1385 1563 1536 1612 singulis
1562 1564 1645 1600 viris
1667 1563 1741 1601 tale

1076 1621 1329 1658 vestimentum
1350 1620 1498 1656 honoris
1518 1632 1627 1657 causa
1646 1633 1668 1657 a
1683 1633 1742 1658 re-

1077 1690 1125 1726 ge
1154 1677 1338 1722 tribuitur,
1368 1677 1405 1712 id
1434 1676 1544 1727 plane
1576 1677 1742 1726 congruit

1076 1745 1158 1771 cum
1182 1734 1422 1770 recentiorum
1446 1733 1639 1770 Persarum
1663 1746 1743 1771 mo-

1076 1803 1129 1836 re,
1161 1790 1259 1840 apud
1282 1802 1374 1838 quos
1395 1789 1545 1838 singulis
1565 1790 1647 1827 viris
1668 1790 1742 1827 sive

1075 1845 1292 1897 primoribus
1305 1846 1340 1882 in
1358 1846 1532 1882 honorem
1550 1846 1622 1884 tale
1633 1847 1744 1884 vesti-

1075 1909 1252 1949 mentum,
1284 1903 1386 1952 quod
1412 1901 1560 1952 Caftan,
1580 1915 1606 1939 s.
1632 1902 1741 1940 Calat

1075 1963 1233 2005 vocant,
1265 1971 1286 1995 a
1319 1971 1407 2007 rege
1445 1959 1596 1996 concedi
1636 1959 1740 1997 solet.

1076 2016 1334 2054 Pertiiiuerunt
1366 2020 1487 2053 autem
1523 2016 1607 2052 talia
1643 2016 1741 2053 haud

1077 2072 1188 2109 dubie
1206 2072 1254 2108 ad
1274 2084 1423 2109 munera
1440 2072 1499 2109 illa
1510 2073 1664 2110 maxime
1676 2072 1742 2109 ho-

1076 2133 1229 2175 norata,
1263 2128 1310 2165 de
1336 2129 1469 2178 quibus
1494 2128 1558 2175 III,
1594 2123 1672 2169 1‘60
1705 2133 1742 2166 et

1077 2186 1159 2232 Vll,
1173 2187 1197 2226 8
1212 2185 1272 2221 fin.
1302 2183 1431 2222 Adhuc
1441 2186 1478 2222 in
1497 2186 1740 2223 monumentis

1078 2240 1362 2291 Persepolitanis
1397 2242 1667 2292 conspiciuntur
1705 2242 1743 2279 in

1078 2298 1200 2348 lapide
1222 2298 1322 2334 incisi
1341 2298 1404 2333 viri
1426 2299 1501 2335 sive
1526 2297 1641 2344 Medi,
1663 2299 1742 2336 sive

1078 2354 1236 2400 Persae,
1267 2353 1333 2391 hac
1359 2354 1451 2390 stol&
1476 2354 1592 2390 induti
1623 2354 1743 2403 ampla

1080 2415 1117 2448 et
1149 2411 1304 2446 maxime
1332 2409 1487 2459 plicatu,
1517 2411 1633 2458 euque
1663 2410 1743 2460 ipsa

1079 2466 1229 2504 discreti
1251 2465 1298 2502 ab
1320 2466 1398 2502 aliis
1418 2466 1596 2503 inferioris
1614 2467 1743 2503 condi-

1079 2523 1188 2560 tionis
1212 2522 1431 2568 hominibus,
1462 2523 1524 2571 qui
1546 2521 1654 2559 aliam
1679 2535 1742 2560 ve-

1080 2586 1171 2616 stem
1185 2582 1345 2627 gestant.
1364 2578 1445 2615 vid.
1459 2578 1617 2616 Heeren.
1631 2578 1743 2617 Ideen

1081 2635 1109 2681 I,
1138 2638 1156 2675 1
1186 2647 1271 2685 pag.
1295 2634 1378 2674 214
1402 2647 1478 2683 seq.
1506 2639 1544 2672 et
1568 2634 1742 2684 Mongez.

1080 2690 1192 2728 Mem.
1212 2691 1259 2727 de
1279 2689 1419 2727 I'Instit.
1441 2691 1489 2727 lv
1507 2705 1543 2741 p.
1566 2692 1619 2733 89
1636 2704 1740 2741 seqq.

1082 2748 1152 2784 unzi
1174 2759 1252 2784 cum
1274 2747 1397 2783 tabula
1411 2747 1565 2785 adiectu.

1138 2798 1380 2854 ἐβούλευσάν
1400 2803 1742 2843 οἷδίδοσθαιταῦ-

1080 2857 1142 2909 τα]
1173 2860 1214 2897 In
1235 2860 1329 2897 binis
1359 2860 1457 2898 libris
1479 2855 1741 2912 ἐβουλεύσαν-

1745 626 1825 670 241
