1904 3304
334 402 435 448 162

179 468 345 496 Arcesilaus
368 468 422 495 111.

161 510 212 529 rex
234 503 315 528 circa
332 510 361 528 a.
378 502 439 535 530,

160 544 219 563 uon
236 536 336 562 ferens
354 535 436 561 insti-

160 572 226 596 tuta
236 569 439 603 Deli-(mactis,

160 602 300 637 expulsus
334 601 436 636 prosu-

160 637 205 669 git
237 637 267 662 in
295 636 434 665 Sainuin3

176 670 345 697 Pher-etima
355 669 380 695 ei
387 676 420 694 us

185 708 281 730 mater
300 704 330 729 in
353 702 412 735 Cy-

160 745 262 771 prum:
291 737 437 763 Eueltlwn
512 756 521 770 ,

159 771 320 797 Salaminis
332 778 381 796 rex
393 790 400 799 ,
418 776 437 794 a
461 764 482 797 3
495 775 520 800 α

160 805 329 831 Pher-etima
352 810 436 830 exer-

176 838 266 864 citum
286 841 420 872 rogatus,

160 880 219 898 non
239 870 301 898 dat.

494 294 516 316 Γ

494 295 576 337 064

524 758 667 799 παίτεε
695 755 746 798 τοὶ
774 759 862 798 τῶν
888 755 1122 812 προγόνων
1149 757 1285 813 γέρεα.

883 293 1347 336 HERODOTI

602 402 695 446 Ἐπὶ
727 401 806 457 μὲν
836 401 889 458 δή
921 401 1083 447 τούτου
1111 407 1192 447 τοῦ
1221 404 1390 449 Βάττεω
1423 406 1538 449 οὕτω
1572 404 1749 450 διετέλεε

497 474 641 519 ἐόντα·
686 473 754 517 ἐπὶ
787 473 832 516 δὲ
861 477 942 516 τοῦ
969 473 1129 517 τούτου
1158 476 1312 526 παιδός
1338 475 1582 530 Ἀρκεσίλεω
1612 476 1748 532 πολλή

465 545 658 600 Ξταραχὴ
695 543 792 598 περὶ
823 547 912 586 τῶν
940 545 1097 600 τιμέων
1127 545 1303 601 ἐγένετο.
1354 545 1624 602 Ἀρκεσίλεως
1652 547 1780 602 γάρ,5

493 615 517 659 ὁ
540 614 712 658 Βάττου
734 630 777 657 τε
801 618 879 657 τοῦ
900 619 1044 670 χωλοῦ
1063 616 1132 658 καὶ
1162 618 1418 673 Φερετίμης,
1449 617 1530 661 οὐκ
1553 619 1633 674 ἔφη
1658 616 1750 659 ἀνέ-

495 687 644 738 ξεσθαι
672 684 780 729 κατὰ
811 684 864 728 τὰ
895 685 918 729 ὁ
948 686 1198 737 Μαντινεύς
1224 688 1440 744 Δημῶναξ
1471 688 1607 740 ἔταξε,
1641 686 1748 731 ἀλλά

1345 759 1547 803 ἐνθεῦτεν
1579 756 1750 802 στασιά-

495 831 578 881 ζων
608 825 803 883 ἑσσώθη,
838 827 912 871 καὶ
951 827 1085 884 ἔφυγε
1119 828 1161 880 ἐς
1189 827 1365 888 Σάμον·
1410 829 1437 887 ἡ
1467 831 1512 874 δὲ
1538 829 1676 887 μήτηρ
1707 830 1751 872 οἱ

436 1009 566 1048 iniuria
586 1011 850 1054 assumserunt,
879 1012 1004 1046 contra
1016 1008 1095 1047 Do-

436 1080 514 1103 rum
551 1067 760 1114 instituta),
804 1070 930 1116 erepta
959 1066 1094 1116 populo

436 1123 636 1160 restituerit
665 1122 877 1168 Demmmx,
915 1135 994 1159 cum
1018 1122 1098 1159 He-

438 1179 590 1215 rodotus
611 1191 684 1214 non
713 1177 897 1225 sigillatim
918 1178 1097 1224 indicarit,

439 1235 584 1271 coniicit
607 1234 744 1281 'shrige
763 1233 782 1269 l.
804 1233 825 1270 l.
848 1247 884 1283 p.
911 1236 1002 1279 171,
1029 1234 1098 1269 hoc

437 1290 668 1327 referendum
688 1302 769 1327 esse
792 1290 840 1326 ad
859 1287 1096 1339 (Jovkiiva-

439 1358 675 1392 renaeorum‚
719 1346 817 1382 cuius
843 1345 1035 1394 aliquoties
1059 1346 1099 1381 fit

440 1402 598 1447 mentio,
642 1413 664 1438 a
693 1401 917 1439 Demonacte
956 1402 1100 1439 institu-

440 1462 528 1495 tam.
575 1457 759 1506 Equidem
792 1458 915 1494 malim
937 1459 1099 1507 cogitare

442 1514 490 1551 de
507 1513 585 1550 aliis
604 1515 679 1550 sive
696 1514 743 1549 ad
760 1514 1013 1562 rempublicam
1033 1514 1099 1548 ad-

441 1570 719 1608 ministrandam
741 1569 816 1606 sive
838 1570 885 1605 ad
907 1570 959 1606 ius
976 1570 1100 1605 dicen-

442 1627 528 1663 dum
543 1626 618 1663 sive
639 1625 708 1662 alio
729 1638 800 1674 quo
817 1625 1098 1674 pertinentibus,

443 1694 539 1731 quae
570 1695 650 1719 cum
679 1682 726 1717 ad
754 1680 877 1730 populi
911 1681 1099 1730 imperium

442 1738 609 1788 primitus
651 1737 913 1786 pertinuerint,
958 1741 1100 1785 tempo-

442 1807 522 1830 rum
540 1794 692 1830 decursu
712 1806 816 1841 reges
836 1794 1099 1830 sibiassumse-

443 1850 535 1896 rint,
594 1861 689 1898 quae
723 1862 808 1886 vero
844 1862 961 1896 nunc,
1019 1861 1100 1886 cum

446 1906 562 1943 omnis
580 1906 631 1942 rei
652 1905 818 1954 publicae
834 1906 951 1943 forma
969 1905 1015 1942 ad
1034 1918 1103 1955 po-

444 1961 571 2013 pulare
603 1962 791 2010 imperium
816 1962 892 1998 sive
912 1962 1104 1999 democra-

446 2019 533 2054 tiam
554 2018 670 2066 magis
690 2021 939 2064 revocaretur,
969 2017 1104 2068 populo

446 2086 470 2110 a
492 2073 720 2111 Demonacte
739 2074 882 2110 reddita
897 2074 1105 2111 suerint-

449 2128 490 2175 ἒς
546 2128 665 2180 μέσον
715 2131 771 2183 τῷ
817 2125 933 2183 δήμῳ
984 2129 1106 2180 ἔθηκε

449 2189 524 2222 est:
546 2186 676 2235 populo
701 2187 880 2232 restituit,
920 2186 969 2222 ad
990 2199 1103 2236 popu-

446 2241 519 2278 lum
539 2243 672 2278 retulit.
721 2241 778 2278 Ad
799 2243 970 2290 loquendi
989 2255 1103 2291 genus

448 2298 542 2334 conf.
562 2298 649 2345 Vll,
682 2297 774 2338 164.
820 2298 895 2345 llI,
927 2300 1005 2344 80,
1042 2299 1104 2335 ubi

447 2352 489 2398 ἐς
519 2351 639 2402 μέσον
667 2358 901 2392 καταθεῖναι
926 2351 973 2391 τα)
1005 2351 1105 2404 πρή-

447 2423 583 2459 γματα.
604 2431 660 2437 --
688 2408 865 2459 βασιλέες
889 2423 969 2447 eum
987 2411 1103 2447 Gaisf.

448 2465 535 2502 dedi
555 2478 622 2514 pro
645 2466 842 2516 βασιλῆες.

632 2522 663 2558 C
676 2533 745 2571 ap.
777 2522 926 2559 CLXII.

504 2571 766 2627 Ἀρκεσίλεως]
809 2577 1011 2615 Arcesilaus
1050 2581 1106 2615 est

451 2635 590 2679 tertius,
611 2634 671 2682 qui
693 2647 766 2682 quo
790 2639 952 2683 tempore
973 2647 1107 2681 regna-

447 2689 519 2736 rit,
557 2702 599 2727 ex
621 2702 664 2726 eo
687 2691 959 2738 quodammodo
986 2689 1106 2737 colligi

446 2746 603 2795 poterit,
645 2746 766 2795 quod,
806 2759 849 2784 eo
887 2747 1102 2795 imperante,

450 2801 619 2849 Cyrenae
654 2803 829 2838 tributum
864 2814 886 2838 a
919 2802 1102 2851 Cambyse

448 2856 654 2906 impositum
707 2857 858 2906 legimus
898 2857 966 2905 lv,
1010 2859 1102 2903 165,

449 2924 546 2949 anno
573 2913 655 2954 523
683 2926 717 2951 a.
751 2914 837 2952 Chr.
869 2926 908 2951 n.
977 2914 1101 2957 Quare

1150 1008 1340 1060 probabile
1365 1008 1509 1047 videtur
1538 1009 1692 1059 Thrigio
1721 1021 1807 1060 pag.

1154 1066 1247 1113 175,
1278 1065 1498 1103 Arcesilaum
1521 1071 1606 1103 ante
1627 1068 1708 1107 530
1732 1067 1809 1103 sive

1153 1121 1234 1162 529
1261 1134 1294 1158 a.
1323 1122 1409 1158 Chr.
1440 1136 1473 1159 n.
1503 1136 1618 1170 regno
1654 1123 1808 1172 potitum

1154 1190 1235 1214 esse
1269 1181 1381 1226 atque
1411 1179 1543 1216 obiisse
1569 1178 1650 1219 514
1668 1192 1700 1217 a.
1723 1178 1810 1214 Chr.

1153 1246 1187 1269 n.
1230 1233 1431 1270 Larcherus
1455 1234 1549 1271 Tab.
1584 1235 1704 1271 chron.
1725 1246 1810 1283 pag.

1155 1291 1232 1329 631
1266 1289 1487 1326 Arcesilaum
1519 1290 1566 1326 ΙΙΙ
1586 1291 1697 1327 refert
1714 1302 1812 1326 mor-

1154 1350 1254 1381 tuum
1285 1346 1332 1382 ad
1359 1358 1442 1382 ann.
1475 1348 1576 1389 518,
1625 1359 1697 1395 quo
1732 1347 1812 1394 ipso

1154 1414 1251 1438 anno
1283 1402 1435 1439 Barcaei
1473 1414 1494 1438 a
1522 1403 1641 1439 Persis
1680 1401 1813 1437 suerint

1155 1457 1303 1494 obsessi.
1336 1458 1499 1500 Quocum
1519 1469 1592 1493 non
1613 1457 1702 1494 satis
1725 1469 1813 1493 con-

1155 1514 1265 1557 venit,
1295 1513 1394 1560 quod
1412 1513 1502 1549 haee
1519 1513 1598 1562 ipsa
1618 1513 1812 1550 Persarum

1155 1569 1192 1604 in
1224 1568 1375 1605 Barcem
1399 1569 1606 1618 expeditio,
1649 1570 1697 1606 ad
1726 1581 1812 1606 ann.

1156 1624 1237 1665 508
1258 1636 1286 1659 S·
1307 1626 1389 1665 507
1415 1638 1451 1674 p.
1476 1625 1560 1661 Chr.
1584 1638 1618 1661 n.
1649 1626 1812 1662 reseren-

1157 1681 1204 1716 da
1236 1683 1312 1726 est,
1354 1683 1396 1716 ut
1436 1682 1638 1718 notavimus
1669 1682 1715 1718 ad
1749 1681 1812 1728 lv,

1159 1734 1249 1776 145.
1299 1735 1339 1772 In
1365 1736 1468 1772 Pind.
1499 1737 1618 1773 schol.
1639 1738 1686 1774 ad
1708 1737 1813 1786 Pyth.

1157 1792 1206 1829 lv
1235 1792 1311 1828 init.
1340 1791 1396 1828 hic
1418 1792 1640 1841 Arcesilaus,
1679 1793 1816 1830 Phere-

1158 1849 1263 1885 times
1291 1847 1403 1895 silius,
1444 1862 1636 1899 perperam
1665 1854 1814 1886 vocatur

1158 1902 1332 1954 πέμπτος
1368 1904 1434 1942 hac
1473 1905 1511 1941 in
1546 1919 1670 1955 regum
1709 1906 1815 1951 serie,

1160 1974 1240 1998 cum
1257 1964 1376 1996 sea-tus
1395 1961 1514 2011 potius
1534 1962 1590 2000 ille
1611 1962 1740 2008 suerit,
1774 1965 1816 1998 ut

1161 2022 1256 2054 recte
1269 2021 1392 2054 monet
1403 2017 1558 2055 lVessel.
1570 2039 1626 2046 —
1636 2019 1694 2055 Ad
1705 2018 1816 2055 verba

1162 2070 1260 2112 και-οὶ
1277 2070 1324 2111 w*
1339 2093 1394 2100 —-
1423 2072 1529 2121 ἔταξε
1545 2076 1639 2112 conf.
1660 2074 1729 2120 lV,
1748 2075 1814 2113 76.

1218 2125 1377 2168 α’παίτεε
1408 2127 1456 2168 τὰ
1488 2132 1568 2168 τῶν
1602 2126 1815 2181 προγόνων

1161 2184 1297 2237 γέρεα]
1338 2185 1395 2222 Ad
1416 2186 1552 2224 reditus
1581 2187 1649 2237 ipsi
1669 2191 1812 2236 ereptos

1162 2255 1205 2279 ex
1228 2242 1393 2279 instituto
1416 2242 1650 2280 Demonactis
1670 2241 1814 2293 privile-

1161 2298 1293 2347 giaque
1315 2298 1502 2346 illegitime
1518 2304 1678 2336 assumta
1696 2310 1813 2348 popu-

1160 2355 1269 2403 loque
1286 2355 1450 2391 restituta
1471 2356 1581 2392 refert
1600 2355 1642 2391 C.
1657 2354 1704 2390 O.
1718 2352 1814 2389 Miil-

1162 2410 1224 2448 ler.
1245 2410 1333 2447 Dor.
1352 2410 1396 2456 ll,
1419 2424 1453 2460 p.
1480 2410 1568 2450 174.
1614 2409 1673 2447 Ad
1700 2408 1813 2462 γέρεα

1162 2467 1256 2504 conf.
1278 2470 1369 2503 nott.
1389 2467 1435 2502 ad
1459 2466 1490 2510 Ι,
1515 2468 1579 2506 59.

1219 2521 1338 2573 ἔφυγε
1361 2520 1398 2566 ἐς
1421 2517 1576 2571 Σάμον]
1627 2520 1723 2558 Nam
1745 2521 1814 2558 Sa-

1162 2579 1241 2616 miis
1269 2591 1347 2615 cum
1367 2578 1565 2625 (syrenaeis
1588 2578 1672 2614 inde
1695 2590 1717 2613 a
1738 2577 1815 2626 Cy-

1161 2647 1265 2671 renes
1283 2634 1487 2683 primordiis
1506 2634 1705 2671 intercessit
1724 2633 1815 2670 ami-

1162 2691 1263 2733 citia3
1298 2690 1391 2725 cous.
1415 2689 1473 2735 lv,
1503 2690 1592 2731 152.
1650 2690 1814 2737 Accedit,

1160 2746 1259 2795 quod
1276 2745 1387 2781 Samo
1409 2751 1482 2782 tum
1504 2746 1676 2796 temporis
1698 2747 1814 2795 impe-

1158 2803 1261 2839 rabat
1288 2800 1494 2849 Polycrates
1523 2807 1620 2840 terra
1651 2802 1813 2849 marique

1158 2862 1303 2908 potenS,
1323 2870 1343 2893 a
1358 2871 1430 2906 quo
1444 2859 1478 2894 in
1492 2859 1609 2907 patrio
1625 2870 1739 2906 regno
1755 2869 1812 2893 re-

1158 2914 1362 2964 cuperando
1375 2927 1414 2953 se
1430 2915 1594 2952 adiutum
1610 2915 1652 2951 iri
1665 2924 1813 2964 sperare
