1904 3304
590 282 942 324 THALIA.
999 282 1063 320 III.

163 398 240 451 Ξέξ
269 397 428 449 ὑέλου,
461 396 608 453 τρόπῳ
638 396 805 453 τοιῷδε.

1408 283 1465 323 47

867 392 996 437 ἐπεάν
1023 391 1103 436 τὸν
1132 389 1293 445 νεκρὸν
1324 390 1466 448 ἰσχνῄ-
1477 398 1522 432 35

190 483 317 521 νωσι,
360 472 442 513 εἴτε
473 469 525 525 δὴ
562 466 753 522 κατάπερ
784 464 1040 522 Αἰγύπτιοι,
1081 465 1162 507 εἴτε
1193 462 1332 515 ἄλλως
1364 480 1466 515 κως,

191 541 473 608 γυψώσαντες
501 540 674 583 ἅπαντα
704 537 864 590 αὐτὸν,
900 540 1050 593 γραφῇ
1077 534 1338 591 κοσμέουσι,
1380 534 1467 587 ἐξο-

190 619 412 670 μοιεῦντες
439 612 488 658 τὸ
520 609 635 663 εἶδος
665 611 707 661 ἐς
732 610 780 653 τὸ
813 608 1022 653 δυνατόν’
1069 608 1211 651 ἔπειτα
1244 605 1289 649 δέ
1324 607 1368 649 οἱ
1395 621 1468 649 πε-

193 689 381 739 ριιστᾶσι
411 684 571 740 στήλην
601 683 643 735 ἐξ
677 681 807 726 ὑέλου
838 680 1135 735 πεποιημένην
1163 679 1339 734 κοίλην·
1373 676 1466 733 ἡδὲ

163 764 275 812 δσφι
304 755 443 812 πολλή
474 756 547 799 καὶ
576 753 758 810 εὐεργὸς
794 751 1039 807 ὀρύσσεται.
1097 751 1144 794 ἐν
1184 750 1290 807 μέσῃ
1329 749 1374 794 δὲ
1414 753 1525 806 τῇ40

193 828 326 885 στήλῃ
357 827 492 871 ἐνεὼν
530 828 809 881 διαφαίνεται
840 823 863 866 ὁ
893 823 1044 875 νέκυς,
1095 822 1196 866 οὔτε
1229 821 1367 879 ὀδμὴν
1396 820 1469 865 οὕ-

193 902 345 955 δεμίαν
381 899 537 955 ἄχαριν
574 896 884 952 παρεχόμενος,
937 893 1039 937 οὔτε
1078 892 1184 936 ἄλλο
1217 892 1356 945 ἀεικὲς
1394 891 1466 937 οὕ-

193 970 289 1015 δέν·
327 972 400 1015 καὶ
430 971 513 1026 ἔχει
531 970 673 1013 πάντα
692 967 865 1025 φανεροὶ
899 965 1061 1024 ὁμοίως
1091 963 1211 1022 αὐτῷ
1240 969 1301 1021 τῷ
1331 965 1467 1009 νέκυϊ.

135 1121 480 1171 chaeolog.d.Mahl.
496 1137 531 1173 p.
546 1123 613 1169 57,
626 1122 802 1159 Blurnen-

137 1180 238 1216 bach.
275 1181 311 1216 in
344 1180 541 1228 Beytraeg.
577 1194 641 1216 zur
665 1179 803 1216 Natur-

136 1236 258 1284 geseh.
272 1236 303 1272 ll
337 1250 372 1285 p.
390 1239 488 1284 122)
512 1237 601 1274 haec
620 1237 800 1284 legerem:

134 1292 387 1339 „Pellucidum
420 1294 564 1343 penitus
605 1292 802 1342 sarcopha-

135 1362 222 1398 gum
253 1362 295 1386 ex
330 1363 401 1385 uno
437 1350 560 1399 lapide
589 1350 803 1386 alabastrite

136 1407 358 1451 confectum,
398 1406 485 1455 ipsis
515 1406 653 1443 Thebis
679 1406 802 1454 Aegy-

135 1462 263 1512 ptiacis
283 1475 303 1499 e
335 1462 499 1511 sepulcro
528 1476 644 1512 nuper
674 1463 803 1498 admo-

137 1520 223 1554 dum
245 1519 338 1556 eruit
360 1519 531 1566 Belzoni,
562 1524 602 1556 ut
621 1520 700 1568 ipse
722 1519 802 1567 qui-

136 1575 221 1611 dem
249 1576 459 1624 perscripsit
490 1577 527 1612 in
565 1575 720 1625 epistola
753 1576 801 1611 ad

133 1630 361 1667 Viseontium
385 1632 471 1668 dat-<⁴1
491 1633 636 1679 (Journ.
656 1632 691 1668 d.
706 1632 799 1668 Deb.

136 1689 189 1728 30
207 1687 314 1724 Mart.
338 1689 476 1736 1818).
509 1689 615 1732 Quae
627 1701 684 1726 res
697 1702 800 1725 num-

135 1744 225 1793 quid
256 1745 303 1781 ad
336 1745 590 1782 Herodoteum
624 1745 646 1783 l.
680 1746 801 1793 faciat,

134 1813 208 1837 non
231 1801 400 1838 decerno.
434 1802 481 1838 Et
500 1801 581 1851 lege
601 1815 696 1851 quae
709 1802 802 1839 hanc

135 1858 172 1894 in
189 1870 264 1894 rem
284 1859 450 1895 modeste
468 1859 641 1896 dubitans
662 1860 801 1895 monuit

135 1913 293 1950 Iomard.
317 1915 353 1950 in
373 1915 500 1951 Journ.
522 1916 570 1953 de
592 1916 675 1952 Sav.
694 1917 800 1956 1818

136 1983 183 2006 m.
203 1969 289 2005 Ma..
313 1984 398 2020 pag.
423 1974 504 2012 310
525 1985 629 2021 seqq.
668 1971 802 2020 Neque

136 2026 252 2073 magis
272 2027 388 2063 dicam
411 2029 456 2064 de
476 2027 709 2065 Alabastrite.
741 2028 802 2065 Tu

135 2083 205 2118 vid.
227 2082 317 2119 Plin.
339 2083 387 2119 H.
406 2083 453 2120 N.
478 2084 613 2131 XXVI,
633 2086 671 2131 8,
694 2087 745 2125 12
767 2090 802 2122 et

135 2138 240 2175 Hillii
273 2139 381 2176 Obss.
413 2140 537 2189 physs.
570 2145 606 2177 et
634 2141 727 2177 critt.
754 2141 802 2177 ad

136 2195 384 2245 Theophrast.
406 2196 464 2233 De
486 2197 609 2246 lapidd
641 2209 726 2246 pag.
748 2196 800 2238 45

136 2255 241 2301 seq.“
273 2252 381 2289 Nunc
396 2257 434 2289 tu
455 2254 566 2290 adeas
588 2254 704 2303 ipsum
718 2254 804 2291 Bel-

135 2321 219 2345 zon.
241 2309 277 2345 in
308 2309 493 2346 itinerario
519 2310 669 2347 eximias
699 2310 803 2347 huius

135 2365 347 2415 sarcophagi
365 2367 513 2403 virtutes
532 2367 803 2416 praedicantem

136 2421 308 2470 (Voyage
327 2435 372 2459 en
395 2422 532 2473 Egypt.
559 2428 596 2460 et
616 2437 659 2460 en
680 2423 804 2461 Nubie

135 2479 274 2514 traduit
293 2492 359 2528 par
369 2479 557 2529 Depping.
576 2480 680 2517 Paris
696 2482 801 2521 1821

137 2534 179 2570 T.
203 2534 216 2570 Ι
239 2548 275 2584 p.
297 2537 379 2575 380
403 2538 551 2584 seqq),
591 2537 653 2572 ubi
687 2538 801 2586 potis-

138 2590 264 2627 simum
288 2591 376 2629 haec
387 2594 529 2629 attendi
545 2592 709 2629 volumus
722 2606 800 2630 ver·

138 2647 206 2682 ba:
245 2647 304 2693 „il
328 2653 382 2686 est
408 2650 476 2685 fait
500 2650 549 2685 du
568 2649 651 2699 plus
674 2649 726 2685 bel
744 2650 799 2686 al-

138 2701 237 2738 bdtre
257 2705 405 2742 orz'cntal
415 2720 425 2741 .-
456 2705 604 2755 n'ayant
619 2719 690 2755 que
703 2707 799 2743 deux

138 2772 273 2809 pouces
302 2761 546 2811 d’esspassseur,
597 2762 619 2799 il
652 2763 801 2801 devient

139 2819 371 2864 transponat,
393 2820 518 2866 quand
535 2831 580 2855 on
604 2819 708 2869 place
731 2833 801 2858 une

137 2872 288 2909 lumiere
303 2873 461 2912 derriere
472 2888 543 2912 une
555 2876 619 2913 des
639 2877 801 2926 parois.“

138 2929 317 2973 —Quem
328 2931 594 2981 sarcophagum
604 2945 701 2970 nunc
713 2935 802 2971 satis

860 1124 1003 1157 constat
1032 1120 1068 1156 in
1095 1133 1221 1158 museo
1243 1121 1420 1158 asservari
1443 1121 1526 1157 Bri-

860 1177 1017 1214 tannico.
1049 1178 1156 1214 Conf.
1175 1177 1336 1215 Hceren.
1353 1177 1374 1214 l.
1396 1177 1418 1214 l.
1434 1178 1479 1225 ΙΙ,
1498 1181 1524 1218 2

859 1247 945 1285 pag.
968 1236 1049 1274 267
1069 1239 1146 1271 not.

918 1288 1038 1328 ἐπεάν
1066 1288 1135 1329 τόν
1165 1287 1305 1341 νεκρὸν
1333 1288 1526 1346 ι’σχνῄνω-

862 1346 917 1397 σι]
950 1348 972 1384 i.
993 1360 1023 1384 e.
1045 1348 1183 1397 quando
1201 1349 1354 1385 cadaver
1371 1349 1526 1399 arefece-

860 1406 941 1440 rz'nt.
982 1404 1093 1448 Quod
1108 1406 1164 1456 ,ad
1188 1406 1425 1456 septuaginta
1446 1406 1525 1442 illos

859 1462 937 1498 dies
958 1462 1087 1511 opinor
1114 1467 1276 1512 spectat,
1316 1463 1363 1500 de
1394 1463 1525 1511 quibus

859 1530 972 1567 supra
998 1518 1043 1562 ΙΙ,
1070 1520 1138 1565 86,
1158 1519 1217 1555 ubi
1238 1521 1332 1556 conf.
1356 1523 1450 1556 nott.
1469 1540 1523 1546 —

858 1576 1022 1625 γνψοῦν
1061 1580 1137 1612 est:
1194 1589 1309 1626 gypso
1352 1576 1524 1613 obducere.

859 1631 920 1669 Tu
945 1631 1016 1667 vid.
1037 1632 1240 1680 Boettiger.
1265 1633 1286 1668 l.
1306 1632 1331 1670 l.

914 1690 1052 1742 γραφῇ
1069 1687 1299 1739 κοσμέουσι]
1315 1690 1336 1726 ἰ.
1350 1703 1380 1729 e.
1395 1692 1526 1736 ,‚(cor·

857 1757 925 1794 pus
947 1758 1065 1795 gypso
1083 1745 1302 1795 obductum)
1307 1746 1458 1796 pictura
1473 1749 1526 1784 ita

858 1806 1050 1847 exornant,
1091 1806 1132 1838 ut
1153 1806 1297 1852 speciem
1319 1816 1425 1853 qaam
1449 1816 1526 1840 ma-

857 1861 951 1895 xime
974 1858 1120 1896 similem
1148 1863 1228 1896 υῐυο
1254 1861 1388 1911 reserat
1419 1874 1447 1897 s.
1478 1859 1527 1896 ad

858 1916 934 1951 verz·
964 1929 1006 1952 ac
1030 1918 1108 1953 vivi
1134 1919 1285 1967 corporis
1318 1917 1526 1955 similitudi-

858 1984 931 2008 nem
953 1986 1057 2021 qaam
1075 1976 1234 2023 proxime
1254 1974 1421 2023 accedat,
1464 1974 1525 2010 de-

857 2029 937 2064 inde
961 2042 1086 2066 cavam
1118 2033 1151 2067 ez·
1176 2031 1397 2068 circumdant
1428 2031 1526 2067 colu-

859 2098 975 2121 mnam
997 2099 1040 2122 εχ
1063 2089 1155 2123 vitro
1184 2087 1425 2137 consectam.“
1465 2088 1525 2125 Tu

860 2143 957 2178 conf.
981 2142 1027 2188 ΙΙ,
1051 2144 1104 2182 86
1136 2148 1173 2180 et
1203 2145 1250 2180 ad
1276 2157 1401 2182 vocem
1430 2159 1524 2195 γρα-

860 2200 922 2251 φῇ
947 2198 991 2245 ΙΙ,
1014 2201 1078 2238 73.
1102 2201 1167 2239 78.
1187 2222 1243 2227 ——
1273 2195 1402 2247 αέικὲς
1432 2201 1469 2245 (i.
1491 2213 1524 2237 e.

858 2254 1051 2303 molestum,
1082 2258 1278 2304 ingratum)
1300 2258 1431 2295 eodem
1448 2258 1525 2295 fere

861 2324 992 2358 sensu,
1022 2325 1094 2361 quo
1112 2313 1175 2359 111,
1195 2315 1260 2353 33.

916 2367 982 2407 καὶ
1005 2367 1080 2418 ἔχει
1100 2365 1232 2408 πάντα
1251 2366 1423 2421 φανερά]
1448 2371 1471 2408 i.
1491 2383 1524 2409 e.

860 2425 1046 2472 „columna
1066 2429 1182 2463 onmia
1196 2428 1388 2478 mamfesta
1406 2441 1433 2464 s.
1445 2441 1525 2464 con-

859 2484 981 2531 spicua
1013 2482 1114 2519 habet
1143 2487 1236 2520 sicut
1267 2487 1383 2534 ipsum
1416 2484 1525 2521 cacla-

858 2540 979 2585 ver‚“
1023 2544 1062 2576 ut
1084 2540 1206 2577 reddit
1223 2541 1429 2590 Schweigh.
1456 2542 1525 2578 hoc

857 2595 1043 2642 adficiens,
1063 2598 1215 2633 mumias
1227 2597 1430 2648 Aegyptias
1450 2610 1523 2634 non

857 2651 925 2688 nisi
938 2653 1118 2690 anteriore
1129 2658 1233 2703 parte
1245 2655 1402 2704 conspici
1414 2659 1522 2704 potu-

855 2708 940 2754 isse,
972 2721 1085 2757 quum
1109 2710 1255 2747 dorsum
1282 2710 1404 2748 arcula
1425 2715 1524 2748 esset

856 2769 1005 2811 tectum,
1025 2765 1094 2802 hoc
1105 2779 1190 2803 vero
1201 2768 1358 2805 cadaver
1370 2768 1468 2804 omni
1478 2779 1523 2804 ex

856 2826 982 2872 parte,
1017 2825 1052 2858 et
1073 2824 1267 2872 posteriori
1293 2828 1330 2862 et
1349 2824 1523 2861 anteriori

858 2878 1092 2928 conspicuum
1117 2880 1228 2917 fuisse
1249 2881 1295 2917 ob
1318 2880 1523 2918 columnam

858 2935 1031 2982 vitream,
1070 2936 1107 2972 in
1130 2937 1203 2986 qua
1228 2936 1404 2974 inclusum
1432 2939 1522 2984 erat,
