1904 3304
514 228 1075 269 MELPOMENE.

224 345 388 388 πολλοῦ
424 337 739 391 διεξελθόντος,
780 338 935 382 αὐτίκα
965 339 1009 382 οἱ
1037 337 1210 382 ,Μινύαι
1240 338 1487 395 ἐξύβρισαν,

224 419 300 468 τῆς
337 429 381 455 τε
410 414 638 468 βασιληῖἰ]ς
667 410 980 466 μεταιτέοντες,
1018 410 1091 453 καὶ
1121 409 1232 453 ἄλλα
1266 414 1490 461 ποιεῦντες

519 487 632 525 τοῖσι
671 477 734 524 ὧν
764 482 1150 535 Λακεδαιμονίοισι
1181 482 1298 534 ἔδοξε
1329 481 1493 533 αὐτούς

195 482 308 526 Ξούκ
347 483 461 526 ὅσια.

1134 229 1194 267 IV.
1408 232 1493 272 527

224 552 495 597 ἀποκτεῖναι·
528 551 816 607 συλλαβόντες
843 551 888 595 δέ
920 563 1057 608 σφεας
1084 553 1327 609 κατέβαλον
1356 552 1399 603 ές
1428 551 1492 607 έρ-

196 623 354 680 3κτήν·

223 711 331 745 νιοι,
375 695 554 746 νυκτός·

405 626 625 667 κτείνουσι
667 623 713 666 δὲ
750 624 854 674 τοὺς
893 623 950 666 ἂν
984 624 1185 666 κτείνωσι
1214 621 1491 679 Λακεδαιμό-

600 693 694 750 μετ’
734 692 899 749 ἡμέρην
936 693 1007 746 δὲ,
1053 691 1227 737 οὐδένα.

1295 694 1386 737 ἐπεὶ
1426 688 1489 737 ὦν
1502 700 1546 735 25

224 764 402 820 ἔμελλόν
433 777 570 822 σφέας
599 762 966 821 καταχρήσεσθαι,
994 764 1317 822 παραιτήσαντο
1344 766 1389 808 αἱ
1415 781 1492 820 γυ-

346 951 452 1000 Cap.
485 948 649 987 CXLVI.

226 1001 450 1057 ἐξύβρισαν,
468 1008 538 1057 τῆς
560 1020 599 1044 τε
618 1004 828 1057 βασιληΐης

169 1061 458 1113 μεταιτέοντες]
516 1065 538 1099 i.
574 1075 605 1100 e.
642 1062 828 1098 insolenter

169 1132 274 1166 agere
296 1123 475 1169 coeperunt
498 1118 673 1169 IlIinyae,
713 1121 775 1169 qui
795 1122 827 1154 et

168 1188 316 1223 ‘reguum
357 1176 577 1225 affectabant
626 1174 677 1226 (s.
722 1175 826 1223 regni

169 1233 364 1282 participes
396 1238 436 1269 ut
464 1233 613 1277 fierent,
664 1232 826 1281 postula-

169 1288 281 1335 bant)
305 1292 336 1323 et
360 1289 436 1325 alia
458 1289 707 1338 perpetrabant
727 1287 827 1337 nefa-

171 1345 238 1379 τιίι.
276 1345 386 1388 Quod
408 1346 575 1393 congruit
594 1358 670 1381 cum
692 1344 827 1381 Valerii

170 1399 321 1437 Maximi
367 1402 491 1438 verbis
543 1414 655 1451 supra
694 1401 826 1436 allatis.

170 1456 231 1492 Ad
253 1462 468 1494 structuram
486 1458 588 1494 verbi
608 1455 828 1507 μεταιτέον-

170 1526 233 1559 τες
261 1515 354 1550 conf.
389 1513 520 1551 Matth.
549 1514 614 1551 Gr.
645 1513 710 1550 Gr.
739 1526 826 1564 pag.

228 1620 488 1676 συλλαβόντες
507 1622 550 1663 δέ
567 1636 693 1675 σφεας
715 1623 828 1664 κατέ·

170 1682 294 1732 βαλον
315 1681 353 1727 ἐς
382 1677 539 1731 ἑρκτήν]
580 1683 600 1719 i.
625 1696 655 1720 e.
678 1695 829 1732 compre-

168 1739 288 1775 hensos
308 1751 384 1774 vero
404 1739 483 1775 illos
502 1741 541 1775 in
561 1753 730 1776 carcerem
750 1753 829 1776 con-

167 1797 340 1841 iecerunt,
379 1797 444 1842 „in
468 1798 664 1844 prarz'mam
693 1809 828 1845 nempe

167 1856 299 1888 noctem
323 1852 584 1899 custodiendos,
618 1853 690 1902 qu&
709 1854 757 1890 de
779 1852 826 1888 il-

167 1908 211 1944 lis
233 1909 446 1958 supplicium
470 1914 688 1954 sumeretur3
731 1909 827 1946 hunc

170 1965 265 2001 enim
289 1966 325 2000 in
345 1965 452 2001 finem
474 1966 597 2002 subdit
618 1966 689 2002 ista
707 1965 828 2003 Hero-

170 2021 304 2057 dotus:
351 2021 550 2059 κτείνουσι
581 2019 623 2060 δὲ
650 2018 744 2067 τούς
775 2017 827 2059 ἂν

169 2077 352 2115 κτείνωσι
392 2073 711 2127 Λακεδαιμόνιοι
751 2092 826 2115 νυ-

169 2130 285 2179 κτός,
324 2129 401 2182 μετ’
418 2132 573 2185 ἡμέρην
598 2131 639 2172 δὲ
660 2129 826 2182 οὕδένα;

170 2191 266 2226 conf.
314 2190 417 2226 huius
453 2191 623 2227 insistens
662 2191 826 2238 vestigiis

170 2245 290 2284 Valer.
314 2246 411 2282 Max.
441 2246 463 2282 l.
492 2246 514 2283 l.

169 2308 261 2352 gunt
292 2304 446 2351 Cragius
474 2303 532 2340 De
564 2316 642 2354 rep.
670 2303 758 2340 Lac.
789 2317 826 2353 p.

168 2358 250 2399 457
282 2364 317 2396 et
338 2359 472 2395 Meurs.
502 2360 604 2396 Misc.
629 2359 716 2396 Lac.
738 2372 825 2409 pag.

171 2417 262 2456 139.
292 2416 437 2453 Diutius
459 2415 670 2464 Tyrrhenos
692 2417 726 2452 in
748 2417 826 2452 vin-

170 2471 255 2507 culis
283 2473 521 2509 custodivisse
552 2473 720 2509 dicuntur
740 2472 825 2509 Plu-

170 2528 294 2564 tarcho
325 2528 349 2564 l.
381 2528 425 2567 l.:
478 2530 685 2579 ζητοῦντες
724 2527 826 2567 έλεῖν

171 2582 316 2630 σαφέσι
341 2584 407 2623 καὶ
436 2586 617 2636 βεβαίοις
646 2583 827 2636 ἐλέγχοις,

169 2644 282 2687 atque
321 2641 459 2678 interea
492 2642 666 2692 temporis
697 2655 826 2680 uxores

169 2695 326 2744 ipsorum
343 2697 546 2746 Spartanae
567 2699 721 2737 carceris
741 2712 828 2736 exo-

168 2764 268 2788 rasse
294 2753 486 2799 custodes,
525 2759 566 2791 ut
602 2756 670 2793 sibi
704 2755 826 2792 liceret

168 2807 339 2855 ingressis
406 2811 594 2847 morituros
669 2811 824 2861 alloqui:

168 2866 331 2910 πολλαῖς
369 2864 535 2913 ἱκεσίαις
565 2865 632 2906 καὶ
667 2865 826 2920 δεήσεσι

574 2247 715 2284 Morem
744 2252 826 2283 tan-

884 947 1139 1000 παρείθησαν
1177 945 1260 989 v'no
1298 963 1377 988 των
1417 945 1546 999 φυλά·

884 1020 968 1044 κων
1021 1002 1118 1044 όσον
1167 1000 1432 1044 ἀσπάσασθαι
1476 1005 1546 1044 καὶ

884 1066 1116 1112 προσειπεῖν
1133 1076 1225 1108 τους
1244 1059 1404 1113 ἄνδρας.
1435 1061 1545 1112 Apud

883 1119 1114 1156 Herodotum
1132 1119 1298 1156 mulieres
1313 1119 1350 1156 in
1363 1131 1544 1156 carcerem

883 1176 1054 1212 dicuntur
1086 1175 1327 1213 intromisisse
1359 1176 1544 1220 custodes,

885 1227 1030 1270 ου’δένα
1050 1228 1169 1270 δόλον
1189 1231 1392 1278 δοκέοντες
1412 1231 1450 1278 ἐξ
1474 1227 1545 1269 αὗ-

883 1287 981 1326 τέων
1015 1287 1188 1326 ἔσεσθαι.
1260 1289 1301 1325 ln
1339 1289 1544 1326 enarrando

885 1345 969 1380 dolo
999 1358 1079 1381 cum
1111 1345 1304 1382 Herodoto
1335 1345 1545 1394 conspirant

884 1401 1120 1448 Plutarchus,
1164 1401 1371 1450 Polyaenus
1404 1407 1439 1438 et
1470 1400 1546 1438 Va·-

883 1457 992 1494 lerius
1009 1457 1211 1504 Maximus,
1243 1459 1304 1508 qui
1322 1471 1394 1494 non
1417 1458 1546 1494 absur-

885 1514 932 1550 de
955 1514 1099 1550 addidit
1119 1514 1209 1550 ista:
1254 1527 1318 1564 per
1345 1514 1545 1550 simulatio-

884 1582 962 1606 nem
988 1569 1118 1605 doloris
1146 1570 1273 1606 velatis
1294 1571 1470 1620 capitibus
1491 1583 1546 1606 eos

885 1627 984 1662 abire
996 1628 1101 1675 passi
1121 1630 1223 1673 sunt,
1264 1640 1397 1676 nempe
1421 1631 1545 1663 custo-

885 1683 951 1719 des
974 1683 1127 1719 carceris
1148 1684 1244 1719 viros
1263 1683 1388 1720 velatis
1415 1683 1545 1733 capiti-

886 1738 973 1786 bus,
1010 1740 1170 1776 vestibus
1192 1740 1339 1776 indutos
1361 1739 1546 1777 muliebri-

885 1795 976 1841 bus,
1006 1808 1100 1844 quos
1126 1801 1162 1833 et
1191 1792 1351 1834 ἐπιέναι
1384 1810 1546 1846 περικα-

884 1851 1141 1902 λυψαμένους
1153 1853 1316 1889 scribunt
1330 1853 1544 1889 Plutarchus

884 1913 924 1946 et
943 1908 1186 1958 Polyaenus.“
1215 1910 1320 1946 Haec
1352 1909 1544 1946 Valcke-

883 1978 906 2001 ιι
916 1978 938 2001 α
948 1978 964 2001 e
973 1978 989 2001 r
1001 1967 1044 2001 z'u
1055 1979 1091 2009 s;
1110 1965 1198 2002 alios
1210 1970 1383 2012 veterum,
1395 1966 1456 2015 qui
1466 1979 1546 2002 mu·-

884 2021 1011 2058 lierum
1037 2023 1174 2058 facinus
1202 2026 1542 2068 commemorarunt,

884 2078 1005 2114 citavit
1032 2078 1290 2127 lVyttenbach.
1325 2079 1372 2114 ad
1399 2078 1545 2115 Plutar-

884 2133 938 2170 chi
961 2133 983 2170 l.
1004 2133 1026 2170 l.
1048 2135 1315 2171 Animadverss.
1334 2135 1379 2181 ll,
1409 2136 1427 2173 1
1459 2148 1494 2184 p.
1518 2136 1544 2174 8

884 2202 906 2226 a
929 2188 997 2227 Cr.
1028 2190 1166 2230 allatus.
1224 2190 1305 2228 Nec
1334 2205 1419 2229 vero
1448 2190 1542 2227 tales

883 2247 1030 2283 fraudes
1071 2247 1117 2283 ab
1165 2247 1262 2284 omni
1301 2248 1379 2285 fere
1419 2252 1543 2285 aetate

884 2302 1020 2340 alienas
1038 2316 1136 2348 esse,
1168 2305 1300 2341 docent
1318 2316 1434 2342 rerum
1456 2303 1544 2340 scri-

882 2364 1033 2409 ptores3
1079 2365 1119 2397 ut
1147 2373 1235 2397 sane
1270 2373 1344 2397 non
1374 2373 1464 2410 opus
1497 2361 1544 2396 sit

883 2416 1081 2453 admonere
1108 2418 1345 2454 recentissimi
1372 2417 1543 2467 exempli,

883 2474 983 2520 quod
1001 2473 1143 2510 Franco
1158 2474 1344 2510 Gallorum
1365 2474 1540 2523 suppedi-

882 2533 939 2565 tat
956 2529 1115 2566 historia.
1145 2552 1202 2557 ——
1240 2530 1298 2567 De
1320 2544 1408 2567 voce
1429 2544 1544 2567 κατα-

882 2580 1108 2635 χρήσασθαι
1125 2588 1219 2623 conf.
1241 2591 1330 2623 nott.
1352 2587 1399 2624 ad
1420 2587 1449 2633 Ι,
1474 2588 1542 2626 82.

885 2645 976 2682 117.
1006 2642 1076 2689 ΙΙΙ,
1102 2644 1169 2683 36.
1215 2643 1375 2680 Verbum
1402 2656 1543 2692 necom-

883 2702 1040 2737 τεῖσθαι
1071 2699 1104 2736 h.
1138 2699 1161 2736 l.
1203 2699 1410 2748 simpliciter
1447 2698 1544 2735 valet

878 2758 1042 2804 precari,
1083 2758 1220 2792 reniam
1246 2756 1315 2792 sibi
1339 2759 1474 2804 petere,
1514 2767 1541 2790 s.

875 2811 1101 2861 facultatem,
1165 2813 1335 2858 Conf.1,
1369 2814 1433 2851 90.
1476 2811 1539 2855 ΙΙΙ,

885 2871 966 2910 132
986 2869 1109 2919 ibique
1129 2872 1220 2906 nott.
1242 2868 1305 2914 IV,
1331 2868 1420 2909 148.
1447 2868 1537 2907 158.

1500 347 1544 381 20
1564 337 1700 370 Regnum
1731 338 1804 366 affc-

1546 375 1678 403 clames
1705 372 1733 398 in
1757 381 1820 398 car-

1546 414 1644 431 cerem
1684 406 1823 441 coniecti,

1572 447 1691 465 nuruum
1706 447 1799 474 opera

1549 472 1672 500 vadunt.
