1904 3304
503 257 596 295 AD
657 256 1325 304 HERODOT.1V‚32.
1587 259 1672 299 665

160 371 273 422 priori
293 371 465 420 disputat.
487 370 534 407 de
552 369 805 421 Hyperboreis
827 374 933 420 parte
955 368 1170 419 (Marburg.
1198 369 1306 411 1825
1335 371 1401 416 8.)
1434 383 1468 419 p.
1491 372 1517 406 7
1529 373 1672 416 —263

161 438 291 486 quibus
321 436 406 473 add.
432 437 530 487 Hug.
554 437 773 476 Untersuch.
804 438 894 475 iiber
923 438 959 474 d.
990 437 1104 486 Myth.
1136 450 1222 488 pag.
1246 439 1313 479 57.
1357 436 1466 475 Tasel
1487 436 1672 477 Dilucidd.

162 505 293 542 Pindd.
319 505 367 541 ad
397 505 545 556 Olymp.
571 506 642 552 ΙΙΙ,
673 506 726 546 25
750 510 788 542 et
807 506 856 542 K.
877 505 923 542 O.
946 505 1088 543 Miiller.
1106 504 1196 543 Dor.
1216 505 1231 542 Ι
1253 518 1338 555 pag.
1360 506 1442 544 267
1463 516 1567 554 seqq.
1589 508 1670 546 273

160 585 262 622 seqq.
277 602 287 620 ,
317 573 380 622 qui
403 573 496 611 bene
519 574 629 620 vidit,
660 574 719 622 agi
739 573 795 610 hic
821 574 868 611 de
891 578 1001 622 gente
1021 573 1106 610 ficta
1128 585 1171 610 ac
1198 573 1381 621 sabulosa,
1421 573 1478 609 cui
1498 578 1671 622 posterae

159 641 288 677 aetatis
316 646 388 677 tam
418 646 550 691 poetae
576 653 685 689 quam
712 641 914 691 geographi
947 645 1064 678 certas
1101 642 1279 690 quasdam
1308 641 1345 677 in
1378 640 1467 678 orbe
1490 646 1669 679 terrarum

160 709 266 746 sedes
292 709 481 758 assignare
509 709 731 755 studuerint,
775 710 886 746 modo
916 709 965 746 ad
994 708 1155 745 ultimum
1178 708 1436 755 Occidentem,
1476 710 1586 746 modo
1621 710 1670 746 ad

159 782 340 815 extremas
371 782 491 815 terrae
518 789 600 813 oras
635 776 801 814 boreales
828 777 1041 826 ablegantes
1071 775 1356 826 Hyperboreos·,
1406 789 1498 826 quos
1526 776 1588 826 qui
1620 778 1670 814 ad

159 845 400 882 occidentales
428 850 547 881 terrae
584 849 707 894 partes
737 851 900 895 ponunt,
935 857 998 882 eos
1029 844 1177 892 egregie
1204 843 1302 891 salli,
1344 848 1429 895 post
1456 844 1548 881 alios
1574 857 1671 882 nunc

158 910 443 950 luculentissime
472 911 596 948 docuit
614 911 783 949 VOlcker.
805 911 923 960 M3-th.
945 912 1084 960 Geogr.
1108 924 1194 961 pag.
1219 911 1297 952 150
1318 923 1422 961 seqq.
1445 914 1536 953 168.
1596 912 1671 949 lta-

159 991 232 1028 que
262 991 309 1016 ne
334 979 377 1015 iis
405 979 552 1027 quidem
589 979 764 1016 accedere
792 991 1010 1029 possumus,
1060 991 1157 1027 quae
1186 992 1303 1029 nuper
1332 981 1462 1016 statuit
1491 979 1670 1018 Niebuhr.

158 1046 256 1084 Hist.
267 1046 375 1082 Rom.
397 1046 515 1096 lpag.
536 1046 589 1086 85
613 1058 691 1095 seq.
712 1046 771 1083 ed.
793 1058 887 1093 sec.,
916 1045 1201 1096 Hyperboreos,
1231 1045 1457 1096 Pelasgicam
1479 1048 1552 1085 scil.
1580 1061 1670 1097 gen-

157 1121 254 1162 tem,
294 1114 332 1150 in
352 1112 455 1151 Italia
482 1115 712 1163 quaerendos
739 1126 831 1152 esse.
887 1113 1027 1162 Nobis,
1064 1127 1159 1163 quae
1179 1115 1226 1151 de
1245 1114 1313 1151 hac
1331 1119 1443 1164 gente
1463 1121 1671 1162 narrantur,

157 1193 329 1230 magnam
361 1185 505 1232 partem
530 1182 661 1220 eodem
684 1181 885 1230 releganda
910 1182 1104 1228 videntur,
1146 1195 1218 1232 quo
1248 1183 1474 1221 narrationes
1503 1184 1551 1221 de
1575 1184 1672 1232 Gry-

157 1251 265 1302 phis,
305 1248 530 1300 ArimaspiS‚
578 1250 626 1287 de
664 1251 798 1299 quibus
840 1249 991 1298 singulis
1036 1262 1102 1286 suo
1141 1249 1222 1287 loco
1259 1251 1487 1297 monuimus3
1531 1252 1672 1303 quippe

159 1319 291 1357 eodem
311 1330 355 1355 ex
378 1318 480 1354 fonte
500 1318 622 1356 ducta.
679 1318 814 1367 Neque
842 1322 966 1355 tamen
995 1317 1019 1353 ii
1048 1330 1194 1364 sumus,
1236 1318 1297 1367 qui
1320 1319 1397 1356 veri
1419 1320 1510 1368 quid
1527 1319 1594 1357 sub
1615 1321 1671 1357 fa-

159 1386 265 1425 bulae
287 1384 481 1422 involucris
499 1386 613 1423 latere
632 1398 782 1436 prorsus
802 1398 998 1434 negemu53
1030 1387 1117 1436 quid
1135 1400 1222 1424 vero
1241 1386 1309 1423 hoc
1330 1386 1447 1437 ipsum
1467 1387 1535 1435 sit,
1566 1400 1674 1425 accu-

157 1455 269 1493 ratius
289 1454 450 1490 indicare
468 1452 526 1489 vix
544 1452 684 1500 licebit3
714 1467 935 1503 quamquam
957 1458 1106 1503 gentem
1124 1455 1309 1504 quandam
1328 1455 1365 1491 in
1383 1454 1535 1504 Scythia
1556 1455 1673 1493 videri

156 1523 270 1561 fuisse
289 1521 637 1572 Hyperboreowm,
678 1523 776 1560 unde
796 1535 898 1560 sacra
918 1522 979 1559 illa
1001 1522 1085 1560 olim
1107 1523 1259 1560 Graecis
1281 1523 1418 1560 fuerint
1439 1522 1572 1570 allata,
1604 1523 1672 1560 mi-

156 1593 255 1629 nime
275 1590 445 1638 equidem
463 1588 599 1625 infitias
620 1588 759 1627 iverim.
818 1589 899 1628 Nec
927 1590 1033 1628 aliam
1063 1591 1142 1628 fere
1169 1591 1284 1641 ipsius
1304 1591 1489 1629 Herodoti
1510 1594 1672 1628 mentem

155 1659 266 1697 fuisse
287 1657 472 1708 suspicor,
501 1655 564 1704 qui
587 1656 745 1704 mythica
762 1656 842 1705 illa,
869 1658 1021 1708 opinor,
1051 1658 1280 1709 potissimum
1301 1659 1497 1710 respiciens
1518 1662 1554 1696 et
1577 1670 1673 1708 quae

155 1730 290 1778 poetae
313 1725 419 1762 aliive
444 1724 641 1773 scriptores
668 1723 715 1761 de
733 1724 985 1775 Hyperboreis
1004 1726 1226 1764 confabulati
1248 1730 1354 1764 erant
1374 1726 1510 1764 mirave
1530 1727 1673 1764 cecine-

155 1798 260 1840 rant,
291 1792 487 1830 admodum
510 1791 718 1829 dubitanter
735 1793 806 1838 lv,
836 1795 892 1835 32
923 1794 970 1832 de
998 1793 1053 1831 his
1079 1794 1326 1845 pronuntiavit
1348 1798 1460 1843 atque
1480 1794 1518 1830 in
1544 1806 1670 1832 narra-

157 1860 268 1898 tionis
289 1859 362 1896 fine
380 1859 449 1906 IV,
479 1859 533 1899 36
562 1859 656 1896 hunc
677 1859 715 1896 in
736 1861 886 1897 modum
912 1862 1074 1912 scripsit:
1114 1861 1149 1900 εἰ
1177 1859 1221 1900 δέ
1251 1860 1329 1899 εἰσί
1354 1875 1458 1908 τινες
1486 1856 1670 1913 Ὑπερβό-

159 1942 243 1980 ρεοι
264 1923 499 1977 ἅνθρωποι,
539 1925 615 1965 εἰσὶ
643 1925 711 1965 καὶ
746 1924 978 1979 ὑπερνότιοι
1003 1925 1127 1966 ἄλλοι.
1187 1928 1294 1971 Quae
1316 1942 1396 1966 cum
1418 1930 1469 1966 ita
1488 1930 1583 1977 sint,
1614 1930 1670 1967 fa-

158 1995 280 2034 bulam
307 1995 354 2032 de
378 1993 629 2044 Hyperboreis
656 2007 737 2031 cum
765 1995 942 2045 Apollinis
973 1995 1069 2033 cultu
1098 2008 1119 2033 e
1150 1996 1361 2044 regionibus
1393 1997 1598 2034 borealibus
1631 1998 1670 2035 in

159 2063 355 2101 Graeciam
384 2062 594 2100 introducto
619 2062 848 2101 coniunctam
870 2063 1006 2111 fuisse,
1037 2063 1095 2100 vix
1115 2063 1276 2101 dubium.
1341 2064 1447 2108 Quae
1468 2077 1559 2113 gens
1579 2065 1609 2102 si
1628 2078 1669 2103 re

161 2143 247 2168 vera
268 2130 459 2177 exstiterit,
489 2141 569 2166 eam
589 2129 626 2165 in
642 2128 751 2167 Asiae
771 2130 1063 2181 septentrionalis
1082 2131 1290 2180 regionibus
1305 2132 1515 2170 consedisse
1537 2133 1673 2183 proba-

159 2197 234 2236 bile
251 2197 293 2234 fit
311 2210 353 2234 ac
373 2197 457 2235 dein
476 2198 592 2246 magis
609 2197 800 2247 magisque
819 2198 1045 2235 occidentem
1063 2210 1188 2235 versus
1208 2204 1411 2249 porrectam
1427 2201 1475 2238 ad
1485 2200 1673 2252 Europam

159 2277 279 2315 usque
299 2264 622 2315 septentrionalem
647 2268 684 2302 et
707 2264 967 2303 occidentalem
986 2266 1137 2303 Graecis
1160 2271 1236 2304 tum
1255 2268 1430 2319 temporis
1449 2268 1555 2306 valde
1571 2269 1673 2306 rudi-

158 2333 228 2371 bus
265 2331 482 2381 incultisque
511 2333 609 2370 haud
641 2333 842 2370 accuratius
878 2333 1064 2381 cognitam
1102 2335 1318 2381 accessisse3
1363 2335 1462 2373 unde
1491 2336 1528 2374 in
1555 2336 1673 2387 ipsam

161 2401 354 2439 Graeciam
370 2400 546 2452 Apollinis
566 2413 667 2438 sacra
691 2401 812 2451 prisco
838 2401 1037 2438 admodum
1065 2414 1155 2440 aevo
1178 2403 1277 2441 illata
1302 2416 1384 2441 esse
1414 2404 1496 2453 quis
1525 2407 1672 2441 statuat.

161 2468 295 2518 Neque
321 2481 407 2506 vero
420 2497 431 2516 ,
471 2474 510 2505 ut
525 2468 728 2505 Schubarto
749 2468 771 2506 l.
789 2468 812 2506 l.
844 2482 880 2520 p.
901 2471 955 2510 32
974 2469 1128 2521 placuit,
1157 2470 1417 2521 Hyperboreos
1441 2471 1591 2509 dixerim
1609 2483 1672 2508 co-

159 2537 285 2582 lonos,
312 2536 375 2586 qui
394 2548 438 2574 ex
458 2537 599 2574 oriente
617 2538 791 2587 profecti,
822 2537 972 2575 ducibus
992 2539 1264 2586 sacerdotibus,
1294 2538 1514 2577 coloniarum
1541 2539 1671 2577 seriem

161 2603 390 2641 condiderint
416 2605 460 2641 iis
491 2605 529 2641 in
556 2604 682 2652 terris,
722 2617 814 2654 quas
843 2605 955 2643 alluat
979 2605 1119 2644 Pontus
1138 2607 1298 2644 Euxinus
1318 2619 1486 2656 quaeque
1504 2607 1592 2645 inde
1611 2620 1671 2644 se-

160 2671 406 2723 ptentrionem
427 2679 463 2710 et
482 2673 659 2710 orientem
680 2685 803 2710 versus
821 2678 1001 2723 spectent.
1057 2675 1167 2723 „Ubi
1185 2674 1296 2725 (sunt
1316 2675 1428 2712 verba
1447 2675 1668 2722 Schubarti)

161 2751 273 2789 quum
297 2750 320 2775 a
343 2741 557 2778 commercio
585 2752 708 2777 earum
733 2741 919 2790 gentium,
955 2755 1035 2780 cum
1060 2742 1192 2792 quibus
1218 2741 1402 2790 agebant,
1439 2755 1513 2779 non
1535 2742 1670 2780 fuerint

162 2806 345 2857 separati,
381 2818 464 2843 mox
493 2821 575 2845 cum
603 2808 693 2859 ipsis
718 2808 963 2847 miscebantur
994 2815 1032 2848 et
1061 2821 1193 2847 nomen
1229 2821 1354 2846 eorum
1382 2810 1420 2847 in
1450 2809 1667 2860 populorum

162 2873 255 2911 abiit
274 2886 430 2919 nomen,
460 2875 674 2924 quibuscum
699 2888 739 2914 se
768 2876 970 2916 iunxerant.
982 2879 1008 2899 ‘⁴
1065 2878 1120 2916 Ex
1146 2889 1219 2927 quo
1250 2878 1380 2917 eodem
1409 2877 1467 2915 ille
1497 2875 1668 2928 explicari
