1904 3304
332 249 674 290 EXCURSUS
714 248 742 284 V
798 246 873 284 AD
915 241 1244 283 HERODOT.
1282 239 1475 287 111,116.
1584 239 1668 278 653

578 688 1130 741 EXCURSUS
1195 689 1237 735 V

352 797 474 834 An
565 791 1162 835 ussssono'r.
1252 789 1472 836 111‚116.

635 1006 736 1047 De
806 1002 1188 1060 Gryplhis.

271 1111 447 1150 Fabulam
471 1109 517 1146 de
549 1109 732 1159 Gr5phis,
766 1108 958 1145 Herodoto
988 1111 1023 1145 et
1052 1107 1087 1144 h.
1118 1107 1141 1143 l.
1178 1110 1215 1143 et
1237 1104 1310 1151 lV,
1353 1105 1414 1143 13.
1454 1103 1508 1142 27
1551 1101 1667 1137 obiter

161 1185 302 1218 tantum
318 1180 510 1217 indicatam
524 1206 536 1223 ,
569 1177 665 1214 haud
686 1177 758 1213 scio
779 1189 825 1213 an
847 1188 925 1213 eam
948 1175 994 1212 ob
1012 1188 1176 1222 causam,
1206 1173 1305 1224 quod
1328 1185 1350 1209 a
1367 1183 1453 1208 vero
1473 1170 1668 1207 abhorrere

159 1250 345 1286 videretur
374 1246 469 1297 patri
499 1246 692 1291 historiae,
739 1244 901 1295 pluribus
944 1245 1124 1281 enarravit
1157 1243 1300 1280 Ctesias
1331 1239 1465 1287 (Indd.
1492 1236 1528 1289 ξ.
1554 1240 1606 1279 12
1631 1241 1669 1275 et

159 1317 260 1367 apud
276 1315 412 1353 Aelian.
436 1313 484 1351 N.
506 1313 550 1351 A.
572 1313 642 1360 IV,
674 1314 768 1361 27),
800 1326 819 1349 e
839 1324 911 1361 quo
933 1312 1091 1362 profecit
1110 1311 1211 1349 Phile
1232 1310 1278 1347 de
1297 1307 1454 1345 animall.
1477 1307 1668 1358 propriett.

161 1387 188 1425 2
209 1397 245 1434 p.
269 1384 318 1424 15
339 1395 444 1431 seqq.
462 1385 497 1418 et
520 1381 612 1417 Plin.
633 1381 679 1418 H.
704 1379 752 1419 N.
771 1380 850 1426 VH,
871 1384 907 1422 2.
938 1379 1036 1417 Alios
1057 1380 1154 1417 locos
1177 1377 1346 1417 excitavit
1364 1375 1531 1412 Viilcker.
1551 1374 1669 1424 Myth.

162 1450 376 1500 Geograph·
405 1450 419 1485 Ι
443 1463 479 1499 p-
504 1450 583 1489 186
613 1454 689 1485 not·
712 1450 788 1490 156
819 1454 856 1487 et
881 1450 1016 1486 dudum
1047 1452 1155 1485 antea
1176 1447 1309 1484 Comes
1326 1445 1374 1482 ill.
1400 1445 1448 1481 de
1469 1443 1671 1481 Veltheim:

159 1516 373 1556 Vermischt.
404 1515 580 1554 Aufsiitze
621 1518 737 1564 (‚‚von
776 1518 847 1554 den
880 1516 1180 1566 goldgrabenden
1210 1514 1380 1551 Ameisen
1410 1512 1485 1548 und
1519 1511 1671 1548 Greisen

161 1587 226 1623 der
245 1586 355 1623 Alten
366 1586 391 1604 ‘⁶
420 1585 491 1621 vid.
519 1598 627 1634 supra
655 1586 701 1620 ad
721 1585 860 1622 Herod.
881 1584 951 1630 ΙΙΙ,
986 1585 1082 1630 102)
1113 1583 1160 1620 T.
1184 1583 1215 1619 11
1244 1596 1328 1633 pag.
1351 1583 1432 1621 267
1453 1592 1580 1628 seqq.,
1609 1578 1671 1614 ubi

160 1666 300 1690 omnem
322 1652 417 1689 hanc
436 1653 678 1689 narrationem
698 1652 745 1688 ad
766 1652 843 1689 auri
864 1652 1035 1689 lotionem
1055 1651 1178 1698 refert,
1207 1651 1244 1687 in
1265 1649 1420 1687 desertis
1444 1648 1536 1685 Cobi
1556 1646 1671 1695 (quae

158 1721 237 1771 ipsa
267 1732 347 1758 eam
374 1720 451 1757 fere
479 1719 665 1768 regionem
695 1724 872 1768 tangunt,
913 1719 948 1755 in
975 1720 1048 1768 qua
1074 1719 1206 1769 gryphi
1230 1717 1466 1768 probabiliter
1491 1715 1669 1753 collocan-

159 1788 235 1836 tur)
266 1800 359 1837 quae
386 1786 469 1824 olim
497 1787 594 1824 sacta
613 1788 719 1825 fuerit
737 1789 921 1838 hodieque
942 1788 1008 1824 fiat
1027 1799 1097 1837 ope
1118 1786 1303 1823 hominum
1322 1796 1574 1831 servorumve,
1606 1784 1669 1833 qui

159 1854 216 1892 vel
244 1854 338 1892 bello
364 1854 459 1904 capti
485 1854 541 1892 vel
565 1868 674 1904 quum
707 1857 794 1905 quid
823 1856 1080 1905 deliquissent,
1110 1854 1158 1891 ad
1183 1853 1252 1890 hoe
1277 1866 1368 1903 opus
1393 1852 1528 1890 fuerint
1552 1852 1669 1888 coacti

160 1923 359 1970 Indiaeque
376 1921 521 1969 regibus
541 1934 667 1959 aurum
688 1923 756 1959 hoc
774 1923 884 1959 modo
904 1922 1116 1971 acquisitum
1136 1921 1354 1966 detulerint,
1396 1919 1668 1958 studiosissimis

161 1989 227 2026 illis
246 1989 407 2038 quidem,
428 2000 474 2025 ne
495 1989 583 2037 quid
596 1989 642 2026 de
661 1989 715 2025 his
728 1990 825 2025 foras
846 1988 1011 2025 efflueret
1030 1988 1289 2036 cognitumque
1310 1988 1426 2035 fieret,
1447 1989 1544 2025 unde
1565 1991 1669 2024 tanta

161 2057 238 2095 auri
257 2057 360 2106 copia
377 2056 425 2092 ad
443 2056 543 2105 ipsos
564 2057 765 2094 afferretur.
802 2056 886 2100 Quo
908 2056 1036 2093 eodem
1059 2054 1209 2092 consilio
1232 2055 1311 2092 illos
1329 2069 1435 2106 reges
1455 2056 1575 2093 omnia
1595 2053 1670 2091 vult

163 2124 333 2162 custodiis
360 2122 512 2160 cinxisse
541 2136 584 2160 ac
612 2124 792 2174 saepsisse
820 2124 896 2160 sive
921 2123 1082 2174 ipsorum
1110 2122 1294 2160 hominum
1323 2124 1397 2162 sive
1421 2137 1548 2162 canum
1573 2126 1670 2162 sera-

161 2204 265 2237 rum,
294 2203 341 2228 ne
369 2191 450 2239 quis
484 2191 634 2241 propius
664 2192 711 2229 ad
738 2192 807 2228 ista
836 2190 916 2228 loca
939 2191 1111 2228 accedere
1129 2191 1302 2238 auderet,
1332 2192 1420 2229 certi
1440 2193 1526 2241 quid
1549 2193 1595 2230 de
1614 2192 1669 2229 his

162 2261 431 2308 comperturus;
460 2258 621 2308 itemque
640 2259 770 2296 multas
789 2258 929 2296 fabulas
949 2258 1139 2296 horribiles
1160 2259 1466 2309 miraculosasque
1482 2261 1671 2311 sparsisse,

162 2325 295 2373 quibus
315 2324 474 2373 reliquos
497 2326 659 2364 homines
679 2326 892 2377 perterritos
915 2330 1092 2372 arcerent,
1116 2340 1189 2376 quo
1210 2327 1328 2364 minus
1348 2328 1396 2365 ad
1417 2328 1481 2366 has
1502 2330 1670 2378 regiones

162 2391 387 2430 accederent.
427 2392 547 2431 wahl.
575 2394 808 2444 (Erdbeschr.
827 2407 861 2432 v.
883 2395 1028 2432 Ostind.
1050 2407 1135 2444 pag.
1152 2394 1233 2436 488
1254 2393 1382 2446 seqq.)
1413 2396 1584 2446 Gryphos
1602 2409 1670 2446 pro

165 2462 274 2506 gente
302 2458 434 2506 habet,
464 2461 562 2497 cuius
586 2462 693 2498 sedes
714 2462 751 2498 in
769 2461 876 2500 Asiae
893 2461 1185 2511 septentrionalis
1204 2467 1240 2500 et
1257 2463 1439 2501 orientalis
1461 2464 1670 2511 regionibus

163 2525 317 2571 fuerint,
354 2539 521 2577 quaeque
549 2529 606 2565 vix
635 2530 777 2567 diversa
807 2530 853 2566 sit
882 2542 903 2566 a
920 2530 1165 2579 Riphaeorum
1195 2535 1308 2579 atque
1338 2531 1446 2567 etiam
1472 2531 1671 2581 Hyperbo-

162 2605 304 2629 reorum
326 2601 437 2642 gente
449 2596 498 2645 ²³).
561 2596 602 2632 In
623 2597 753 2634 montis
770 2598 872 2634 Altae·
887 2598 1128 2635 cacuminibus
1145 2597 1224 2634 illos
1240 2598 1422 2636 habitasse
1438 2598 1566 2635 statuit
1593 2599 1669 2648 pri-

210 2762 242 2805 ⁸)
267 2761 326 2795 Sic
357 2773 490 2807 quoque
515 2764 672 2808 Guignes
704 2765 746 2798 de
773 2769 876 2809 gente
905 2766 1088 2799 Tartar-ica
1114 2765 1314 2806 Niu-tche‚
1348 2765 1443 2799 cuius
1467 2771 1561 2799 terra
1586 2777 1669 2799 auro

256 2819 424 2860 abundet,
458 2820 512 2854 hic
547 2822 764 2866 cogitandum
789 2834 863 2855 esse
899 2830 1023 2856 censet.
1073 2823 1202 2866 (Mem.
1228 2822 1270 2856 de
1294 2822 1429 2857 l’Acad.
1456 2823 1488 2855 d.
1509 2822 1668 2866 Inscript.

256 2874 390 2908 XXXV
411 2887 489 2921 pag.
507 2879 573 2913 563
597 2881 686 2924 seq.)
713 2878 817 2919 Quod
834 2890 931 2924 quam
947 2880 1161 2914 temerarium
1179 2879 1244 2921 sit,
1269 2884 1383 2914 monet
1399 2879 1547 2914 Danvill.
1566 2879 1666 2922 (ibid.
