1904 3304
498 227 1059 268 MELPOMENE.
1118 228 1179 266 IV.

181 339 333 393 Ξκρὲα,

1388 230 1472 269 329

394 340 521 381 δαῖτα
564 337 860 392 προτιθέαται.
919 336 999 394 τήν
1029 336 1075 380 δὲ
1103 335 1302 393 κεφαλὴν
1334 336 1473 381 αὐτοῦ
1482 344 1527 378 90

209 407 474 460 ψιλώσαντες
513 409 587 452 καὶ
622 407 966 464 ἐκκαθήραντες,
1004 412 1348 462 καταχρυσοῦσι·
1398 410 1473 453 καὶ

210 479 350 522 ἔπειτα
381 479 454 523 ἅτε
489 477 701 537 ἀγάλματι
730 481 962 536 χρὲωνται,
993 480 1152 530 θυσίας
1175 479 1363 536 μεγάλας
1383 480 1471 524 ἐπε·

209 655 321 693 δαῖτα
358 651 630 706 προτιθέαται]
691 655 811 703 Vulgo

153 712 432 762 προτίθενται,
468 711 700 748 Florentinus
724 725 811 760 sug-

152 769 269 818 gessit
307 767 586 818 προτιθὲαται,
628 768 728 816 quod
755 781 813 805 re·-

152 829 262 863 centt.
285 826 368 861 edd.
389 826 463 862 iure
483 829 710 874 receperunt.
753 824 811 860 Ad

151 883 268 933 ipsam
290 894 364 919 rem
384 882 483 931 quod
501 882 653 927 attinet,
684 880 811 917 similia

152 939 335 988 quaedam
358 939 404 975 de
424 937 596 984 Paddais,
626 942 734 986 gente
752 938 811 973 In-

155 996 261 1041 dica,
302 996 509 1032 reseruntur
535 994 603 1040 ΙΙΙ,
631 996 683 1033 99
706 998 744 1031 et
764 994 810 1031 de

154 1051 374 1100 Massagetis
413 1051 449 1096 Ι,
492 1052 596 1096 216,
648 1050 709 1087 ubi
738 1051 811 1088 vid.

155 1113 248 1146 nott.
307 1109 360 1144 Ac
376 1106 519 1145 saeculo
541 1107 681 1144 decimo
699 1112 812 1156 atque

154 1165 263 1203 tertio
290 1164 445 1201 barbara
473 1163 699 1201 consuetudo
728 1176 813 1214 pro-

155 1222 373 1272 pinquorum
411 1232 567 1270 corpora
613 1219 815 1257 devorandi

156 1278 256 1328 apud
295 1277 500 1314 Tibetanos
535 1277 696 1325 viguisse
741 1276 814 1313 fer-

157 1338 235 1381 tur3
283 1333 356 1370 vid.
387 1333 559 1370 Meiners.
599 1333 636 1369 in
673 1333 814 1369 Comm.

158 1391 292 1427 Societ.
318 1389 421 1426 Gott.
442 1388 528 1425 XIII
557 1403 592 1440 p.
611 1391 664 1430 72
686 1393 761 1425 not.
784 1402 814 1427 c.

159 1447 259 1490 Quin
287 1446 482 1484 etiamnum
511 1446 557 1482 ab
588 1446 727 1482 insulae
746 1446 816 1482 Su-

157 1508 296 1540 mattae
340 1501 487 1548 incolis,
551 1515 643 1550 quos
686 1506 816 1537 vocant

157 1558 305 1604 Βαίΐαε,
330 1558 423 1595 idem
441 1558 519 1595 fieri
543 1562 701 1595 testatur
714 1558 816 1595 Hee-

158 1628 234 1654 ren.
262 1615 374 1652 Ideen
394 1614 422 1661 Ι,
447 1616 473 1653 2
496 1627 530 1664 p.
551 1615 644 1655 285.
675 1615 735 1650 Ad
758 1615 813 1650 sa-

157 1671 259 1709 bulas
276 1671 365 1708 haec
378 1670 543 1718 relegare
556 1672 615 1720 qui
627 1672 816 1708 contendit

158 1727 313 1767 Rennel.
330 1741 366 1778 p.
388 1726 482 1774 440,
512 1728 592 1778 ipse
613 1728 816 1773 admonuit,

159 1798 241 1823 eum
262 1797 418 1830 morem,
458 1796 530 1833 quo
555 1784 686 1822 affines
711 1798 817 1822 sene-

160 1846 299 1879 scentes
328 1841 568 1887 interficiant,
608 1842 644 1877 in
666 1842 816 1889 Benga-

159 1898 206 1935 lia
224 1897 376 1946 aliisque
392 1897 499 1934 Asiae
515 1898 680 1948 partibus
699 1898 817 1936 adhuc

160 1955 338 1992 obtinere.

217 2022 292 2075 τήν
326 2021 369 2063 ὁὲ
396 2022 576 2076 κεφαλήν
616 2020 743 2063 αὐτοῦ
763 2046 817 2051 -—-

162 2082 465 2131 καταχρυσοῦσι]
509 2083 530 2118 i.
552 2095 582 2119 e.
606 2086 710 2131 caput
739 2094 817 2117 vero

162 2139 355 2189 depilatum
384 2142 688 2188 erpurgcztumque
713 2140 819 2174 inau-

163 2199 267 2242 rant,
316 2208 418 2244 eoque
457 2199 608 2231 utuntur
650 2199 820 2244 tanquam

164 2265 262 2289 sacro
284 2251 331 2302 (s.
354 2253 506 2288 donario
536 2253 603 2288 diis
631 2264 820 2289 consecra-

162 2311 221 2357 to)
241 2308 382 2358 quando
403 2322 525 2345 annua
545 2309 722 2359 sacrificia
739 2321 819 2357 per-

165 2369 292 2414 agunt.
371 2365 443 2402 Pro
494 2367 819 2416 καταχρυσοῦσι

166 2422 224 2458 alii
252 2417 567 2472 ἄποχρυσοῦσι,
606 2422 704 2471 quod
724 2422 819 2458 idem

166 2479 263 2528 apud
285 2477 500 2516 Artemidor.
523 2480 594 2516 On.
615 2479 652 2525 l,
686 2478 739 2518 52
762 2478 818 2514 in-

167 2535 329 2581 venitur,
363 2540 458 2573 teste
485 2535 727 2584 W'esseling„
758 2534 819 2583 qui

167 2595 353 2639 praeterea
378 2592 436 2628 hic
462 2592 589 2630 laudat
610 2592 749 2630 Herod.
774 2590 819 2637 ΙΙ,

173 2647 250 2685 130
272 2647 346 2683 coll.
368 2648 430 2694 IV,
453 2648 519 2695 65,
548 2650 609 2686 ubi
628 2662 693 2699 pro
712 2662 819 2712 περι-

169 2699 371 2751 χρυσώσας
390 2705 447 2740 alii
468 2705 549 2742 libri
568 2717 820 2756 καταχρυσω-

172 2770 251 2804 σας.
300 2760 360 2795 Ad
384 2762 499 2810 ipsum
527 2762 595 2799 loci
622 2775 818 2812 argumen-

171 2820 246 2851 tum
271 2816 355 2853 facit
375 2818 551 2868 Pompon.
572 2793 687 2857 Melae>
700 2820 753 2865 ΙΙ,
784 2823 821 2865 1,

175 2873 247 2912 87;
284 2902 308 2920 ,,
322 2873 526 2913 Essedones
543 2877 668 2915 funera
689 2889 821 2928 paren-

869 658 946 691 tum
979 654 1061 691 laeti
1096 658 1134 691 et
1167 655 1321 692 victimis
1353 667 1394 692 ac
1432 656 1527 692 sesto

870 712 969 747 coitu
986 710 1212 748 familiarium
1227 712 1421 749 celebrant.
1435 712 1529 748 Cor-

867 780 960 817 pora
978 768 1058 817 ipsa
1078 767 1212 804 laniata
1231 773 1267 804 et
1286 769 1398 806 caesis
1418 781 1529 818 peco-

868 836 946 860 rum
972 824 1170 860 visceribus
1189 824 1345 861 immista
1373 825 1528 875 epulan-

869 880 917 916 do
940 885 1169 916 consumunt.
1202 881 1337 931 Capita
1357 882 1417 918 ubi
1437 882 1529 918 fabri

868 936 1074 986 expolivere
1088 966 1098 983 ‚
1130 950 1218 973 auro
1238 938 1358 975 vincta
1376 951 1442 988 pro
1464 951 1532 988 po-

869 992 957 1029 culis
987 997 1129 1042 gerunt.
1180 993 1285 1031 Haec
1317 1000 1402 1031 sunt
1430 994 1531 1044 apud

868 1049 969 1099 ipsos
1011 1050 1158 1099 pietatis
1201 1050 1326 1087 ultima
1370 1051 1530 1088 officia.“

869 1106 919 1142 Et
939 1106 982 1143 cf.
1005 1106 1092 1143 ibid.
1114 1106 1160 1153 Il,
1195 1110 1230 1153 1,
1261 1108 1352 1148 128.
1409 1107 1531 1156 Atque

871 1163 952 1212 ipse
973 1162 1185 1199 Herodotus
1204 1163 1277 1210 IV,
1301 1163 1354 1205 65
1387 1167 1532 1200 enarrat

872 1218 1028 1268 Scythas
1063 1219 1222 1257 hostium
1262 1221 1532 1258 interfectorum

872 1280 936 1312 aut
960 1276 1183 1313 inimicorum
1213 1277 1342 1313 craniis
1369 1277 1420 1314 uti
1449 1281 1534 1313 tan-

873 1344 981 1381 quam
996 1332 1146 1382 poculis.
1178 1333 1298 1376 Quem
1316 1333 1532 1382 Scytharum

872 1401 1010 1425 morem
1041 1389 1242 1437 attigerunt
1267 1389 1372 1427 Plato
1401 1391 1436 1426 in
1458 1389 1533 1426 Eu-

872 1444 976 1493 thyd.
1005 1457 1089 1494 pag.
1123 1447 1204 1486 299
1232 1445 1273 1482 E.
1320 1459 1405 1496 pag.
1436 1447 1531 1487 395.

870 1500 970 1536 Alios
992 1501 1139 1538 aliarum
1159 1503 1320 1550 gentium
1342 1503 1428 1539 ritus
1445 1516 1533 1540 con-

872 1557 1003 1594 similes
1037 1558 1209 1594 indicavit
1238 1558 1273 1595 T
1276 1558 1454 1596 zschucke
1484 1559 1532 1596 ad

871 1612 958 1650 Mel.
980 1618 1072 1651 nott.
1100 1627 1230 1663 exegg.
1259 1628 1344 1664 pag.
1368 1616 1422 1656 57
1447 1615 1530 1653 Vol.

872 1669 922 1705 Ill
944 1669 984 1706 P.
1004 1670 1048 1707 II.
1088 1671 1226 1708 Heind.
1248 1672 1384 1708 Strabo
1408 1671 1474 1708 vll
1493 1685 1530 1722 p.

873 1727 954 1766 238
982 1740 1009 1763 S.
1031 1724 1112 1767 458
1131 1726 1178 1767 A.
1210 1741 1295 1778 pag.
1326 1730 1407 1768 306
1431 1728 1473 1764 B.
1503 1741 1532 1765 s.

873 1780 955 1824 460
978 1784 1021 1820 Β.
1079 1783 1194 1821 Addit
1227 1784 1404 1821 Valcken.
1438 1785 1531 1822 Livii

872 1838 989 1876 locum
1008 1840 1145 1889 XXIll,
1164 1840 1217 1881 24
1241 1842 1286 1879 de
1300 1841 1415 1878 Gallis
1431 1841 1533 1878 Boiis

873 1908 918 1935 ea
937 1898 1138 1945 narrantis,
1168 1911 1264 1947 quae
1284 1911 1363 1935 cum
1386 1899 1532 1936 lssedo-

873 1967 960 1991 num
995 1968 1119 2002 more,
1174 1968 1284 2004 quem
1316 1955 1530 1992 Herodotus

873 2011 1068 2048 memoriae
1087 2012 1268 2062 prodidit,
1299 2013 1529 2049 conveniunt.

873 2067 934 2105 Tu
973 2069 1065 2104 conf.
1108 2069 1172 2105 Sil.
1205 2068 1286 2105 Ital.
1314 2068 1412 2116 XIH,
1447 2068 1531 2110 482

876 2137 979 2173 seqq.
1035 2124 1156 2171 Quin,
1195 2129 1290 2162 teste
1309 2125 1423 2162 Paulo
1444 2125 1534 2162 Dia-

876 2194 968 2218 cono
1000 2181 1055 2227 ΙΙ,
1098 2181 1149 2222 14
1179 2181 1356 2218 Alboinus
1384 2181 1536 2230 Longo-

876 2239 1073 2275 bardorum
1113 2250 1175 2275 rex
1209 2251 1229 2275 e
1263 2238 1382 2288 capite
1413 2238 1533 2274 Runi—

876 2295 1022 2340 mundi,
1079 2295 1173 2343 regis
1214 2295 1440 2345 Gepidarum
1486 2295 1531 2331 ab

875 2352 955 2401 ipso
977 2352 1091 2397 caesi,
1129 2351 1296 2401 poculum
1317 2352 1438 2402 parari
1459 2350 1533 2386 ius-

876 2409 936 2454 sit,
959 2421 979 2445 e
999 2408 1335 2457 quoRosamunda,
1356 2421 1445 2444 uxor
1465 2420 1531 2444 sua

875 2466 1079 2514 eademque
1095 2465 1321 2501 Kunimundi
1343 2463 1436 2511 filia,
1471 2465 1529 2501 bi-

876 2522 988 2559 beret.
1047 2521 1296 2559 Crudelissimi
1324 2521 1433 2558 moris
1462 2520 1531 2557 alia

875 2577 1021 2615 aliunde
1039 2580 1204 2628 exempla
1222 2578 1385 2627 proferre
1403 2577 1532 2615 dicitur

876 2635 1037 2672 Mascow
1059 2635 1091 2671 Il
1113 2648 1149 2685 p.
1177 2636 1268 2674 176.

933 2700 1000 2743 ὅτε
1020 2699 1212 2756 ἀγάλματι
1234 2702 1440 2756 χρέωνται]
1465 2700 1531 2743 ὅτε

876 2774 898 2798 a
919 2762 1062 2799 duobus
1082 2762 1179 2799 libris
1197 2763 1304 2800 abest
1317 2791 1326 2809 ‚
1365 2762 1442 2799 sine
1460 2761 1531 2798 ullo

877 2831 1003 2856 sensus
1029 2819 1260 2856 detrimento.
1306 2818 1447 2856 Eadem
1471 2830 1532 2854 va-

877 2876 984 2914 rietas
1034 2876 1106 2924 IV,
1151 2877 1218 2916 28.
1270 2896 1323 2903 -
1378 2872 1531 2925 ἄγαλμα
