1904 3304
462 266 547 306 578
860 262 1330 302 HERODOTl

465 372 574 418 ἀλλά
611 370 797 428 μάλιστα
826 371 1009 428 Λιβύων
1048 374 1140 417 εἰσί.
1197 372 1363 429 νόμους
1397 373 1443 416 δὲ
1473 371 1576 423 τούς
1604 375 1729 415 πλεῦ-

305 447 401 493 171
464 462 542 496 νας
567 441 795 499 μιμέεσθαι
814 441 1116 499 ἐπιτηδεύουσι
1138 444 1241 495 τούς
1264 445 1541 500 Κυρηναίων.
1578 441 1731 498 Ἀσβυ-
1797 447 1875 487 357

135 512 409 574 ΑΒξξξξζῖᾓξῗῗ-,ξζῖθ
469 517 603 561 στέων
632 515 679 558 δὲ
709 514 879 570 ἔχονται
907 514 956 558 τό
987 515 1098 571 πρὸς
1128 515 1308 570 ἑσπέρης
1339 514 1563 570 Αὐσχίσαι.
1609 509 1732 557 οὗτοι

133 589 191 641 ἕίΡ
174 584 239 641 ”1¹²⁸
205 581 410 674 ξξρζῗῗμῐξμυῗᾱ
467 587 577 672 ὑπὲρ
619 583 792 639 Βάρκης
838 582 1054 638 οἰκέουσι,
1101 585 1359 643 κατήκοντες
1399 586 1466 628 ἐπὶ
1507 585 1734 629 θάλασσαν

135 649 571 716 ξ,ω“’1ἕθᾎ,,-’2κατ
603 655 916 710 Εὐεσπερίδας.
976 655 1228 713 Αὐσχισέων
1269 656 1316 700 δὲ
1351 673 1461 700 κατα
1500 657 1632 712 μέσον
1660 660 1736 712 τῆς

151 690 411 750 εοιίετιιὶαιῑίῗειιί

583 811 696 861 Cap.
738 809 905 848 CLXXI.

459 862 673 918 Αὐσχίσαι]
694 868 736 903 In
750 867 964 905 Florentino
981 868 1074 906 libro

412 919 751 973 εΧεῒεῒΑὕσχίσαις
769 918 961 975 Αὕσχίται
976 926 1077 976 apud

415 982 592 1032 Stephan.
612 981 703 1028 Byz.
724 995 759 1031 p.
783 982 861 1021 198
888 983 1077 1032 reperitur.

415 1039 473 1076 Tu
499 1037 595 1075 conf.
613 1036 833 1085 lVesseling.
855 1038 904 1074 ad
921 1039 1077 1076 Diodor.

413 1095 488 1133 Sic.
511 1094 583 1139 ΠΙ,
605 1093 670 1134 48.
721 1093 832 1138 Quod
859 1107 946 1132 vero
977 1095 1078 1145 apud

415 1151 573 1190 eundem
593 1151 824 1201 Stephanum
842 1149 866 1187 l.
884 1151 908 1190 l.
936 1164 978 1188 ex
1000 1152 1079 1189 He-

416 1213 544 1245 cataeo
571 1208 701 1244 citatur
724 1203 908 1258 Αὕσιγδα
942 1207 1082 1256 Libyca

418 1262 548 1310 insula,
561 1263 712 1312 eiusque
724 1262 865 1301 incolae
873 1260 1083 1316 Αὕσιγδοι,

419 1322 539 1358 inesse
569 1320 709 1370 aliquid
741 1321 969 1368 cognationis
1002 1333 1083 1358 cum

419 1376 607 1414 Herodoti
644 1376 829 1414 Auschisis
879 1377 1084 1428 suspicatur

421 1433 601 1470 Klausen.
637 1433 686 1471 ad
710 1434 890 1471 Hecataei
914 1434 1083 1484 fragmm.

421 1492 572 1541 p.132

479 1541 569 1585 κατ’
605 1540 906 1597 Ευεσπερίδας]
959 1546 1085 1593 „Pto-

423 1604 560 1641 miscue
586 1601 812 1654 Ἑσπερίδες
841 1609 880 1640 et
908 1597 971 1641 Ez'
964 1616 1084 1642 ι-εσπε

425 1660 555 1726 ρίδες,
624 1660 718 1697 cives
767 1658 989 1711 Ἑσπερῖται
1047 1663 1085 1697 et

423 1711 727 1766 Ευέσπσ.·ερῖτι>ιι.ι
716 1716 741 1736 “
812 1715 1082 1764 Wesselihzg

423 1773 540 1810 citans
571 1774 744 1811 Strabon.
765 1772 852 1809 XIV
878 1787 916 1823 p.
937 1773 1017 1813 647
1041 1774 1085 1810 B.

425 1842 453 1866 s.
475 1831 556 1870 957
583 1830 629 1867 D.
666 1829 769 1866 XVII
804 1843 841 1880 p.
872 1832 953 1870 836
983 1829 1031 1866 D.
1055 1842 1085 1866 s.

429 1888 536 1927 1193
556 1886 601 1922 C.
631 1885 729 1923 Add.
749 1885 891 1923 Herod.
912 1886 974 1931 lv,
995 1888 1085 1927 198.

426 1940 520 1983 204.
552 1941 633 1979 Nec
653 1943 771 1979 minus
789 1943 933 1979 obvium
951 1942 1087 1992 Hespe-

427 2001 503 2035 riae
522 2011 656 2036 nomen
673 2003 785 2047 atque
804 1998 983 2048 Hesperis.
1026 2000 1085 2035 Cf.

428 2055 609 2105 Stephan.
628 2056 784 2104 Byzant.
810 2069 839 2092 s.
860 2068 894 2092 v·
925 2069 960 2106 p.
983 2055 1086 2096 357:

427 2109 609 2160 Ἑσπερὶς
638 2107 755 2157 πόλις
771 2107 931 2162 Λιβύης
959 2110 988 2163 ἦ
1009 2113 1087 2150 νῦν

432 2169 645 2220 Βερενίκη,
680 2166 700 2207 ὁ
730 2169 894 2218 πολίτης
910 2167 1088 2220 Ἑσπερί-

430 2239 510 2275 της.
541 2224 641 2262 Add.
662 2224 749 2262 Mel.
769 2224 806 2271 l,
834 2223 915 2276 8§.
939 2228 990 2271 2,
1028 2225 1089 2263 ubi

432 2281 546 2318 multa
564 2281 600 2318 Γ
602 2281 781 2319 zschucke
796 2287 886 2319 nott.
903 2283 997 2319 critt.
1011 2281 1093 2319 Vol.

434 2337 465 2374 ll
488 2337 529 2373 P.
551 2338 621 2387 lp.
641 2340 722 2378 283
745 2343 838 2376 nott.
861 2352 990 2388 exegg.
1010 2338 1092 2375 Vol.

435 2394 486 2430 ΙΙΙ
507 2393 546 2429 P.
566 2393 578 2429 l
596 2407 631 2443 p.
653 2398 758 2440 209,
791 2399 827 2431 et
844 2396 906 2444 qui
924 2395 1026 2445 plura
1045 2396 1093 2432 de

434 2450 490 2487 his
517 2451 721 2487 nominibus
748 2451 851 2487 dabit
870 2451 1009 2501 'llirige
1027 2452 1049 2488 l.
1070 2452 1093 2489 l.

435 2519 471 2556 p.
496 2507 588 2547 138.
615 2508 708 2547 139.
758 2506 972 2554 Postmodo,
1005 2509 1093 2545 Pto—

435 2563 668 2609 lemaeorum,
698 2562 840 2613 opinor,
873 2570 1007 2609 aetate,
1030 2578 1093 2601 vo-

435 2623 517 2656 cata
546 2623 603 2656 est
629 2618 820 2665 Berenice,
857 2624 954 2659 teste
975 2621 1092 2658 Plinio

437 2674 482 2721 V,
495 2675 520 2715 5
537 2675 629 2723 init,
645 2675 870 2725 multumque
890 2689 932 2714 ac
950 2678 1010 2714 diu
1024 2680 1091 2714 flo—

433 2732 506 2768 ruit
533 2732 727 2769 incolarum
754 2733 958 2781 frequentia
982 2739 1093 2783 atque

433 2788 563 2838 opibus
594 2801 615 2826 e
641 2790 859 2826 commercio
886 2802 1000 2838 reque.
1026 2803 1092 2827 na-

433 2843 504 2880 vali
525 2845 732 2893 acquisitis,
768 2857 848 2882 cum
866 2850 975 2895 portu
995 2847 1092 2896 opti-

434 2912 493 2937 mo
514 2900 692 2939 instructa
710 2905 808 2940 esset
836 2902 921 2939 urbs
941 2903 978 2938 in
1001 2903 1090 2951 Syr-

1131 815 1178 852 tis
1200 814 1334 852 extimo
1356 826 1481 859 cornu,
1509 818 1549 851 ut
1570 813 1706 851 Plinius
1728 814 1792 861 ait,

1133 873 1214 909 sita.
1269 871 1367 914 Quin
1394 871 1576 919 hodieque
1602 883 1794 921 superesse

1134 928 1304 965 dicuntur
1331 928 1463 964 rudera
1494 929 1650 977 priorem
1674 927 1795 978 splen-

1135 986 1262 1022 dorem
1306 984 1555 1033 ambitumque
1605 984 1794 1022 testantia.

1135 1041 1246 1078 Nune
1274 1041 1321 1077 ibi
1339 1041 1512 1090 oppidum
1534 1040 1704 1089 Bengazi
1721 1040 1796 1076 sive

1135 1097 1277 1135 Bomio.
1323 1097 1432 1134 Conf.
1457 1097 1733 1134 Schlichtliorst.
1759 1109 1797 1145 p.

1140 1156 1218 1193 136
1241 1166 1343 1202 seqq.
1375 1153 1559 1191 Mannert.
1574 1154 1620 1199 X,
1640 1157 1666 1194 2
1684 1167 1717 1204 p.
1731 1154 1796 1193 88.

1138 1210 1267 1247 Adhuc
1295 1210 1395 1257 regio
1418 1210 1533 1247 fertur
1553 1212 1689 1260 opima,
1721 1210 1799 1245 sru-

1139 1278 1227 1315 gum
1257 1266 1414 1302 cuiusvis
1444 1266 1590 1313 generis
1620 1263 1799 1303 feracissi-

1139 1335 1222 1368 ma,
1264 1334 1359 1371 quae
1379 1322 1409 1358 si
1437 1321 1549 1359 ullum
1570 1323 1683 1359 modo
1703 1320 1800 1358 acci-

1140 1383 1243 1430 peret
1265 1378 1419 1425 cultum,
1449 1378 1695 1428 Hesperidum
1716 1377 1800 1414 hor-

1142 1441 1200 1473 tos
1227 1440 1420 1485 tantopere
1449 1448 1471 1472 a
1501 1435 1685 1473 veteribus
1706 1433 1801 1472 cele-

1103 1491 1105 1494 ’
1142 1493 1264 1529 bratos
1289 1492 1387 1529 haud
1407 1492 1480 1528 scio
1499 1504 1546 1528 an
1565 1496 1691 1529 nostra
1710 1503 1802 1539 quo-

1140 1561 1212 1598 que
1233 1553 1354 1586 aetate
1379 1549 1514 1586 referre
1534 1553 1670 1598 posset.
1718 1546 1802 1583 vid.

1140 1605 1250 1641 modo
1262 1606 1394 1641 Ritter.
1409 1604 1614 1642 Erdkunde
1633 1605 1644 1641 l
1664 1618 1699 1654 p.
1717 1605 1802 1644 938

1141 1665 1177 1699 et
1189 1661 1236 1698 de
1250 1662 1403 1711 pristina
1422 1662 1581 1709 regionis
1603 1660 1803 1707 fertilitate,

1141 1718 1239 1754 unde
1260 1717 1508 1767 Hesperidum
1538 1717 1634 1754 horti
1664 1729 1805 1765 cogno-

1140 1774 1280 1820 minati,
1299 1778 1448 1810 auctore
1467 1774 1512 1812 Is.
1530 1773 1635 1810 Voss.
1656 1774 1705 1810 ad
1716 1771 1803 1810 Mel.

1142 1830 1164 1867 l.
1185 1829 1228 1876 l.‚
1269 1831 1528 1867 admonentem
1560 1829 1701 1879 Thrige
1728 1828 1751 1866 l.
1778 1827 1801 1865 l.

1143 1901 1178 1938 p.
1200 1888 1278 1928 105
1305 1899 1382 1935 seq.
1423 1886 1529 1929 Quae
1548 1886 1734 1935 quomodo
1755 1884 1803 1922 ad

1142 1942 1282 1980 fabulas
1325 1947 1593 1993 poetarumque
1631 1942 1803 1988 carmina,

1143 2000 1180 2036 in
1208 2000 1339 2048 quibus
1364 1999 1550 2036 laetissimi
1573 2011 1615 2036 ac
1638 1998 1805 2049 pulcher-

1143 2055 1223 2093 rimi
1245 2055 1496 2106 Hesperidum
1519 2055 1612 2092 horti
1631 2059 1804 2106 tantope-

1145 2126 1184 2150 re
1201 2111 1454 2158 celebrantur,
1482 2112 1617 2149 suerint
1636 2112 1805 2149 traducta

1145 2182 1214 2206 nec
1229 2170 1345 2218 magis
1364 2169 1566 2218 disquirere
1578 2174 1682 2206 vacat
1694 2180 1804 2218 quam

1146 2226 1281 2263 referre
1333 2238 1574 2275 quaecunque
1616 2225 1664 2262 de
1707 2224 1805 2261 hisce

1148 2282 1338 2319 commenti
1351 2283 1485 2319 fuerint
1501 2286 1633 2332 poetae
1649 2285 1803 2326 veteres,

1149 2352 1259 2388 quum
1278 2351 1386 2376 verae
1407 2339 1546 2387 gentis,
1589 2349 1683 2386 quae
1702 2336 1802 2386 apud

1147 2395 1378 2432 Herodotum
1397 2398 1720 2438 commemoratur,
1746 2405 1803 2430 se-

1150 2452 1216 2488 des
1252 2452 1357 2488 nobis
1384 2451 1506 2501 potius
1537 2449 1608 2486 sint
1639 2449 1803 2486 indican-

1149 2508 1228 2545 dae.
1260 2508 1317 2545 De
1334 2508 1431 2544 hisce
1447 2506 1558 2543 hortis
1573 2507 1668 2543 conf.
1689 2506 1804 2543 citatt.

1147 2576 1169 2601 a
1185 2564 1325 2612 Thrige
1345 2563 1365 2599 l.
1382 2563 1405 2600 1.
1429 2576 1463 2612 p.
1484 2564 1576 2607 106,
1598 2564 1647 2608 2,
1683 2566 1722 2599 et
1741 2561 1804 2611 qui

1145 2621 1352 2670 nuperrime
1373 2619 1465 2656 hanc
1487 2618 1645 2655 fabulam
1669 2623 1804 2655 tracta-

1146 2677 1195 2712 vit
1218 2675 1381 2713 Volcker.
1412 2675 1527 2723 Myih.
1555 2675 1693 2723 Geogr.
1720 2674 1735 2711 I
1765 2687 1802 2724 p.

1149 2735 1291 2773 107—
1310 2734 1386 2772 122
1406 2731 1486 2768 coll.
1525 2731 1633 2768 Pach.
1650 2731 1804 2780 Voyage

1147 2794 1215 2826 etc.
1236 2801 1270 2838 p.
1297 2791 1395 2833 1713
1425 2788 1486 2837 qui
1509 2788 1604 2825 idem
1624 2788 1672 2825 ad
1690 2787 1804 2824 Bere-

1146 2846 1249 2882 nicen
1276 2845 1351 2882 sive
1374 2845 1477 2881 Ben-
1492 2844 1622 2893 ghazi‚
1646 2847 1685 2880 ut
1707 2855 1802 2880 nunc

1144 2905 1295 2947 vocant,
1339 2901 1476 2952 quippe
1504 2900 1619 2938 locum
1648 2900 1803 2937 maxime
