1904 3304
297 508 363 553 26

91 572 265 600 Issedonum
303 573 367 608 pio-

89 607 161 634 tatis
179 607 283 634 ultima
301 606 369 634 offi-

89 640 156 672 σίας
198 648 296 667 mores
322 640 367 666 in-

89 673 145 705 ι-ῑί,
169 673 300 702 feminae
324 674 366 701 vi-

90 708 176 736 tiles.

417 193 503 233 328

845 191 1312 231 HERODOTI

421 300 631 344 νώσκεται
661 300 892 355 ἀτρεκέως,
922 298 1010 343 ὑπο
1040 299 1296 357 Ἰσσηδόνων
1327 300 1600 357 οἰκεόμενον·
1631 301 1680 347 τὸ

421 370 500 427 μέν
520 388 590 416 τοι
612 372 859 427 κατύπερθε
878 371 988 424 πρός
1012 373 1151 428 βορῆν
1179 372 1359 428 ἄνεμον,
1401 373 1456 417 ου’
1476 373 1682 428 γινώσκε-

421 460 514 495 ται,
547 442 648 486 οὔτε
669 448 758 486 τῶν
779 445 1043 499 φαλακρῶν,

1087 442 1185 486 οὔτε
1212 447 1300 486 τῶν
1322 442 1607 500 Ἰσσηδόνων,
1647 446 1684 488 εἰ

420 513 478 569 μὴ
501 513 583 557 ὅσα
603 512 749 558 αὐτῶν
771 513 940 558 τούτων
960 513 1191 568 λεγόντων.
1233 513 1424 569 Νόμοισι
1444 515 1489 558 δὲ
1506 514 1742 572 Ἰσσηδό·85

423 600 494 635 νες
522 586 727 629 τοιοισίδε
757 586 954 641 λέγονται
983 588 1185 639 χρᾶσθαι.

423 655 541 712 θάνῃ
581 656 745 713 πατὴρ,
796 658 838 700 οἱ
876 654 1172 711 προσήκοντες
1212 653 1368 707 πάντες
1413 657 1687 713 προσάγουσι

1243 584 1396 628 Ἐπεὰν
1426 585 1554 641 ἀνδρὶ
1583 585 1687 630 α’πο-

422 725 646 784 πρόβατα·
688 728 763 771 καὶ
793 727 937 771 ἔπειτα
967 730 1104 770 ταῦτα
1133 724 1376 779 θύσαντες,
1407 728 1478 770 καὶ
1507 745 1688 771 κατατα-

422 796 576 854 μόντες
607 797 660 840 τοὶ
691 797 821 852 κρέα,
870 797 1196 853 κατατάμνουσι
1235 799 1308 842 καὶ
1338 798 1417 842 τόν
1453 803 1533 842 τοῦ
1563 801 1688 842 δεκο-

422 868 558 924 μένου
595 872 814 914 τεθνεῶτα
847 868 1000 925 γονέα·
1053 867 1334 926 ἀναμίξαντες
1371 870 1416 914 δὲ
1456 869 1598 913 πάντα
1635 869 1688 914 τοὶ

367 1029 465 1078 guit,
496 1033 534 1066 et
554 1029 654 1078 apud
674 1027 854 1076 Pompon.
873 1026 959 1064 Mel.
981 1027 1028 1074 11,

371 1089 416 1132 1,
443 1084 505 1125 15.
538 1086 613 1132 85,
653 1083 714 1121 ubi
739 1083 939 1120 Essedones
966 1096 1030 1119 vo-

367 1145 505 1178 cantur.
563 1141 618 1178 Ex
659 1140 846 1177 Hecataeo
885 1139 1030 1177 Milesio

369 1196 570 1244 Issedones,
601 1195 774 1245 Scythiae
794 1199 955 1244 gentem,
977 1196 1032 1232 as-

368 1255 442 1292 sert
463 1253 640 1304 Stephan.
661 1253 818 1300 Byzant.
842 1264 868 1288 s.
893 1265 927 1288 v.
962 1254 1028 1303 (p.

369 1312 426 1351 92
457 1310 625 1359 fragmm.
658 1308 789 1345 Hecat.
826 1308 884 1345 ed.
915 1308 1032 1345 Klau-

372 1366 482 1414 sen.).
536 1365 735 1402 Calmuccz's
763 1365 856 1402 hanc
884 1368 1032 1413 gentem

371 1422 558 1460 accenseri
579 1434 601 1458 a
619 1421 798 1459 Rennelio
813 1450 824 1468 ‚
855 1434 965 1471 supra
986 1422 1034 1458 ad

370 1479 401 1525 l,
433 1482 511 1520 201
545 1479 712 1515 diximus.
771 1478 876 1522 Quae
905 1478 1033 1515 eadem

370 1535 480 1572 etiam
502 1535 689 1572 Gattereri
716 1533 860 1571 videtur
887 1538 1034 1571 senten-

370 1591 446 1638 tia,
485 1590 648 1641 pluribus
677 1591 845 1640 exposita
866 1590 902 1627 in
921 1590 1034 1627 Com-

369 1650 481 1686 ment.
500 1648 583 1684 Soc.
604 1647 709 1683 Gott.
732 1646 818 1682 le
836 1659 874 1696 p.
895 1648 943 1686 11
965 1659 1035 1695 sq„

371 1703 451 1741 coll.
486 1704 585 1754 apud
617 1702 835 1740 Billerbeck.
872 1702 1034 1739 Difficill.

371 1760 481 1797 Asiae
502 1772 588 1810 pag.
612 1762 692 1805 28,
734 1760 795 1795 ubi
820 1759 1033 1796 Issedonum

374 1817 482 1853 sedes
519 1817 556 1853 in
591 1820 686 1853 terra
715 1829 737 1853 a
764 1815 1034 1864 Karakalpalcc's

373 1872 539 1909 habitata
573 1872 738 1909 collocat.
784 1871 823 1908 In
856 1873 1035 1909 interiori-

374 1929 442 1965 bus
478 1928 691 1977 Mongoliae
723 1941 881 1976 magnae
912 1930 1035 1965 tracti-

375 1985 466 2031 bus,
496 1984 556 2021 ubi
580 1998 673 2022 nunc
691 1989 788 2022 terra
811 1984 1034 2035 Soongarey,

374 2041 568 2079 Issedones
601 2042 705 2092 ponit
729 2041 887 2078 Heeren.
926 2042 1036 2079 ldeen

375 2097 404 2144 I,
428 2101 453 2138 2
474 2110 560 2149 pag.
582 2100 684 2143 286,
724 2098 771 2134 ad
791 2098 952 2135 Sericam
973 2111 1037 2136 ve-

375 2159 488 2192 terem
520 2167 636 2203 usque
671 2158 886 2204 porrectos,
936 2155 1036 2192 cuius

376 2210 518 2248 incolae
558 2215 596 2248 ct
636 2211 703 2260 ipsi
742 2211 790 2247 ad
821 2211 1035 2249 Issedonum

375 2267 525 2316 stirpem
541 2267 792 2317 pertinuerint.
823 2266 876 2304 Ac
898 2268 1036 2304 dudum

376 2327 487 2360 antea
503 2322 560 2360 De
580 2323 746 2372 Guignes
770 2322 791 2359 l.
812 2322 833 2359 l.
856 2323 1035 2373 pag.559

382 2401 432 2406 —
455 2379 535 2420 561
569 2378 648 2416 loca
677 2379 723 2416 ab
762 2380 951 2417 occidente
979 2380 1037 2416 Si-

378 2447 471 2482 nae,
512 2447 607 2484 quae
634 2448 729 2472 nunc
750 2436 798 2472 ad
819 2436 1035 2472 Buchariam

379 2503 530 2542 parvam
561 2492 784 2538 reserantur,
821 2492 915 2528 intra
934 2492 1034 2529 Mas-

379 2552 524 2596 sagetas
546 2552 585 2584 et
607 2548 766 2584 Sericam
798 2552 931 2585 terram
961 2549 1036 2586 sive

378 2604 505 2641 Sinam
544 2603 738 2641 Issedones
768 2605 926 2642 tenuisse
964 2609 1039 2642 sta-

378 2664 513 2697 tuerat.
572 2659 757 2697 Mannert.
780 2660 829 2696 lv
849 2673 933 2710 pag.
959 2663 1038 2700 112

377 2728 496 2766 prope
515 2728 659 2753 amnem
680 2729 853 2765 magnum
874 2718 956 2765 Syr,
977 2719 1040 2766 qui

379 2773 414 2809 in
438 2774 552 2809 lacum
573 2772 660 2809 Aral
680 2786 719 2810 se
738 2773 915 2820 effundit,
947 2773 1039 2811 Isse-

380 2829 495 2866 dones
521 2829 708 2867 habitasse
733 2829 830 2877 vult,
871 2841 963 2879 quos
993 2831 1039 2868 ab

1086 1027 1228 1065 oriente
1264 1028 1373 1065 maris
1413 1028 1537 1078 Caspii
1575 1027 1747 1078 lacusque

1085 1082 1172 1121 Aral
1216 1085 1447 1132 quaerendos
1497 1097 1577 1122 esse
1622 1089 1748 1122 auctor

1086 1153 1233 1189 quoque
1258 1145 1313 1177 est
1334 1140 1501 1178 Volcker.
1518 1140 1558 1177 M
1561 1141 1633 1189 yth.
1646 1141 1747 1178 Geo-

1086 1196 1245 1246 graph.I
1269 1209 1354 1246 pag.
1373 1199 1463 1237 192.
1493 1195 1629 1245 Neque
1652 1198 1748 1234 enim

1087 1252 1290 1290 audiendus
1308 1257 1363 1290 est
1379 1252 1572 1290 Reichard.
1595 1265 1681 1303 pag.
1696 1255 1748 1293 16

1088 1309 1110 1346 l.
1129 1308 1176 1355 1.,
1198 1309 1260 1357 qui
1279 1308 1491 1346 Issedonum
1513 1309 1620 1346 sedes
1638 1309 1750 1347 fuisse

1089 1365 1284 1402 arbitratur
1310 1365 1358 1402 ad
1387 1366 1536 1402 fluvium
1555 1364 1649 1413 Isel‚
1688 1365 1750 1416 qui

1089 1422 1256 1470 gubernii
1280 1421 1487 1459 Permensis
1506 1426 1647 1472 partem
1666 1435 1751 1473 per-

1089 1479 1230 1524 fluens,
1280 1479 1389 1515 fluvio
1420 1477 1544 1515 Tobol
1577 1478 1750 1528 iungitur,

1090 1534 1189 1571 cuius
1213 1535 1260 1570 ad
1283 1536 1380 1584 ripas
1409 1535 1583 1584 oppidum
1602 1534 1753 1572 Isetskoi

1094 1590 1238 1638 ffltrog,
1260 1603 1450 1640 pagusque
1470 1588 1630 1639 Isetz'cus,
1654 1604 1751 1641 quae

1091 1647 1241 1684 nomina
1271 1647 1317 1683 ad
1348 1647 1561 1684 Issedonum
1586 1647 1752 1698 appella-

1091 1704 1228 1740 tionem
1249 1707 1417 1752 spectare
1431 1703 1609 1753 opinatur.
1628 1704 1750 1754 Ipsam

1091 1759 1372 1809 appellationem
1409 1758 1637 1807 Issedonum,
1675 1762 1752 1798 sive

1090 1815 1310 1854 ,Es-sedunum
1334 1816 1379 1852 ab
1401 1816 1543 1862 esseda,
1576 1830 1603 1854 s.
1624 1817 1752 1865 essedo,

1091 1873 1192 1922 quod
1240 1871 1485 1922 plaustrorum
1526 1878 1584 1910 est
1620 1886 1752 1922 genus,

1092 1929 1232 1965 derivat
1263 1928 1372 1966 Wahl
1418 1929 1637 1967 Erdbeschr.
1680 1943 1752 1967 von

1092 1985 1239 2022 Ostind.
1266 1998 1355 2036 pag.
1378 1985 1482 2032 490,
1529 1999 1611 2023 cum
1632 1991 1753 2024 tento-

1092 2042 1146 2078 ria
1186 2054 1252 2078 sua
1289 2042 1379 2078 haec
1417 2055 1509 2091 gens
1556 2056 1676 2080 secum
1714 2043 1752 2080 in

1093 2098 1266 2149 plaustris
1288 2098 1445 2143 vexerit,
1483 2111 1526 2135 ea
1545 2099 1624 2136 loca
1647 2112 1753 2136 occu-

1093 2167 1209 2205 pans,
1256 2167 1349 2203 quae
1383 2167 1404 2191 a
1442 2155 1566 2192 Serica
1602 2156 1752 2203 antiqua

1092 2211 1189 2248 infra
1217 2210 1469 2248 meridionales
1501 2212 1635 2248 montis
1657 2210 1752 2248 Altai

1093 2272 1254 2314 tractus,
1297 2267 1345 2303 ad
1380 2267 1496 2304 laeum
1527 2266 1750 2305 Maeoticum

1093 2336 1211 2373 usque
1230 2324 1475 2375 porrigantur.

1282 2447 1393 2498 Cap.
1425 2446 1559 2484 xxvi.

1153 2549 1338 2587 τοιοισίόε
1359 2546 1553 2599 λέγονται]
1590 2549 1643 2586 lta
1666 2549 1752 2588 dedi

1096 2618 1175 2644 cum
1194 2605 1311 2642 Gaiss.
1352 2606 1411 2642 Cf.
1435 2605 1479 2652 ll,
1499 2607 1566 2646 37.
1600 2606 1663 2653 111,
1685 2608 1753 2653 99,

1097 2662 1157 2699 ubi
1192 2674 1260 2711 pro
1297 2662 1421 2707 τοῖςδε
1460 2662 1518 2699 alii
1553 2663 1751 2701 τοιοισίδε.

1096 2718 1184 2755 Mox
1214 2731 1293 2754 cum
1325 2724 1475 2756 recentt.
1503 2719 1587 2756 edd.
1611 2719 1750 2769 recepi-

1097 2787 1176 2811 mus
1208 2769 1400 2828 α’ποθάνῃ
1433 2788 1499 2825 pro
1533 2771 1752 2821 ἀποθάνοι,

1098 2830 1198 2880 quod
1216 2830 1271 2867 hic
1291 2832 1375 2869 serri
1395 2845 1504 2883 posse
1524 2844 1710 2882 negamus.
