1904 3304
493 270 577 309 436
891 266 1354 304 HERODOTI

496 374 708 431 Οἰόβαζος
738 374 967 429 περιχαρὴς
996 369 1071 430 ἦν,
1111 374 1292 428 ἐλπίζων
1330 375 1435 426 τούς
1471 373 1589 426 υἱέας
1625 386 1749 429 στρα-

494 449 614 501 τηΐης
654 442 966 487 ἀπολελύσθαι·
1009 444 1033 488 ὁ
1063 444 1108 488 δὲ
1137 445 1326 488 ἐκέλευσε
1356 443 1460 495 τούς
1495 447 1806 496 ἐπεστεῶταςέο

495 516 746 559 ἀποκτεῖναι
801 513 968 564 πάντας
1014 514 1120 566 τούς
1174 514 1385 569 Οἰοβάζου
1434 518 1602 566 παῖδας.
1677 515 1750 558 καὶ

496 581 618 628 οὗτοι
649 584 727 639 μὲν
758 583 1101 640 ἀποσφαγέντες,
1134 583 1269 628 αὐτοῦ
1299 585 1431 642 ταύτῃ
1464 585 1674 629 ἐλίποντο.

163 701 283 728 pom„
289 635 436 743 11308005
605 660 793 708 Δαρεῖος
836 657 881 699 δὲ
919 656 1009 699 ἐπεί
1047 672 1091 698 τε
1130 656 1428 711 πορευόμενος
1473 655 1519 698 ἐκ
1560 655 1751 699 Σούσων

162 709 438 795 ‘zzsssmsjssscstn
497 726 673 770 ἀπίκετο
713 729 788 781 τῆς
830 727 1129 781 Καλχηδονίης
1167 726 1237 768 ἐπὶ
1275 727 1354 770 τόν
1391 725 1641 780 Βόσπορον,
1678 726 1750 768 ἵνα

162 802 208 861 ”ty
210 810 333 861 10³⁸
337 798 663 861 ‚593'538122‘10
703 796 730 851 ἦ
766 795 960 852 γέφυρα,
1005 797 1209 840 ἐνθεῦτεν
1247 796 1376 852 ἐσβὰς
1414 798 1455 847 ἐς
1492 795 1590 846 νέα,
1635 796 1806 840 ἔπλεε55

163 869 436 929 ¹v¹¹.¹¹¹1‘i'1‘..‘2¹¹m¹3
495 868 561 911 ἐπὶ
583 866 660 916 τὰς
681 866 876 918 Κυανέας
895 868 1180 922 καλευμένας,
1209 867 1286 918 τοὶς
1304 867 1517 920 πρότερον
1534 865 1752 921 πλαγκτάς

163 935 439 1011 οῗοζῗῬμῑοξξ
468 936 689 993 ΞἝλληνές
736 951 844 995 φασι
888 936 1010 981 εἶναι.
1088 937 1284 994 ἑζόμενος
1332 939 1376 982 δὲ
1427 938 1495 981 ἐπὶ
1540 940 1601 994 τῷ
1649 938 1751 992 ἱρῷ,

165 1001 428 1038 dis.11-is1esponti

606 1098 714 1147 Cap.
739 1095 922 1133 LXXXV.

493 1156 564 1204 τῆς
611 1152 883 1203 Καλχηδονίης
919 1150 983 1190 ἐπὶ
1025 1148 1091 1190 ‘cdv

440 1207 667 1259 Βόσπορον]
705 1208 813 1244 conf.
842 1207 911 1251 IV,
942 1208 995 1247 83
1025 1207 1093 1244 ibi-

439 1280 509 1315 que
529 1269 621 1302 nott.
634 1286 681 1293 --
714 1263 771 1301 De
788 1263 881 1310 loco,
899 1263 960 1299 ubi
979 1267 1093 1313 ponte

438 1324 643 1373 Bosporum
668 1320 783 1357 iunxit
807 1319 964 1366 Darius,
997 1320 1093 1356 dice-

440 1391 518 1415 mus
540 1379 587 1415 ad
606 1376 676 1423 IV,
705 1378 771 1417 87.

497 1432 560 1472 ἐπὶ
597 1428 667 1478 τοῖς
696 1428 878 1477 Κυανέας
906 1429 1092 1482 καλευμέ-

441 1489 542 1540 νας]
579 1489 659 1527 Nec
678 1488 889 1525 Herodotus
905 1501 973 1525 nec
992 1489 1093 1537 quis-

439 1559 549 1596 quam
568 1546 656 1583 alius
679 1544 917 1592 antiquiorum
940 1545 1094 1593 scripto-

439 1615 516 1639 rum
567 1601 726 1651 Cyaneas
782 1605 890 1637 vocat
942 1600 1093 1644 insulas,

438 1657 563 1708 quales
622 1660 868 1694 memorarunt
923 1660 1093 1705 posterae

437 1713 567 1751 aetatis
600 1713 806 1762 scriptores.
845 1712 942 1748 Saxa
969 1716 1053 1748 sunt
1073 1724 1093 1748 e

437 1770 528 1807 mari
574 1768 838 1819 prominentia3
906 1767 953 1803 ad
992 1779 1091 1804 oram

439 1825 548 1863 AsIae
576 1830 688 1874 atque
717 1823 885 1874 Europae
910 1824 980 1860 sita
1006 1827 1092 1860 ante

440 1882 667 1932 Bosporum,
697 1880 768 1928 qua
784 1880 923 1916 Pontus
949 1880 986 1916 in
1010 1893 1091 1917 eum

438 1938 559 1974 intrat.
590 1938 646 1974 Cf.
667 1936 799 1972 Strabo
818 1935 885 1971 VII
905 1948 991 1985 pag.
1011 1938 1090 1975 319

439 2007 466 2030 s.
498 1991 591 2032 492.
629 1991 749 2029 Schol.
776 1990 942 2042 Apollon.
970 1992 1092 2029 Rhod.

438 2050 494 2095 11,
531 2050 614 2088 320
642 2061 719 2097 seq.
749 2048 829 2088 559
856 2060 959 2096 seqq.
1016 2048 1092 2084 Eu-

439 2105 546 2141 stath.
577 2104 626 2141 ad
655 2104 806 2153 Dionys.
836 2103 977 2152 Perieg.
1013 2103 1091 2145 140

437 2175 473 2212 p.
501 2163 601 2206 111,
632 2164 657 2200 7
679 2173 758 2209 sqq.
782 2161 839 2197 ed.
858 2160 1091 2210 Bernhardy;

439 2230 486 2255 ne
511 2216 629 2267 plura.
660 2216 941 2253 Vid.Krusel.l.
961 2220 1035 2266 p.7
1056 2221 1092 2253 et

437 2273 608 2323 Append.
628 2285 714 2321 pag.
742 2273 791 2312 15
812 2284 903 2321 seq.,
924 2273 984 2309 ubi
1006 2272 1092 2309 Vul-

438 2329 541 2365 cania
564 2329 741 2376 quaedam
762 2329 912 2377 vestigia
936 2329 973 2364 in
993 2329 1093 2365 insu-

438 2384 480 2420 lis
500 2383 566 2419 illis
588 2383 699 2420 latere
721 2384 911 2430 existimat,
941 2397 1031 2433 quas
1046 2385 1090 2420 in

438 2439 728 2488 Argonautarum
750 2441 856 2476 rebus
868 2441 1019 2477 maxime
1033 2454 1089 2478 ce-

438 2496 614 2541 lebratas,
646 2495 806 2545 Cyaneas
826 2496 895 2532 dici
917 2509 937 2532 a
955 2496 1088 2543 colore,

438 2564 545 2601 quem
564 2552 701 2588 eminus
716 2552 904 2601 praebent,
927 2559 962 2589 et
977 2552 1087 2589 Plan—

438 2610 520 2644 εἴας’
544 2621 572 2644 s.
602 2607 778 2644 Errantes
807 2612 843 2645 et
876 2608 1087 2658 Symplega-

438 2664 516 2710 des,
546 2664 644 2712 quod
677 2663 792 2699 collidi
820 2665 957 2701 eminus
987 2666 1087 2702 vide-

435 2725 577 2763 rentur,
616 2720 702 2756 satis
729 2725 883 2756 constat.
923 2720 980 2757 De
1007 2722 1087 2769 qui-

435 2776 501 2813 bus
518 2776 764 2825 copiosissime
781 2776 855 2824 egit
869 2776 1085 2813 'szschucke

433 2833 480 2868 ad
500 2831 585 2869 Mel.
611 2832 660 2868 11.
692 2835 717 2872 7
737 2837 830 2868 nott.
856 2845 983 2880 exegg.
1006 2832 1084 2869 Vol.

427 2888 479 2924 III
511 2888 552 2924 P.
581 2889 615 2923 II
643 2901 680 2937 p.
715 2889 868 2929 574-
903 2890 984 2929 577
1003 2888 1080 2925 coll.

1149 1095 1360 1144 Bernhardy
1400 1096 1446 1131 ad
1480 1094 1631 1144 Dionys.
1662 1094 1803 1143 Perieg.

1153 1150 1230 1192 144
1251 1164 1334 1200 pag.
1355 1151 1434 1191 558
1455 1164 1531 1199 seq.

1201 1204 1462 1257 ἓζόμενοςὸὲ’
1447 1206 1509 1244 επὶ
1519 1221 1571 1259 τῳ
1557 1204 1670 1258 ἱρῷ]
1684 1205 1804 1242 Pauw.

1149 1262 1222 1311 legi
1249 1263 1360 1299 voluit
1392 1261 1455 1301 ἐπὶ
1475 1264 1531 1314 τῷ
1551 1262 1644 1312 ρίῳε
1675 1263 1804 1310 inpro-

1149 1320 1315 1355 montom>
1337 1331 1400 1356 seu
1425 1320 1550 1354 vertice
1573 1302 1804 1368 Cyanearum.

1149 1375 1384 1412 Valckenaer.
1446 1375 1516 1419 (cui
1564 1373 1805 1423 adstipuiatur

1150 1432 1337 1469 Gatterer.
1377 1430 1412 1467 Τ
1415 1431 1558 1467 hracien
1596 1429 1688 1467 nach
1726 1429 1804 1467 He-

1149 1488 1228 1524 rod.
1251 1501 1285 1524 u.
1306 1486 1341 1524 Τ
1344 1487 1472 1536 hucyd.
1489 1499 1574 1536 pag.
1595 1486 1689 1532 145)
1715 1498 1803 1523 con-

1149 1543 1231 1581 iecit
1249 1541 1310 1582 ἐπὶ
1333 1545 1388 1596 τῷ
1414 1543 1545 1596 ἰκρίῳε
1578 1541 1735 1590 (sedens)
1766 1544 1803 1578 in

1151 1599 1309 1635 tabulato
1331 1601 1450 1645 navis,
1481 1600 1531 1635 ita
1552 1604 1590 1635 ut
1610 1598 1743 1635 Darius
1765 1599 1802 1634 in

1149 1656 1261 1706 puppi
1279 1657 1375 1691 iuxta
1393 1655 1492 1691 navis
1512 1655 1724 1703 magistrum
1745 1666 1802 1691 se-

1151 1712 1248 1748 disse
1270 1715 1429 1762 putetur,
1452 1723 1530 1747 cum
1547 1712 1654 1760 νηῶν
1679 1709 1799 1760 ἴκρια,

1149 1767 1331 1812 Homero,
1371 1766 1473 1813 aliis,
1513 1767 1584 1804 sint
1612 1763 1659 1805 τοὶ
1688 1778 1802 1804 σανι-

1150 1818 1312 1873 δώματα
1350 1825 1429 1860 τῶν
1466 1824 1625 1861 πλοίων.
1677 1822 1801 1872 Atque

1149 1880 1200 1916 ita
1242 1892 1329 1916 sane
1364 1875 1410 1916 τοὶ
1439 1878 1546 1930 ἴκρια
1576 1879 1712 1928 odyss.
1737 1878 1801 1925 III,

1149 1936 1241 1976 353.
1272 1935 1370 1981 XIII,
1400 1937 1465 1974 73.
1494 1935 1632 1973 Herod.
1652 1936 1705 1982 V,
1737 1936 1800 1976 16.

1149 1990 1265 2028 Nobis
1290 1996 1454 2028 neutrum
1479 1991 1609 2042 placet.
1639 1990 1735 2029 Nam
1746 1990 1803 2028 in-

1147 2047 1383 2097 telligendum
1405 2048 1500 2085 Iovis
1518 2046 1621 2094 Urzi,
1648 2047 1710 2097 qui
1735 2059 1801 2084 vo-

1148 2108 1269 2152 catur,
1299 2104 1494 2153 templum,
1523 2104 1623 2154 quod
1655 2103 1800 2140 omnino

1147 2155 1238 2198 κατ’
1267 2157 1405 2210 ἐξοχήν
1431 2161 1563 2197 dicitur
1593 2156 1699 2211 ἷρόν,
1728 2159 1800 2196 cla-

1147 2216 1324 2253 rissimum
1358 2216 1443 2254 illud
1477 2217 1622 2266 quidem
1651 2217 1688 2253 in
1719 2215 1798 2252 loco

1146 2273 1361 2322 prominenti
1410 2273 1537 2319 situm,
1583 2271 1679 2309 unde
1725 2271 1798 2308 late

1146 2334 1271 2378 pateat
1305 2329 1341 2364 in
1379 2329 1532 2365 Pontum
1576 2332 1797 2378 prospectus.

1146 2382 1232 2431 „To”
1255 2381 1378 2435 ἱρόν(ι
1408 2385 1459 2421 ait
1482 2384 1693 2433 Wesseling.
1722 2384 1797 2430 „ad

1147 2453 1186 2476 os
1216 2441 1322 2477 Ponti
1353 2444 1452 2485 erat,
1483 2440 1558 2477 sive
1587 2437 1696 2490 παρά
1726 2436 1796 2485 mig

1145 2494 1308 2547 ἐκβολὰς
1337 2498 1408 2533 τοῦ
1430 2491 1590 2534 Πόντου
1617 2497 1652 2532 ἰη
1674 2495 1794 2533 Philo-

1145 2557 1246 2589 strat.
1280 2553 1352 2588 Vit.
1381 2551 1543 2601 Sophist.
1575 2552 1610 2596 1,
1640 2553 1716 2598 34,
1757 2555 1791 2592 1.

1143 2608 1199 2645 Ad
1237 2609 1332 2645 idem
1369 2621 1408 2644 os
1433 2605 1528 2657 πρός
1553 2610 1606 2662 τῷ
1636 2604 1793 2659 στόματι

1142 2666 1214 2702 τοῦ
1251 2659 1409 2702 Πόντου
1437 2664 1630 2713 Cyaneae,
1668 2665 1790 2702 Strab.

1142 2720 1207 2755 Vll
1233 2733 1314 2769 pag
1344 2720 1488 2760 319D.
1517 2733 1544 2757 s.
1568 2721 1648 2762 492
1679 2719 1790 2770 [Add.

1140 2775 1280 2812 Arrian.
1330 2776 1460 2826 Peripl.
1503 2776 1608 2813 I’ont.
1648 2775 1683 2828 ἓ.
1723 2776 1789 2818 25.

1141 2832 1201 2868 fin.
1229 2838 1263 2869 et
1296 2832 1412 2869 Anon.
1442 2832 1472 2869 11
1513 2830 1645 2882 Peripl.
1682 2831 1788 2869 Pout.

1139 2888 1229 2925 Eux.
1269 2886 1306 2938 ὃ.
1344 2890 1397 2927 23
1445 2887 1510 2938 (T.
1550 2888 1600 2924 III
1637 2901 1672 2938 p.
1706 2889 1788 2928 232
