1904 3304
476 255 562 296 568

479 364 694 420 ρύσαντο,
742 363 817 407 καὶ
856 362 900 415 ἐς
944 363 1094 421 Θήρην
1143 363 1404 410 ἀπέστειλαν.

873 254 1334 296 HERODOTI

1468 367 1638 424 ἑτέρους
1683 368 1729 413 δέ

476 451 598 485 τινας
633 437 721 477 τῶν
757 436 1043 490 Κυρηναίων,
1081 435 1125 488 ἐς
1160 435 1332 493 πύργον
1360 437 1495 494 μέγαν
1520 438 1731 495 Ἀγλωμά-

476 521 558 559 χου
606 505 939 560 καταφυγόντας
986 507 1226 559 ἰδιωτικὸν,
1275 507 1385 564 ὕλην
1428 510 1658 565 περινήσας
1704 508 1730 553 ὁ

450 572 749 629 4Ἀρκεσίλεως
793 575 1010 632 ἐνέπρησε.

1071 578 1247 621 Μαθὼν
1297 579 1342 623 δὲ
1379 578 1448 622 ἐπ’
1486 578 1731 635 ἐξεργασμέ-

475 656 592 688 νοισι
620 645 668 689 τὸ
697 646 907 702 μαντήϊον
935 646 1008 690 ἐὸν
1035 651 1185 700 τοῦτο,
1214 648 1280 691 ὅτι
1309 665 1384 704 μιν
1411 647 1438 704 ἡ
1470 652 1619 706 Πυθίη
1649 649 1731 693 οὐκ
1742 657 1787 691 50

478 716 528 759 ἔα
557 715 743 771 εὑρόντα
772 717 819 760 ἐν
844 721 897 774 τῇ
925 720 1091 777 καμίνῳ
1118 718 1223 771 τοὺς
1245 718 1467 776 ἀμφορέας
1490 720 1729 776 ἐξοπτῆσαι,

477 787 623 844 ἔργετο
654 785 766 831 ἑκών
793 791 868 845 τῆς
895 792 982 833 τῶν
1010 792 1276 848 Κυρηναίων
1300 788 1473 841 πόλιος,
1502 792 1732 848 δειμαίνων

420 972 491 1010 huc
520 973 613 1010 inter
641 977 860 1027 metropolin
881 983 994 1028 atque
1015 992 1077 1017 co-

420 1029 552 1066 loniam
582 1031 859 1071 familiaritatem
893 1037 1076 1083 quandam

421 1086 604 1134 viguisse,
640 1092 678 1125 ut
708 1095 830 1127 monet
849 1091 989 1140 Thrige
1008 1091 1030 1128 l.
1052 1096 1074 1130 l.

420 1155 506 1193 pag.
529 1145 623 1184 221.
674 1144 714 1181 In
734 1146 815 1195 ipsa
838 1148 981 1196 Cyrene
1000 1160 1077 1185 rem

420 1198 599 1249 publicam
634 1211 656 1236 a
689 1200 916 1240 Demonacte
960 1204 1076 1251 magis

421 1255 469 1291 ad
489 1254 699 1304 popularem
719 1257 871 1294 formam
889 1259 1074 1296 redactam

421 1310 543 1347 denuo
582 1316 758 1349 mutatam
798 1327 900 1362 esse,
948 1328 1075 1363 regum

420 1370 624 1416 potestate,
669 1369 786 1417 qualis
823 1375 909 1408 ante
938 1370 1077 1408 Demo-

418 1427 563 1460 nactem
611 1424 749 1472 suerat,
812 1427 1076 1476 redintegrata,

421 1492 641 1528 quamquam
678 1481 822 1519 disertis
860 1484 978 1521 verbis
1026 1483 1072 1520 ab

421 1535 613 1573 Herodoto
654 1550 728 1574 non
768 1539 968 1586 indicatur,
1018 1540 1076 1575 vix

422 1596 545 1630 tamen
588 1592 675 1629 illud
717 1596 851 1644 poterit
897 1595 1077 1641 dubitari3

421 1660 543 1696 neque
560 1661 646 1685 vero
667 1649 820 1699 'I'hrigio
842 1663 988 1700 possum
1012 1651 1079 1687 ad·

423 1705 571 1750 sentiri,
602 1706 686 1753 qui,
716 1719 759 1742 eo
782 1708 881 1756 quod
899 1720 967 1744 nec
986 1707 1079 1757 βου·

423 1757 493 1808 λη’,
530 1774 597 1798 nec
627 1762 752 1811 populi
783 1776 848 1812 per
878 1763 991 1800 tribus
1016 1763 1079 1801 de-

423 1817 569 1866 scriptio
607 1818 715 1854 fuerit
746 1820 943 1867 abrogata,
984 1823 1080 1857 teste

422 1872 620 1910 Aristotele
643 1874 719 1909 Pol.
740 1875 803 1920 Vl,
824 1878 848 1915 6
872 1873 950 1925 (Vl,
973 1878 999 1915 2
1019 1876 1080 1911 sin.

424 1929 483 1966 ed.
510 1928 717 1978 schmitt),
755 1932 909 1967 civitatis
944 1936 1079 1968 statum

423 1985 472 2021 ad
493 1985 646 2034 priscam
668 1988 818 2023 sormam
834 1986 942 2035 plane
967 1988 1079 2024 fuisse

424 2041 606 2079 redactam
643 2047 769 2091 negat.
837 2043 1009 2092 Namque
1051 2041 1080 2094 ἦ

425 2094 564 2148 βουλὴ,
581 2099 654 2136 sive
664 2104 823 2146 senatus,
843 2101 922 2137 mezi
935 2100 1080 2149 quidem

425 2155 606 2191 sententia
641 2155 690 2191 ad
722 2155 898 2206 populare
936 2157 1083 2193 minime

425 2211 600 2261 pertinuit
619 2210 824 2261 imperium,
852 2225 974 2261 neque
995 2225 1083 2250 sane

426 2279 518 2316 opus
561 2272 638 2303 erat
673 2267 860 2317 abrogatis
903 2269 1082 2315 tribubus,

427 2335 576 2370 quarum
598 2323 669 2360 vim
690 2329 830 2361 tantum
853 2337 894 2361 ac
920 2329 1084 2375 potesta-

427 2384 500 2414 tem
530 2379 753 2416 deminutam
785 2381 894 2417 fuisse
924 2381 1082 2418 credam.

427 2434 476 2470 Et
491 2434 746 2472 Aristoteleum
773 2437 821 2472 ad
842 2436 961 2473 locum
983 2438 1083 2485 quod

428 2490 577 2537 attinet,
620 2492 830 2529 Schneider.
861 2492 898 2528 in
920 2494 1014 2530 Add.
1035 2493 1081 2530 T.

428 2546 461 2583 ll
481 2560 564 2596 pag.
587 2547 667 2586 502
687 2554 831 2594 monet,
868 2549 981 2586 videri
1003 2561 1084 2586 eum

428 2603 477 2639 ad
507 2604 709 2652 posteriora
754 2609 920 2655 tempora
958 2606 1085 2642 referri

429 2659 578 2705 deberi,
638 2672 715 2695 curn
768 2661 815 2697 de
862 2661 1086 2697 democratia

428 2715 542 2765 priori
562 2716 717 2763 quadam
737 2715 1086 2765 loquaturllerodo-

430 2776 500 2807 tus.
518 2792 571 2798 —
613 2772 650 2807 ln
673 2785 776 2821 seqq.
799 2768 954 2822 πύργον
976 2773 1085 2810 ἰδιω-

431 2824 540 2866 τικόν
563 2830 700 2876 privati
727 2829 872 2865 homins>-
898 2829 984 2865 dicit
1007 2833 1087 2864 lm·-

434 2886 504 2931 m'u,
537 2885 590 2920 cui
614 2886 808 2934 opponitur
837 2887 935 2933 regiae
962 2898 989 2921 s.
1017 2899 1087 2935 1110·-

1133 979 1226 1017 ὀίεαι
1249 981 1370 1016 turris.
1413 977 1535 1029 Supra
1555 976 1585 1025 I,
1608 980 1660 1020 21
1684 979 1790 1025 σῖτος

1136 1032 1342 1082 ιὸιωτικός.
1373 1033 1433 1072 Ad
1454 1035 1601 1072 xerbum
1625 1030 1790 1086 περινή-

1134 1105 1205 1138 σας
1231 1093 1324 1131 couf.
1350 1095 1443 1128 nott.
1475 1091 1524 1127 ad
1552 1090 1588 1136 I,
1628 1092 1682 1132 50
1709 1090 1788 1128 coll.

1133 1148 1203 1195 w,
1233 1150 1286 1188 80
1315 1153 1351 1185 et
1379 1147 1426 1183 de
1455 1151 1635 1183 structura
1653 1145 1789 1184 Matth.

1134 1205 1200 1243 Gr,
1227 1205 1291 1240 Gr.
1322 1202 1358 1253 ἓ.
1382 1203 1461 1244 411
1483 1206 1558 1238 not.
1578 1202 1605 1242 4
1634 1216 1671 1253 p,
1695 1200 1790 1242 754.

1188 1283 1255 1326 ἔπ’
1281 1283 1610 1338 ἐξεργασμένοισι]
1649 1283 1708 1322 Ad
1736 1285 1790 1322 lo-

1133 1345 1315 1380 cutionem
1346 1343 1440 1380 conf.
1466 1342 1572 1388 VIII,
1611 1340 1678 1382 95.
1726 1342 1792 1389 lX,

1133 1402 1187 1440 77
1222 1404 1257 1437 et
1287 1412 1381 1448 quae
1409 1398 1478 1435 alia
1511 1398 1630 1436 attulit
1654 1397 1790 1435 Matth.

1134 1457 1201 1493 Gr.
1239 1456 1305 1492 Gr.
1348 1453 1386 1506 ᾗ.
1423 1454 1505 1495 565
1544 1466 1632 1504 pag.
1671 1455 1790 1494 1113.

1132 1511 1352 1559 wesseling.
1400 1511 1575 1547 citaverat
1621 1508 1791 1558 ΑεεεΙι)Ι.

1133 1567 1233 1605 Pers.
1263 1562 1647 1618 526(531Blomf.,
1685 1578 1791 1614 quem

1133 1624 1205 1661 vid.
1222 1625 1256 1659 in
1281 1620 1412 1671 gloss.)
1441 1622 1654 1670 Agamemn.
1684 1623 1792 1663 1388

1135 1679 1265 1727 (1350
1286 1679 1491 1715 Blomtield.
1506 1707 1517 1724 ‚
1549 1691 1654 1727 quem
1676 1678 1793 1726 cons.)

1136 1735 1262 1784 Eurip.
1293 1734 1423 1771 Bacch.
1460 1736 1579 1775 1037.
1643 1733 1793 1772 Etenim

1136 1792 1193 1828 hic
1222 1791 1288 1828 loci
1318 1803 1465 1827 sensus:
1521 1789 1593 1826 Ubi
1610 1803 1707 1837 vcro,
1737 1790 1793 1827 his

1137 1850 1208 1884 ium
1228 1848 1458 1896 perpetralc'S,
1502 1847 1639 1883 oraculi
1658 1859 1794 1884 sensum

1137 1905 1188 1952 (s.
1207 1904 1295 1952 quid
1313 1903 1379 1939 sibi
1397 1902 1503 1939 vellet
1521 1902 1721 1951 oraculum)
1738 1905 1794 1940 in-

1139 1960 1283 1996 tellerz't.
1301 1960 1398 1996 Hinc
1411 1959 1502 1995 infra
1519 1960 1649 1996 (licitur
1670 1956 1795 2009 ἆμαρ·

1138 2013 1219 2054 τών
1245 2017 1317 2054 τοῦ
1339 2016 1540 2065 χρησμοῦ,
1572 2016 1634 2064 qui
1658 2015 1793 2052 oraculi

1139 2086 1285 2110 sensum
1302 2085 1374 2108 non
1394 2076 1576 2108 assecutus
1589 2075 1680 2117 erat,
1693 2071 1794 2120 quod

1139 2128 1322 2178 amplioris
1351 2129 1388 2164 in
1417 2128 1554 2164 camino
1579 2127 1722 2164 inclusis
1744 2128 1794 2164 si-

1139 2185 1329 2235 gnificarat
1357 2185 1451 2220 viros
1471 2184 1678 2231 Cyrenaeos
1707 2184 1794 2220 turri

1139 2241 1294 2278 inclusos
1333 2245 1368 2277 et
1399 2241 1549 2277 materia
1575 2240 1795 2277 circumdata

1140 2302 1316 2335 crematos
1343 2296 1596 2345 amphorarum
1616 2292 1662 2332 a'd
1684 2296 1795 2332 instar

1140 2355 1177 2390 iu
1206 2355 1322 2390 furno.
1351 2374 1405 2379 ——
1444 2352 1501 2388 Ad
1535 2348 1606 2389 οὐκ
1631 2350 1672 2388 ἔα
1700 2352 1794 2389 conf.

1142 2411 1187 2458 ll,
1210 2411 1263 2450 30
1285 2410 1370 2458 ibiq.
1395 2413 1488 2445 nott.
1506 2408 1568 2455 IV,
1587 2409 1683 2447 203.

1198 2492 1326 2544 ἔργετο
1350 2489 1450 2530 ἑκών
1477 2506 1510 2528 κ.
1539 2506 1569 2528 τ.
1599 2490 1657 2541 λ.]
1706 2492 1730 2528 i.
1760 2503 1794 2529 e.

1142 2550 1233 2586 ultro
1251 2550 1421 2585 abstinuit
1443 2547 1591 2597 Cyrenes
1610 2549 1703 2585 urbe.
1734 2547 1794 2584 Cf.

1141 2606 1187 2651 ll,
1203 2608 1252 2645 18
1272 2606 1358 2653 ibiq.
1378 2609 1468 2639 nott.
1500 2605 1605 2640 Hauc
1619 2617 1702 2641 vero
1714 2603 1796 2641 reli-

1141 2667 1220 2698 cta(¹
1234 2661 1395 2709 Cyrenes
1415 2672 1557 2696 causam
1575 2661 1685 2697 habet
1698 2673 1796 2697 com-

1142 2718 1344 2754 mentitiam
1366 2716 1506 2764 'I'hrige
1532 2730 1567 2766 p.
1592 2718 1691 2763 183,
1721 2716 1797 2765 qui,

1142 2774 1259 2819 idem,
1306 2776 1343 2807 ut
1381 2773 1532 2808 xitlimus
1548 2800 1559 2817 ,
1618 2771 1798 2809 oraculum

1143 2830 1258 2878 ipsum
1279 2833 1362 2878 post
1386 2828 1555 2865 Arcesilai
1580 2833 1731 2865 mortem
1749 2828 1796 2865 ad

1145 2886 1195 2922 rei
1229 2885 1436 2922 memorium
1464 2886 1700 2936 compositum
1724 2893 1796 2921 sta-
