1904 3304
80 939 206 967 Venisse
224 939 303 971 inas,
325 942 358 965 ut

79 978 180 1001 votum
227 972 359 1001 Lucinae

404 201 488 240 :344

806 193 1276 234 HERoDoTi

407 317 508 363 σῃσι
537 306 583 349 ἐν
612 303 767 362 Δήλῳ,
807 305 1028 358 κείρονται
1056 304 1130 347 καὶ
1161 304 1207 346 αἱ
1235 302 1364 357 κόραι
1391 302 1466 345 καὶ
1495 303 1539 345 οἱ
1567 306 1668 345 παῖ-

409 380 480 429 δες
510 378 553 421 οῖ
581 378 778 433 Δηλίων·
820 377 866 419 αἱ
893 373 992 430 μὲν,
1021 372 1106 427 πρὸ
1133 373 1279 429 γάμου
1308 373 1535 428 πλόκαμον
1567 371 1672 416 ἀπο-

408 448 699 505 ταμνόμεναι,
747 447 821 490 καὶ
859 445 954 499 περὶ
993 442 1212 497 ἄτρακτον
1251 446 1475 496 εἱλίξασαι,
1520 444 1587 487 ἐπὶ
1625 444 1728 487 τὸ95

379 525 528 576 Ξσῆμα
556 522 740 561 τιθεῖσι·
782 515 847 572 (τὸ
879 516 924 560 δὲ
956 513 1070 571 σῆμά
1100 514 1190 558 ἐστι
1223 515 1306 558 ἔσω
1337 514 1380 566 ἐς
1410 515 1459 557 τὸ
1488 513 1672 570 Ἀρτεμί-

408 604 506 635 σιον
561 587 722 633 ἐσιόντι
769 586 995 642 ἀριστερῆς
1036 584 1201 640 χειρός·

1269 586 1505 641 ἐπιπέφυκε
1546 587 1590 629 δέ
1633 588 1677 629 οἷ

409 661 581 717 ἐλαίη·)
619 661 661 702 οἷ
691 660 736 702 δὲ
766 660 915 709 παῖδες
944 660 1033 700 τῶν
1062 658 1261 712 Δηλίων,
1290 656 1389 710 περὶ
1417 655 1551 713 χλόην
1578 657 1676 700 τινὰ

411 733 640 784 εἷλίξαντες
667 733 755 773 τῶν
785 732 970 785 τριχῶν,
999 733 1246 782 προτιθεῖσι
1273 728 1345 771 καὶ
1374 721 1500 770 οὗτοι
1528 728 1595 771 ἐπὶ
1624 727 1674 771 τό

381 808 544 860 Βσῆμα.
588 795 716 845 αὗται
745 800 824 856 μὲν
853 799 906 856 δὴ
934 797 1099 854 ταύτην
1127 798 1206 855 τὴν
1235 798 1364 854 τιμήν
1393 798 1539 853 ἔχουσι
1567 798 1678 852 πρὸς

284 872 351 918 35
408 879 498 918 τῶν
516 871 666 929 Δήλου
698 869 951 928 οἰκητόρων.
1012 870 1127 914 Φασὶ
1156 871 1202 914 δὲ
1235 872 1277 913 οἱ
1312 867 1462 921 αὐτοὶ,
1493 868 1566 912 καὶ
1596 868 1705 925 τήν1

355 1085 505 1123 Lucian.
530 1082 588 1120 De
621 1082 692 1119 dea
717 1081 799 1131 Syr.
833 1082 869 1118 in
897 1083 957 1120 fin.
981 1081 1018 1133 ἓ.

358 1143 412 1182 60
437 1138 517 1177 coll.
543 1139 637 1175 Plin.
658 1139 706 1174 H.
728 1137 775 1174 N.
794 1138 893 1184 XVI,
911 1139 978 1179 44.

415 1199 642 1247 προτιθεῖσι
661 1193 728 1232 καὶ
747 1188 873 1244 οὗτοι]
903 1194 1022 1243 Vulgo

358 1256 518 1292 τιθεῖσι.
564 1251 644 1289 Nos
667 1249 833 1299 Schwgh.
854 1255 891 1288 et
905 1251 1023 1288 Gaisf.

361 1321 484 1347 sumus
521 1308 647 1344 secuti.
707 1302 826 1356 χλόην
854 1308 891 1344 in
922 1312 1025 1344 ante-

362 1366 469 1403 cedd.
509 1364 645 1400 indicat
678 1362 828 1400 herbam
871 1363 1024 1402 viridem

364 1421 519 1459 cuiusvis
538 1420 695 1469 generis.

547 1477 578 1513 C
592 1489 660 1526 ap.
690 1476 842 1513 XXXV.

421 1531 488 1572 καὶ
519 1529 593 1582 τήν
614 1530 767 1585 ’Ἁργην
789 1546 829 1570 τε
857 1531 923 1570 καὶ
953 1528 1027 1581 τήν

359 1586 499 1639 ἶΩπιν]
519 1590 592 1626 Pro
602 1584 752 1639 ’Ἄργην
767 1589 803 1624 in
821 1588 957 1625 Aldina
976 1588 1028 1625 le-

366 1649 462 1697 gitur
472 1643 614 1697 ’Ἁργιν
628 1674 639 1692 ‚
670 1646 707 1681 in
729 1644 906 1694 Stephan.
930 1657 1027 1681 mar-

368 1705 454 1753 gine
473 1699 700 1752 Ἑκαέργην,
732 1701 830 1750 quod
848 1702 943 1738 idem
962 1714 1030 1737 no-

367 1772 451 1798 men
483 1758 591 1805 (loco
616 1754 789 1808 ’Ἀργης)
825 1761 1031 1806 suggerunt

369 1814 581 1853 Callimach.
605 1815 641 1850 in
664 1814 747 1852 Del.
767 1816 848 1855 292
880 1815 1031 1862 eiusque

370 1871 550 1909 scholiast.
581 1870 736 1907 Pausan.
756 1870 783 1916 1,
802 1869 869 1916 43,
882 1872 919 1911 4.
941 1870 1031 1919 Ety-

370 1927 506 1976 molog.
528 1940 576 1963 m.
601 1939 629 1963 s.
650 1940 682 1962 v.
715 1927 864 1963 Servius
887 1928 934 1963 ad
949 1927 1032 1962 vir-

371 1984 431 2034 gil.
453 1984 543 2021 Aen.
565 1983 631 2028 XI,
653 1984 748 2024 322.
781 1982 970 2019 Claudian.
994 1983 1032 2018 in

372 2043 401 2078 ΙΙ
437 2041 549 2077 Cons.
582 2038 695 2076 Stilic.
726 2040 821 2080 253.
864 2039 1032 2077 Aeschin.

371 2097 520 2135 Axioch.
558 2094 594 2146 ἓ.
621 2099 673 2137 12
701 2109 786 2146 pag.
820 2097 897 2136 371
930 2096 971 2132 A.
1005 2108 1033 2132 s.

377 2156 453 2194 121
487 2152 650 2189 Boeckh.
683 2152 766 2200 (ubi
798 2156 854 2189 est
878 2147 1034 2202 Ἑκάερ-

373 2208 473 2261 γος).
517 2208 629 2246 Unde
651 2208 688 2245 in
710 2208 903 2246 Herodoto
922 2206 1035 2246 Ἑκα-

374 2266 493 2317 έργην
512 2265 778 2302 restituendum
792 2293 802 2312 ‚
825 2270 971 2302 auctore
989 2265 1034 2304 Ρ.

374 2321 557 2371 Leopard.
594 2321 778 2358 Emendd.
817 2321 873 2367 X,
915 2323 964 2361 19
1000 2325 1036 2357 et

375 2376 572 2428 Spanhem.
623 2377 672 2413 ad
711 2376 923 2413 Callimachi
960 2376 981 2413 l.
1012 2377 1035 2413 l.

378 2433 563 2482 Equidem
593 2445 671 2470 cum
701 2433 894 2470 Schubart.
914 2433 935 2470 l.
958 2432 979 2470 l.
1001 2447 1037 2483 p.

379 2489 433 2530 48
455 2490 492 2526 in
510 2488 641 2525 talibus
660 2494 785 2525 contra
802 2490 1039 2538 probatorum

380 2546 550 2582 librorum
567 2545 815 2582 auctoritatem
832 2545 917 2582 nihil
932 2546 1041 2595 quid-

382 2614 492 2652 quam
514 2601 706 2638 immutare
724 2602 890 2638 audeam.

434 2651 557 2695 ἶΩπιν
583 2663 688 2702 sunt,
731 2658 793 2705 qui
824 2651 956 2695 Οῧπιν
980 2671 1047 2708 ap-

384 2713 545 2762 pellent,
577 2714 691 2750 forma
709 2713 782 2750 scil.
802 2714 935 2761 Ionica,
966 2728 1045 2751 cuin

378 2765 498 2816 Ὦπις
540 2769 704 2807 videatur
742 2769 876 2808 Dorica
919 2772 1047 2807 forma.

386 2826 445 2864 Cf.
468 2826 662 2864 Schubart.
683 2826 705 2865 l.
727 2825 748 2863 l.
771 2839 807 2877 p.
831 2825 897 2866 48.
929 2827 1047 2865 Creu-

404 946 570 1002 ’Ἀργην
591 960 635 987 τε
661 944 735 988 καὶ
750 943 828 1000 τὴν
842 937 994 993 Qum,
1028 940 1187 993 ἐούσας
1206 940 1458 997 παρθένους
1481 939 1683 996 ἐξὙπερ-

1078 1096 1151 1121 zer.
1179 1083 1342 1132 Symbol.
1373 1082 1406 1119 11
1442 1095 1527 1133 pag.
1552 1084 1630 1122 117
1661 1086 1738 1118 not.

1081 1143 1173 1181 160.
1225 1139 1294 1175 His
1325 1140 1395 1175 iam
1428 1140 1573 1176 tertiam
1597 1139 1741 1175 addunt

1079 1195 1238 1247 puellam
1267 1195 1368 1231 Loxa
1402 1195 1645 1231 Callimachus
1673 1194 1696 1230 l.
1717 1193 1740 1230 l.

1081 1257 1119 1290 et
1136 1251 1292 1289 Nonnus
1315 1251 1468 1300 Dionys.
1488 1252 1535 1297 V,
1561 1251 1642 1291 489
1663 1263 1741 1299 seq.

1083 1309 1194 1352 Quod
1214 1307 1387 1358 implendi
1409 1319 1532 1345 versus
1552 1318 1661 1343 causa
1687 1307 1743 1343 fa-

1083 1369 1179 1402 ctum
1222 1377 1303 1401 esse
1339 1363 1415 1400 vult
1445 1363 1619 1401 Valcken.
1634 1392 1646 1410 ‚
1692 1363 1742 1399 ad

1083 1422 1400 1470 grammaticorum
1424 1420 1547 1456 studia
1565 1419 1744 1467 mytholo-

1083 1479 1165 1527 gica
1189 1477 1256 1514 hoc
1278 1477 1401 1526 potius
1421 1477 1533 1513 refert
1549 1476 1743 1513 Schubart.

1084 1535 1107 1572 l.
1127 1533 1149 1570 1.
1170 1546 1255 1583 pag.
1278 1533 1353 1578 49,
1383 1533 1439 1568 cui
1459 1532 1609 1569 accedo,
1639 1532 1743 1568 Haec

1085 1595 1206 1628 autem
1249 1590 1427 1637 virginum
1469 1589 1616 1624 nomina
1658 1588 1745 1638 ipsis

1086 1658 1234 1696 quoque
1257 1646 1347 1690 diis,
1379 1644 1507 1693 quibus
1530 1650 1745 1693 operantur,

1086 1702 1290 1740 communia
1318 1701 1429 1738 fuisse
1446 1700 1630 1738 censenda
1647 1705 1747 1747 sunt,

1086 1771 1166 1796 cum
1189 1759 1334 1794 omniuo
1356 1757 1454 1794 haud
1472 1769 1554 1792 raro
1576 1757 1747 1794 sacerdo-

1087 1820 1163 1852 tum
1176 1827 1308 1851 nomen
1328 1814 1422 1850 idem
1436 1814 1483 1849 sit
1500 1818 1613 1862 atque
1630 1813 1748 1850 numi-

1087 1872 1166 1918 nis,
1198 1871 1299 1919 quod
1327 1874 1560 1907 venerantur.
1619 1869 1748 1919 Itaque

1088 1941 1223 1964 nomeu
1248 1927 1358 1976 Opis,
1400 1939 1429 1963 s.
1463 1924 1552 1976 Upis
1579 1925 1646 1973 (de
1674 1938 1748 1975 quo

1089 1984 1242 2034 plurima
1271 1983 1486 2021 exhibentur
1513 1987 1690 2031 congesta
1712 1983 1749 2019 in

1090 2040 1204 2079 Thes.
1225 2040 1404 2089 Stephan.
1434 2039 1492 2075 ed.
1514 2037 1625 2088 Angl.
1655 2039 1692 2085 l,
1723 2038 1749 2079 4

1091 2110 1128 2147 p.
1143 2096 1242 2144 551)
1259 2097 1305 2132 ad
1325 2097 1441 2146 ipsam
1463 2108 1610 2144 quoque
1629 2095 1752 2140 deam,

1092 2167 1201 2203 quam
1229 2151 1416 2202 Ilithyiam
1452 2152 1556 2198 dico,
1599 2155 1752 2201 spectat,

1092 2222 1187 2260 quae
1206 2210 1336 2246 eadem
1364 2221 1442 2245 cum
1472 2208 1641 2244 Italorum
1666 2207 1752 2256 Ope

1093 2272 1334 2315 comparatur.
1381 2265 1464 2300 vid.
1485 2263 1690 2312 Spanhe'm..
1704 2262 1752 2299 ad

1095 2322 1299 2360 Callimach.
1312 2321 1347 2357 iu
1362 2320 1467 2357 Dian.
1480 2321 1576 2365 203,
1588 2325 1623 2356 et
1636 2320 1754 2356 Creu-

1095 2392 1167 2416 zer.
1181 2377 1343 2426 Symbol.
1363 2377 1395 2411 11
1413 2390 1448 2425 p.
1463 2378 1537 2416 121
1562 2375 1640 2412 coll.
1664 2378 1753 2415 117.

1096 2435 1216 2479 Quin,
1255 2434 1380 2470 iisdem
1405 2433 1487 2468 viris
1508 2432 1753 2478 monentibus,

1098 2493 1178 2540 ipsa
1195 2490 1315 2527 Diana
1343 2488 1410 2525 hoc
1438 2489 1583 2525 nomine
1600 2488 1756 2525 subinde

1099 2547 1331 2595 designatur,
1375 2550 1554 2593 quatenus
1575 2544 1754 2593 ilithyiae.

1098 2616 1125 2639 s.
1139 2602 1298 2639 Lucinae
1311 2614 1438 2638 munus
1451 2601 1486 2637 in
1504 2602 1620 2651 ipsam
1638 2608 1757 2637 trans-

1097 2659 1209 2696 latum
1232 2663 1300 2695 est.
1332 2657 1613 2695 Add.Creuzer.
1635 2658 1682 2694 ad
1694 2657 1756 2693 Ci-

1098 2728 1167 2751 cer.
1188 2714 1245 2750 De
1273 2718 1347 2750 nat.
1377 2714 1477 2751 deor.
1504 2713 1567 2761 lll,
1598 2715 1650 2753 23
1670 2726 1755 2763 pag.

1098 2774 1192 2811 617.
1228 2770 1286 2807 De
1314 2771 1410 2807 vocis
1431 2771 1700 2819 significatione
1727 2769 1757 2805 si

1098 2839 1249 2876 quaeras
1265 2857 1275 2875 ‚
1309 2827 1480 2865 Creuzer.
1498 2826 1521 2863 l.
1542 2826 1565 2863 l.
1585 2826 1682 2864 illam
1699 2838 1759 2863 re-

1736 533 1819 574 296
1882 545 1887 581 i
