1904 3304
441 265 525 306 560
837 263 1304 303 HERODOTI

413 374 533 420 Ξοῖπὸ
563 376 652 417 τῶν
681 371 947 427 Κυρηναίων
983 372 1088 421 τούς
1114 373 1293 428 Λίβυας.

1353 376 1477 420 Μετὰ
1507 377 1575 426 δὲ,
1612 376 1704 432 Ἀρ-

442 447 643 495 κεσίλεως
691 443 733 494 ἐς
773 441 879 493 τούς
919 439 1267 497 ὑποδεξαμένους
1302 458 1346 486 τε
1380 448 1468 486 τῶν
1507 448 1699 503 Λιβύων,
1714 453 1759 489 75

443 518 516 560 καὶ
546 512 820 562 ἀποστάντας
848 510 954 562 τούς
983 511 1144 562 αὐτοὺς
1169 513 1373 561 τούτους,
1406 514 1701 569 ἐστρατεύετο·

443 586 486 627 οῖ
506 583 550 626 δὲ
569 585 726 638 Λίβυες
747 583 961 632 δείσαντες
981 580 1130 635 αὐτόν,
1152 584 1323 637 οἴχοντο
1344 579 1574 636 φεύγοντες
1591 588 1701 640 πρὸς

413 653 548 704 3τούς
582 651 737 710 ἠοίους
761 657 852 695 τῶν
880 652 1074 708 Λιβύων.

1136 651 1159 696 ὁ
1193 652 1238 695 δὲ
1263 649 1535 704 Ἀρκεσίλεως
1565 655 1703 698 εἵπετο

443 723 677 781 φεύγουσι·
703 723 745 774 ἐς
765 718 819 766 οὗ
839 723 884 767 ἐν
894 725 1092 768 Λεύκωνί
1111 740 1154 767 τε
1171 721 1421 778 τῆςΛιβύης
1440 722 1597 778 ἐγίνετο
1617 722 1703 765 ἐπι-

412 795 632 844 wadum,
651 795 724 838 καὶ
746 795 863 847 ἔδοξε
885 802 998 839 τοῖσι
1014 798 1173 851 Λίβυσι
1196 792 1426 837 ἐπιθέσθαι
1447 795 1501 836 οἱ.
1533 796 1699 848 συμβα-
1716 799 1762 834 80

443 866 593 918 λόντες
624 867 669 910 δὲ
695 866 899 922 ἐνίκησαν
925 865 1029 916 τοὺς
1048 866 1330 919 Κυρηναίους
1356 866 1564 912 τοσοῦτο,
1598 862 1707 906 ὥστε

442 938 786 993 ἑπτακισχιλίους
817 937 995 987 ὁπλίτας
1012 937 1279 990 Κυρηναίων
1304 934 1498 978 ἐνθαῦτα
1528 933 1705 978 πεσέειν.

417 1008 551 1064 5μετοὲ
583 1008 629 1051 δὲ
656 1008 704 1052 τὸ
730 1013 881 1064 τρῶμα
905 1012 1035 1051 τοῦτο
1052 1040 1062 1059 ,
1087 1007 1363 1062 Ἀρκεσίλεων
1384 1005 1463 1061 μὲν
1484 1003 1707 1059 κάμνοντά

443 1097 487 1124 τε
505 1081 578 1124 καὶ
599 1080 832 1136 φάρμακον
853 1078 1080 1123 πεπωκότα
1101 1078 1124 1123 ὁ
1151 1077 1358 1135 ἀδελφεὸς
1378 1077 1572 1132 Λέαρχος
1598 1073 1703 1118 ἄπο-

387 1264 464 1306 tur·‚
499 1260 536 1296 in
562 1271 671 1309 quam
696 1257 822 1295 urbem
843 1262 1045 1297 mercatura

387 1330 473 1355 mox
492 1318 679 1353 ssorentem
700 1315 876 1364 plerique,
908 1320 946 1352 ut
966 1316 1045 1353 fieri

389 1373 503 1419 solet,
543 1373 677 1409 Barces
700 1371 838 1408 incolae
857 1385 895 1409 se
915 1378 1043 1408 contu-

385 1429 516 1467 lerunt.
553 1429 724 1465 Attamen
745 1428 863 1464 adhuc
881 1430 977 1466 omni
994 1426 1043 1466 illi

388 1498 474 1523 orae
497 1486 703 1534 tractuique
724 1486 896 1522 remansit
910 1498 1044 1523 nomen

386 1542 535 1586 Barca;
584 1541 820 1579 ptolemaidis
856 1542 893 1578 in
927 1542 1044 1579 locum

387 1600 495 1636 cessit
531 1599 628 1635 vicus
668 1597 703 1634 T
702 1597 865 1645 olometa3
932 1599 1043 1648 ipsius

386 1655 545 1701 Barces,
600 1666 695 1703 quae
730 1654 911 1691 Herodoti
948 1660 1044 1693 certe

387 1716 510 1749 aetate
529 1710 646 1748 adhuc
667 1711 812 1747 stetisse
824 1711 968 1748 videtur
986 1711 1042 1748 in-

385 1772 513 1816 tegra,
565 1767 699 1804 rudera
738 1779 823 1803 num
860 1766 1043 1816 hodieque

387 1828 531 1861 exstent
569 1836 636 1860 nec
672 1835 742 1869 ne,
790 1823 924 1860 dudum
962 1837 1043 1861 cum

387 1881 631 1929 disceptatum
663 1882 759 1916 esset
792 1880 887 1916 inter
916 1880 1042 1917 doctos

385 1936 482 1972 viros
521 1937 642 1983 (conf.
676 1935 811 1984 Thrige
843 1935 864 1971 l.
895 1936 916 1973 Ι.
955 1949 1043 1987 pag.

390 1992 469 2032 159
484 1992 668 2039 —162)‚
708 2002 826 2041 nuper
848 1992 1044 2030 admodum

386 2047 496 2086 Della
512 2047 613 2085 Cella
642 2047 738 2084 urbis
761 2048 892 2085 veteris
918 2048 1045 2096 locum,

386 2104 539 2150 rudera,
571 2105 756 2154 sepulcra,
787 2106 968 2142 moenium
988 2119 1046 2143 re-

386 2160 518 2209 liquias
533 2173 571 2198 se
589 2161 771 2197 invenisse
788 2165 939 2197 testatur
958 2174 1046 2212 pro-

386 2230 436 2267 pe
449 2217 562 2253 vicum
574 2216 705 2264 Merge
723 2218 758 2252 in
773 2215 924 2265 planitie
941 2230 1046 2255 mon-

387 2278 468 2309 tosa
497 2274 600 2310 vivae
626 2285 742 2321 aquae
770 2274 930 2310 fontibus
959 2274 1047 2310 insi-

387 2330 475 2378 gni,
513 2329 653 2366 duabus
672 2329 747 2366 fere
765 2329 861 2366 horis
880 2343 903 2367 a
923 2329 1046 2368 Ptole-

387 2385 509 2423 maide
540 2385 726 2421 meridiem
758 2398 894 2423 versus.
961 2387 1044 2424 Yid.

388 2441 520 2479 Ritter.
550 2441 753 2477 Erdkunde
784 2441 798 2477 1
832 2454 919 2491 pag.
949 2442 1044 2484 942.

388 2496 482 2538 943.
522 2496 644 2534 Pacho
672 2495 826 2544 Voyage
859 2503 929 2535 etc.
958 2512 1044 2548 pag.

391 2555 471 2594 178
494 2566 571 2601 seq.
592 2551 669 2589 coll.
691 2552 962 2591 Schlichthorst.
982 2555 1003 2592 l.
1022 2555 1044 2592 l.

387 2622 474 2660 pag·
499 2611 577 2650 139
602 2621 678 2657 seq.
730 2608 910 2647 Mannert.
933 2611 987 2657 X,
1019 2614 1046 2651 2

389 2678 475 2716 pag.
509 2669 584 2706 101
600 2685 652 2691 ·—
670 2666 758 2704 103.
808 2666 947 2703 Contra
967 2668 1047 2705 He-

388 2723 557 2759 rodotum
618 2733 640 2758 a
699 2721 848 2758 Graecis
905 2723 1047 2761 Barcen

389 2779 572 2815 conditam
607 2789 687 2815 esse
715 2781 941 2815 enarrantem
970 2781 1046 2816 dis-

389 2839 498 2884 putat
532 2834 653 2871 Pacho
702 2833 725 2870 l.
775 2833 798 2870 l.
835 2846 922 2883 pag.
968 2835 1046 2876 175

390 2902 465 2940 seq.
522 2892 645 2929 urbem
697 2891 918 2928 contendens
974 2892 1047 2930 iam

1100 1261 1186 1295 ante
1212 1257 1373 1296 Graecos
1402 1258 1472 1300 huc
1499 1260 1671 1302 advectos
1701 1275 1760 1301 ex·

1100 1316 1244 1352 stitisse.

1157 1371 1195 1418 ἐς
1215 1368 1308 1418 τούς
1329 1369 1650 1425 ὑποδεξαμένους
1671 1390 1707 1413 κ.
1723 1389 1758 1416 τ.

1100 1426 1150 1478 λι]
1198 1429 1219 1466 ἱ.
1253 1441 1285 1466 e.
1318 1428 1486 1466 adversus
1521 1444 1573 1468 eos
1612 1431 1760 1482 Libyes,

1103 1487 1164 1534 qui
1187 1483 1292 1534 (suos
1318 1486 1467 1534 fratres)
1500 1492 1700 1538 receperant
1724 1492 1757 1525 et

1102 1543 1164 1590 qui
1185 1545 1217 1577 et
1240 1543 1311 1590 ipsi
1331 1547 1368 1585 (a
1387 1543 1559 1581 fratribus
1585 1545 1657 1581 suis
1681 1545 1758 1582 scil.

1102 1597 1302 1645 sollicitati)
1325 1597 1532 1647 defecerant.
1583 1600 1624 1637 In
1653 1613 1757 1650 seqq.

1100 1662 1180 1690 cum
1205 1658 1356 1691 recentt.
1386 1655 1472 1692 edd.
1501 1657 1626 1707 scripsi
1647 1656 1687 1703 ἐς
1709 1650 1760 1696 οὗ

1098 1722 1166 1759 pro
1199 1708 1237 1755 ἐς
1269 1706 1314 1756 ὃ,
1360 1711 1546 1749 meliorum
1585 1712 1758 1750 librorum

1101 1769 1243 1803 secutus
1294 1769 1573 1814 auctoritatem3
1631 1781 1760 1818 quam-

1101 1835 1208 1870 quam
1226 1826 1416 1872 utrumque
1436 1823 1573 1861 Nostro
1592 1825 1761 1875 scriptori

1101 1879 1137 1914 in
1159 1891 1236 1917 usu.
1295 1879 1404 1916 conf.
1425 1879 1496 1927 IV,
1529 1884 1593 1922 12.
1619 1883 1698 1922 166
1720 1885 1760 1918 et

1101 1935 1233 1972 Struve
1251 1934 1274 1971 l.
1292 1934 1315 1972 l.
1334 1935 1348 1971 Ι
1375 1949 1461 1985 pag.
1484 1936 1549 1976 42.
1568 1957 1624 1965 —
1653 1933 1758 1975 Λεύ-

1102 2005 1184 2029 κων
1215 1991 1312 2027 vicus
1343 1991 1488 2030 aliunde
1527 2006 1600 2030 non
1638 1999 1759 2031 notus.

1101 2047 1212 2097 Apud
1242 2046 1393 2085 Ptolem.
1425 2048 1498 2095 lV,
1538 2050 1562 2090 5
1596 2063 1633 2100 p.
1666 2050 1760 2095 104,

1102 2107 1197 2141 teste
1218 2104 1434 2153 Schweigh„
1456 2111 1760 2143 commemoratur

1101 2159 1340 2198 Marmaricae
1362 2162 1460 2198 vicus
1490 2175 1518 2199 s.
1552 2158 1667 2212 κώμη
1695 2176 1760 2212 με·

1104 2212 1253 2267 σὸγειος
1273 2213 1442 2267 Λευκόη.
1472 2238 1528 2245 -—-
1566 2217 1625 2255 Ad
1646 2219 1760 2267 signi-

1102 2273 1310 2311 ficationem
1338 2274 1434 2310 vocis
1457 2276 1592 2326 τρῶμα
1612 2275 1706 2311 conf.
1727 2273 1757 2320 Ι,

1105 2330 1168 2370 18.
1191 2328 1270 2370 174
1288 2329 1373 2379 ibiq.
1395 2334 1491 2368 nott.
1511 2332 1555 2377 V,
1581 2333 1670 2370 121.

1157 2383 1350 2436 Λέαρχος]
1394 2385 1632 2423 APlutarcho
1660 2384 1690 2421 11
1718 2398 1755 2435 p.

1101 2443 1184 2482 260
1203 2454 1278 2490 seq.
1292 2470 1303 2488 ‚
1339 2442 1399 2478 ubi
1417 2442 1488 2478 vid.
1507 2441 1630 2491 plura,
1665 2442 1754 2478 dici-

1101 2501 1160 2534 tur
1185 2494 1395 2548 Λοῖαρχος,
1445 2497 1604 2546 itemque
1633 2511 1653 2534 a
1684 2497 1756 2534 Po-

1101 2553 1231 2602 lyaeno
1255 2554 1350 2600 wll,
1373 2553 1438 2593 41.
1484 2554 1536 2590 Ac
1562 2553 1754 2591 Plutarcho

1102 2623 1176 2647 non
1216 2611 1327 2647 frater
1363 2613 1420 2645 est
1447 2606 1639 2656 Arcesilai,
1688 2610 1755 2647 sed

1103 2668 1238 2704 amicus
1275 2665 1406 2702 infidus
1450 2664 1597 2715 (φίλος
1633 2680 1756 2716 πονη-

1105 2720 1210 2775 ρὸς),
1245 2722 1305 2770 qui
1331 2726 1474 2758 mortuo
1496 2721 1678 2759 Arcesilao
1698 2727 1755 2771 ty-

1103 2778 1291 2816 rannidem
1306 2777 1497 2815 affectarit.
1535 2778 1754 2826 Arcesilaus,

1103 2834 1330 2873 Plutarchum
1352 2835 1379 2870 si
1398 2836 1581 2884 sequaris,
1615 2847 1755 2872 veneno

1103 2895 1252 2931 necatus
1271 2891 1380 2937 obiit3
1419 2904 1527 2942 quem
1545 2891 1754 2929 Herodotus
