1904 3304
29 1357 93 1402 10
150 1349 382 1405 τεταλμένα
422 1351 669 1408 ποιήσεις.“

450 243 743 280 MELPO

774 243 813 280 M
846 243 876 281 E
907 243 943 281 N
973 244 1017 281 E.
1079 243 1139 281 lv.
1341 247 1421 285 291

162 356 240 411 τὴν
281 354 435 397 εἰπεῖν·
496 352 706 405 ,,Ἵππους
744 353 822 408 μὲν
865 352 918 408 δή
958 352 1117 403 ταύτας
1157 351 1423 409 ἀπικομένας

164 424 338 473 ἐνθάδε,
384 423 524 467 ἔσωσὰ
560 442 628 468 τοι
665 423 771 480 ε’γώ·

833 424 1005 478 σῶστρά
1042 440 1085 468 τε
1116 423 1170 468 σύ
1201 426 1421 482 παρέσχες,
1434 434 1476 468 35

132 496 244 552 δέγώ
272 495 356 551 γὰρ
390 495 435 538 ἐκ
465 499 542 538 σεῦ
572 501 685 550 τρεῖς
715 497 875 546 παῖδας
904 496 997 579 έχω.
1055 495 1259 548 τούτους,
1291 496 1424 541 ἐπεάν

157 568 368 622 γένωνται
386 564 587 621 τρόφιες,
621 565 646 610 ὅ
667 584 707 611 τι
725 565 805 623 χρὴ
835 565 1018 618 ποιέειν,
1051 566 1195 623 ἐξηγέο
1218 567 1298 611 σύ·
1339 571 1420 614 εἴτε

158 636 297 681 αὐτοῦ
327 640 577 691 κατοικίζω,
620 637 762 694 χώρης
790 639 873 693 γὰρ
903 640 1032 694 τῆσδε
1062 638 1141 694 ἔχω
1179 639 1227 682 τὸ
1263 639 1424 696 κράτος

127 707 296 765 Ίαῦτὴ,
328 710 409 752 εἴτε
439 707 679 765 ἀποπέμπω
705 707 824 761 παρὰ
851 707 909 750 σέ.

914 713 940 731 66

1005 709 1094 765 Τήν
1116 709 1194 765 μὲν
1213 709 1266 767 δὴ
1286 716 1423 756 ταῦτα
1436 720 1480 754 40

155 780 415 834 ἐπειρωτᾶν·
488 797 567 823 τον
616 781 661 823 δὲ
701 780 877 835 λέγουσι
920 779 1030 835 πρὸς
1078 785 1215 824 ταῦτα
1268 783 1420 827 εἰπεῖν·

154 851 336 904 ,,Ἐπεοὶν
362 850 669 906 ἀνδρωθέντας
699 853 818 907 ἴδηαι
846 849 950 901 τούς
979 853 1157 902 παῖδας,
1197 850 1300 896 τάδε
1329 871 1421 898 ποι-

126 928 268 968 ὃεῦσα
299 922 382 967 οὐκ
414 922 469 966 ἂν
499 921 778 979 ἁμαρτάνοις.
829 920 906 965 τόν
939 919 1018 976 μὲν
1047 919 1103 963 ἂν
1134 918 1242 979 ὁρᾷς
1273 922 1422 968 αὐτῶν

154 994 254 1038 τόδε
280 993 329 1038 τὸ
370 994 498 1046 τόξον
528 989 612 1038 ὦδε
643 991 991 1048 διατεινόμενον,
1043 991 1114 1034 καὶ
1146 997 1207 1047 τῷ
1238 999 1420 1053 ζωστῆρι

153 1068 263 1125 τῷδε
293 1065 402 1110 κατα
432 1065 533 1110 τάδε
566 1066 866 1122 ζωννύμενον,
898 1067 1059 1107 τοῦτον
1088 1063 1166 1118 μὲν
1185 1068 1314 1121 τῆσδε
1343 1072 1420 1124 τῆς
1432 1072 1476 1110 45

152 1136 292 1194 χώρης
309 1137 517 1194 οἰκήτορα
538 1142 683 1181 ποιεῦ·
726 1137 774 1189 ὃς
801 1135 839 1180 δ’
873 1135 928 1179 ἂν
961 1134 1131 1178 τούτων
1159 1140 1249 1179 τῶν
1278 1138 1417 1194 ἔργων

152 1213 240 1252 τῶν
284 1208 533 1265 ἐντέλλομαι
573 1211 768 1266 λίπηται,
817 1209 1002 1262 ἔκπεμπε
1051 1206 1098 1250 ἐκ
1147 1211 1222 1264 τῆς
1259 1208 1415 1266 χώρης.

123 1281 227 1323 9καὶ
257 1284 394 1323 ταῦτα
424 1285 634 1331 ποιεῦσα,
669 1279 778 1335 αὕτη
808 1296 851 1322 τε
882 1277 1144 1335 εὐφρανέαι,
1177 1279 1250 1322 καὶ
1279 1280 1332 1324 τοὶ
1352 1282 1418 1325 έν-

734 1351 820 1394 Τὸν
856 1350 934 1407 μὲν
976 1349 1029 1404 δὴ
1066 1348 1298 1403 εἰρύσαντα
1327 1357 1417 1396 τῶν
1474 1372 1526 1399 ινο
1530 1370 1610 1393 teros
1628 1366 1751 1402 adeptos

1476 1330 1616 1365 Scy2ham
1639 1335 1669 1359 et
1687 1334 1752 1360 eius

1475 1406 1548 1432 regu
1554 1408 1601 1426 um
1661 1409 1708 1427 ess
1712 1410 1751 1428 e.

149 1419 286 1472 τόξων
317 1421 364 1465 τὸ
396 1422 563 1477 ἕτερον,
608 1421 691 1466 δύο
726 1421 811 1477 γὰρ
844 1420 896 1477 δὴ
938 1420 1117 1476 φορέειν
1153 1420 1259 1473 τέως
1285 1422 1413 1479 ‘Hro-
1472 1432 1589 1472 phia¹a⁸
1623 1434 1652 1460 in
1689 1435 1751 1461 ba!-

148 1579 305 1634 σῶστριὶ
326 1600 366 1624 τε
389 1583 438 1625 σύ
461 1584 663 1637 παρέσχες]
685 1587 751 1624 Le-

97 1638 153 1677 Tu
181 1642 391 1689 exhibuisti,
434 1643 572 1680 solvisti
597 1645 752 1693 pretium

93 1702 312 1735 servatarum
337 1713 517 1749 equarum.
579 1700 638 1738 De
662 1713 751 1738 voce

94 1756 248 1819 σῶστρα
267 1756 406 1803 conf.‚l
424 1759 516 1798 118.
542 1757 749 1806 Hesychius

93 1822 268 1862 σωτηρια
293 1813 551 1862 interpretatur
577 1826 749 1865 σωστρα,

92 1879 164 1916 quo
191 1874 346 1918 utroque
370 1871 516 1907 nomine
538 1871 690 1908 donaria
713 1876 751 1908 et

93 1924 266 1960 sacrificia
293 1926 362 1962 (lici
384 1931 506 1963 monet
526 1926 689 1964 Lobeck.
715 1929 751 1964 iu

91 1979 273 2030 Aglaoph.
303 1995 338 2031 p.
361 1983 440 2022 383
473 1983 540 2020 alia
569 1986 750 2032 quaedam

92 2036 201 2072 etiam
228 2037 397 2074 afferens.

148 2090 270 2131 ἐπεαν
329 2092 520 2145 γένωνται
573 2091 748 2145 τρόφιες]

91 2144 274 2198 τρόφιες,
317 2157 488 2188 monente
522 2151 748 2189 ΙᾶΙοΙςεηειο·

92 2205 166 2252 rio,
207 2207 302 2243 idem
337 2210 434 2244 valet
466 2212 576 2257 atque
612 2204 748 2246 α’νατε-

90 2261 336 2313 θραμμένοι,
369 2260 641 2313 α’νδρωθέντες
662 2266 746 2302 edu-

92 2321 175 2364 cati,
207 2319 333 2356 adulti.
364 2321 484 2370 Supra
504 2321 549 2368 ΙΙ,
571 2325 746 2368 93;,,-

93 2373 133 2412 οἷ
165 2372 404 2427 τρεφόμενοι
436 2375 575 2426 ἰχθύες
615 2380 744 2429 γίνον-

91 2444 163 2468 ται
167 2434 191 2452 “
233 2433 400 2484 Respicit
430 2441 595 2472 nostrum
628 2435 745 2472 locum

91 2484 257 2526 Eustath.
286 2491 333 2526 ad
361 2491 513 2528 Homeri
541 2493 677 2542 odyss
694 2506 744 2587 p.

95 2541 201 2582 1468
219 2557 246 2580 S
271 2548 360 2593 128,
384 2550 444 2587 17.
464 2571 514 2577 —
534 2549 626 2585 Ad'
611 2550 675 2598 εξη

92 2600 185 2635 conf.
206 2599 334 2638 Matth.
355 2600 393 2652 ἓ.
416 2604 510 2651 205,
533 2608 558 2646 2
583 2612 618 2643 et
635 2619 746 2656 supra

91 2654 153 2700 ΙΙΙ,
174 2657 240 2695 72-

151 2726 248 2748 κατα
272 2708 363 2751 ταδε
388 2712 527 2765 ζωννύι
520 2731 588 2755 ιιεν
593 2716 653 2767 ον]
676 2733 747 2755 κα-

94 2764 140 2804 τιὶ
163 2764 256 2806 τάδε
277 2782 346 2805 nou
375 2771 444 2806 alio
470 2774 517 2809 se
517 2787 546 2810 e
565 2787 668 2811 sensu
692 2781 747 2811 at-

94 2836 164 2872 que
192 2831 299 2861 antea
329 2826 404 2864 ωδε
429 2826 525 2878 (sic).
584 2830 632 2866 Et
660 2832 747 2867 fucit

94 2879 161 2916 huc
182 2894 328 2930 quoque
356 2879 406 2921 τό
421 2884 440 2921 ὁ
457 2898 473 2921 ε
505 2882 547 2924 τὸ
571 2882 686 2933 τόξον
708 2892 747 2925 et

1474 1466 1532 1492 teis
1553 1475 1607 1493 cur
1620 1467 1676 1502 Scy
1681 1469 1751 1496 thae

1474 1499 1587 1527 serant·

811 1586 865 1639 τῷ
916 1586 1084 1635 ζωστῆρι
1141 1586 1303 1638 τῷδε,
1376 1601 1472 1637 quae

809 1642 932 1679 omnia
965 1642 1020 1679 hic
1056 1643 1261 1689 δεικτικῶς
1293 1644 1340 1681 ab
1370 1645 1468 1683 Her-

809 1698 887 1736 cule
909 1699 978 1736 dici
1005 1703 1132 1736 monet
1156 1699 1372 1751 Wesseling.
1411 1702 1470 1741 De

807 1757 950 1793 ratione
976 1755 1175 1806 particulae
1198 1754 1270 1806 μὲν
1293 1759 1329 1794 in
1359 1759 1470 1808 priori

806 1813 948 1862 periodi
988 1818 1093 1863 parte
1141 1814 1321 1863 repetitae
1370 1813 1470 1865 (τόν

809 1866 899 1918 μὲν
933 1863 983 1907 ἂν
1011 1867 1111 1923 οριῖς
1131 1891 1185 1895 -—
1213 1872 1355 1910 τοῦτον
1383 1870 1471 1922 μὲν

807 1927 924 1975 τῆςδε
948 1928 1019 1974 τῆς
1041 1941 1072 1975 χ.
1099 1940 1130 1964 ο.
1151 1923 1209 1974 π.)
1245 1929 1339 1964 conf.
1364 1928 1471 1966 Wer-

806 1982 873 2019 fer.
903 1984 938 2018 in
969 1983 1063 2019 Actt.
1091 1981 1227 2032 philon.
1255 1983 1421 2023 Monacc.
1452 1986 1467 2022 I

807 2052 893 2087 pag.
927 2041 991 2078 90.
1050 2039 1126 2075 Sed
1155 2039 1192 2074 in
1225 2039 1339 2077 altera
1365 2047 1469 2091 parte

807 2095 918 2132 semel
947 2099 1087 2131 tantum
1112 2095 1293 2132 invenitur
1314 2095 1379 2144 δέ,
1420 2099 1467 2135 de

807 2164 880 2199 quo
907 2152 986 2200 ipso
1012 2152 1082 2189 vid.
1106 2151 1194 2188 ibid.
1215 2164 1301 2200 pag
1327 2154 1391 2193 95
1411 2175 1466 2182 -

809 2208 845 2243 lu
877 2208 950 2245 fine
977 2220 1057 2257 cap.
1091 2220 1171 2244 cum
1200 2215 1353 2246 recentt.
1379 2211 1462 2246 edd.

804 2265 930 2314 scripsi
968 2259 1188 2312 εὐφρανέαι
1225 2278 1293 2315 pro
1320 2261 1465 2318 εὐφρα-

804 2319 920 2359 νέεαι.
952 2322 1008 2358 Cf.
1032 2320 1095 2366 IV,
1119 2322 1207 2360 163.

1041 2377 1151 2426 Cap.
1182 2377 1229 2413 X.

867 2429 942 2472 Τὸν
962 2431 1034 2484 μὲν
1065 2430 1116 2484 δη
1148 2428 1362 2484 εἰρύσαντα
1385 2448 1467 2471 των

803 2485 929 2536 τόξων
957 2487 999 2529 τὸ
1028 2489 1177 2541 ἕτερον]
1225 2485 1373 2541 εἰρύειν
1408 2490 1465 2526 hic

803 2547 1120 2590 vahtadclucere
1162 2548 1258 2584 conf.
1287 2540 1465 2596 ἐπειρύε-

805 2608 902 2642 σθαι
923 2604 984 2651 lv,
1007 2605 1044 2643 8.
1093 2605 1134 2639 In
1155 2616 1259 2652 seqq.
1280 2603 1464 2640 Matthiae

804 2660 952 2697 retinuit
989 2658 1312 2710 προςδέξανῖα,
1363 2659 1463 2696 cuius

804 2717 883 2753 loco
903 2729 971 2753 nos
991 2730 1070 2753 cum
1081 2716 1285 2765 Schweigh.
1298 2720 1332 2752 et
1346 2716 1462 2752 Gaisf.

804 2774 1029 2822 reposuimus
1088 2769 1184 2819 (τὸν
1257 2771 1462 2822 ζωστῆρα)

804 2829 1076 2880 προδέξαντα
1109 2831 1179 2876 (ut
1202 2829 1270 2864 sit:
1310 2828 1465 2877 aptandi

803 2886 944 2934 cinguli
973 2888 1144 2923 rationem
1181 2887 1461 2934 praemonstras-

1154 2939 1240 2979 19*
