1904 3304
82 362 138 387 uiis
187 362 353 396 commissa,

82 394 113 421 in
133 395 255 423 Cretam
272 397 355 423 navi-

83 433 166 462 gant,
177 429 357 462 Zacynthios

84 462 206 496 pellunt,
227 463 356 497 Cydoni-

82 504 128 521 am
146 496 246 523 urbem
266 501 292 523 ct
308 498 357 523 Di-

83 532 357 565 ctynuaetemplum

83 563 228 590 condunt:
278 565 357 590 subi-
387 582 406 598 0
453 578 469 586 ο

83 602 194 630 guntur
220 599 300 623 circa
327 607 354 624 a.
386 591 468 629 *TU

82 633 132 656 olis
162 632 199 657 ab
232 632 356 665 Aegine‘

198 665 357 692 Minervae

83 698 223 732 templum
250 699 279 724 in
303 700 357 725 Αε-

82 731 171 765 gina:
188 731 356 759 belluman-

83 664 121 690 tis
133 673 140 690 :

412 253 495 293 104

808 251 1280 290 HERODOTI

410 360 689 419 λοποννήσῳ,
731 360 803 402 καὶ
833 358 969 415 αὐτήν
995 362 1282 415 Τροιζηνίοισι
1311 361 1740 414 παρακατέθεντο·75

416 431 542 475 αὐτοὶ
576 433 621 475 δὲ
639 431 873 485 Κυδωνίην
905 429 983 485 τὴν
1013 430 1060 472 ἐν
1083 430 1234 489 Κρήτῃ
1266 433 1461 475 ἔκτισαν·
1504 429 1587 474 οὐκ
1617 431 1685 474 ἐπὶ

415 503 556 562 τούτῳ
607 501 827 551 πλέοντες,
882 499 992 544 ἀλλὰ
1033 505 1311 553 Ζακυνθίους
1352 504 1595 554 ἐξελοῦντες
1639 501 1684 545 ἐκ

415 643 481 688 ἐπ’
516 644 609 688 ἔτεα
638 644 785 688 πέντε·
831 644 939 687 ὥστε
968 643 1019 686 τὰ
1056 643 1129 698 ἷρὰ
1158 644 1210 687 τιὶ
1241 644 1286 686 ἐν
1322 647 1525 700 Κυδωνίῃ
1557 644 1685 687 ἐόντα
1749 654 1830 693 226

473 591 494 624 ς
522 573 674 628 νήσου.
733 573 905 629 ἔμειναν
935 570 971 615 δ’
999 572 1046 615 ἐν
1075 572 1232 629 ταύτῃ,
1264 575 1336 617 καὶ
1359 572 1682 627 εὐδαιμόνησαν

415 721 499 758 νῦν
529 710 651 759 οὗτοί
680 717 760 759 εἰσι
792 718 835 759 οἱ
863 714 1139 771 ποιήσαντες,
1185 716 1258 758 καὶ
1298 714 1376 758 τὸν
1418 719 1494 771 τῆς
1525 715 1685 758 Δικτύ-

361 857 428 901 sit,
467 862 505 892 ut
531 857 644 893 Samii
679 856 828 893 insulam
859 855 1023 893 Troeze-

361 915 430 950 niis
450 917 550 949 certa
571 913 652 961 lege
674 914 873 950 traderent.
916 912 1023 949 Cous.

364 970 411 1006 de
442 969 595 1018 Hydrea
638 968 754 1006 insula
788 969 941 1005 Pausan.
981 969 1024 1014 ΙΙ,

362 1025 415 1066 34
437 1025 472 1076 ᾖ.
492 1028 527 1065 9.
559 1025 735 1075 Stephan.
754 1026 842 1073 Byz.
860 1038 887 1061 s.
908 1037 940 1061 v.

417 1082 659 1131 Κυδωνίην]
705 1082 813 1118 Conf.
849 1081 917 1128 lll,
958 1079 1023 1120 44.

361 1139 495 1187 Neque
522 1151 607 1175 vero
633 1139 684 1174 sic
703 1139 885 1175 Herodoti
913 1137 1024 1174 verba

362 1201 445 1231 sunt
475 1195 709 1243 accipienda,
750 1199 791 1230 ut
821 1194 933 1229 Samii
964 1206 1026 1229 ex-

362 1251 455 1287 sules
469 1251 673 1299 Cydoniam
693 1251 798 1300 primi
818 1250 1025 1286 condidisse

361 1308 631 1352 existimentur,
675 1320 754 1343 cuni
782 1306 917 1342 dudum
940 1310 1026 1342 unte

360 1376 494 1400 annum
529 1363 610 1403 524
638 1375 671 1400 a.
708 1363 796 1399 Chr.
832 1375 867 1398 n.
909 1375 936 1398 s.
968 1360 1025 1397 Ol.

360 1419 493 1466 LXIV,
522 1421 559 1465 1,
589 1419 627 1455 in
657 1432 765 1467 quem
790 1418 916 1455 incidit
942 1418 1025 1464 hoc,

361 1481 510 1513 auctore
533 1475 872 1513 Raoul-Rochette
901 1474 922 1510 l.
944 1487 1026 1510 mox

361 1532 405 1578 1.,
449 1532 619 1580 Cydonia
650 1532 734 1567 urbs
765 1543 1027 1568 commemore-

362 1594 446 1634 tur,
478 1589 575 1624 cuius
599 1588 758 1636 origines
790 1588 838 1624 ad
862 1587 1025 1623 Minoem

363 1645 572 1681 Arcadesve
594 1643 742 1680 colonos
758 1644 877 1693 prisco
898 1644 1026 1679 admo-

364 1701 450 1737 dum
488 1713 579 1737 aevo
610 1700 677 1736 huc
712 1700 896 1749 profectos
932 1700 1028 1736 rese-

363 1761 510 1802 rantur,
559 1760 598 1791 ut
637 1756 856 1804 reliquarum
893 1756 1028 1792 Cretae

365 1813 505 1849 urbium
529 1816 646 1849 mater
668 1810 743 1849 fere
771 1813 817 1848 sit
847 1812 1025 1848 habenda.

365 1870 495 1918 ltaque
523 1869 569 1905 de
590 1869 678 1905 urbe
699 1867 753 1905 vel
774 1868 1029 1917 amplificanda

364 1925 421 1963 vel
445 1926 687 1961 restauranda
707 1925 888 1961 Herodoti
914 1925 1028 1961 verba

365 1981 604 2029 intelligenda
635 1994 715 2018 esse
747 1985 870 2017 monet
898 1980 1028 2017 Hoeck

363 2037 531 2084 (Cretal
560 2051 594 2087 p.
619 2039 684 2077 23.
722 2037 759 2073 H
788 2050 823 2086 p.
844 2036 924 2077 439
949 2036 1029 2073 coll.

367 2094 414 2129 lll
446 2107 531 2143 pag.
553 2094 654 2141 413)
686 2096 721 2130 et
751 2094 888 2129 dudum
921 2097 1031 2130 antea

366 2149 705 2186 Raoul-Rochette
747 2148 936 2200 (Histoire
984 2150 1031 2186 de

370 2206 566 2242 l⁷Etabliss.
588 2207 621 2242 d.
640 2206 705 2242 col.
720 2206 782 2242 Gr.
807 2206 852 2241 lll
868 2220 901 2255 p.
918 2204 1047 2254 427).-

365 2262 452 2312 Ipsa
476 2263 560 2298 urbs
593 2263 659 2306 (de
683 2274 755 2310 qua
785 2262 884 2310 plura
902 2262 1030 2298 lloeek

367 2317 390 2354 l.
412 2317 433 2354 l.
457 2317 470 2353 l
498 2331 531 2368 p.
561 2319 613 2358 23
635 2331 711 2366 seq.
736 2317 836 2367 383)
871 2319 906 2353 in
935 2319 1030 2355 occi-

368 2373 508 2410 dentali
529 2373 665 2410 Cretae
702 2378 806 2423 parte
835 2374 903 2409 sita
936 2387 1029 2423 qua-

368 2430 540 2478 draginta
572 2430 647 2466 sere
678 2430 800 2466 stadia
831 2430 955 2466 aberat
983 2430 1028 2466 ab

367 2498 434 2531 ea,
476 2498 570 2534 quae
598 2498 693 2522 nuuc
719 2485 839 2521 Cauca
867 2491 1029 2533 vocatur,

367 2543 455 2578 satis
483 2541 604 2591 ampla
632 2554 673 2577 ac
704 2542 875 2590 frequens
906 2542 1028 2578 incolis

365 2602 548 2648 portuque
581 2598 754 2633 instructa
785 2603 820 2634 et
853 2610 1029 2635 commer-

367 2654 422 2690 cio
446 2655 605 2699 floren53
645 2658 683 2689 ut
713 2654 807 2690 adeo
834 2653 923 2690 haec
950 2655 1029 2704 ipsa

367 2722 425 2748 res
457 2709 602 2746 Samios
643 2710 879 2746 commovisse
916 2711 1029 2747 videri

368 2770 499 2814 queat,
539 2769 577 2802 ut
599 2778 679 2802 eum
705 2766 741 2801 in
767 2767 882 2802 locum
902 2779 941 2803 se
964 2779 1031 2816 po-

366 2823 545 2858 tissimum
572 2825 846 2867 converterent,
888 2822 957 2858 nisi
976 2823 1030 2858 di-

369 2884 468 2916 serta
488 2878 672 2916 Herodoti
698 2878 885 2915 obstarent
908 2878 1031 2925 verba,

1082 855 1144 903 qui
1177 859 1216 891 ut
1247 854 1469 902 Zacynthios
1509 853 1744 905 expellerent,

1081 912 1158 947 illos
1180 912 1249 947 hoc
1271 912 1403 948 secisse
1425 912 1571 957 scribit,
1601 911 1676 947 sive
1695 910 1743 947 ob

1082 968 1285 1004 inimicitias
1309 968 1485 1015 quasdam
1506 968 1581 1004 sive
1598 967 1743 1003 ultionis

1081 1024 1266 1061 cuiusdam
1288 1025 1512 1073 repetendae
1532 1037 1650 1060 causa.
1670 1023 1744 1059 lni-

1082 1080 1293 1117 micitiarum
1325 1085 1446 1117 autem
1467 1081 1526 1116 vix
1555 1080 1659 1116 aliam
1688 1080 1745 1115 su-

1082 1137 1153 1173 isse
1180 1137 1357 1184 originem
1388 1141 1493 1185 putat
1513 1137 1555 1175 C.
1579 1137 1624 1172 O.
1645 1135 1743 1171 Mill-

1082 1192 1143 1229 ler.
1175 1193 1358 1240 Aeginen.
1380 1206 1416 1242 p.
1447 1195 1524 1233 112
1558 1205 1633 1241 seq.
1654 1196 1744 1238 not.‚

1083 1262 1192 1297 quam
1214 1249 1340 1284 lonum
1377 1253 1414 1284 et
1431 1249 1655 1285 Achaeorum
1691 1248 1746 1284 in-

1083 1309 1289 1342 veteratum
1310 1305 1431 1340 odium
1446 1334 1456 1350 ,
1495 1318 1575 1341 cum
1598 1304 1743 1352 Zacyn-

1083 1361 1146 1397 thii
1179 1360 1402 1397 Achaeorum
1442 1360 1576 1397 fuerint
1621 1360 1744 1409 stirpis

1083 1418 1348 1466 Spartanisque
1378 1418 1462 1454 inde
1485 1417 1638 1463 inimici,
1677 1417 1747 1452 Sa-

1083 1474 1145 1510 mii
1182 1486 1267 1510 vero
1305 1474 1499 1523 Spartanis
1548 1485 1747 1522 eorumque

1083 1529 1219 1566 colonis
1262 1531 1426 1566 faverint.
1460 1550 1508 1556 —
1549 1529 1638 1565 Mox
1666 1541 1745 1565 cum

1082 1586 1288 1634 Sehweigh.
1328 1590 1367 1623 et
1403 1587 1518 1622 Gaisf.
1562 1586 1646 1622 dedi
1681 1582 1747 1623 ε’,τὶ

1082 1637 1210 1694 τούτῳ
1250 1655 1316 1691 pro
1356 1641 1419 1680 ε’,τὶ
1456 1644 1598 1688 τοῦτο,
1647 1641 1747 1691 quod

1085 1698 1221 1735 Matth.
1253 1699 1409 1735 retinuit.
1469 1699 1575 1735 Cous.
1605 1697 1648 1745 V,
1679 1696 1746 1743 45,

1085 1751 1150 1793 ἐπ’
1177 1748 1209 1806 ᾧ
1240 1752 1281 1792 δὲ
1308 1751 1449 1803 ἐστάλη
1477 1754 1628 1800 ἐποίεε,
1686 1754 1747 1790 ubi

1085 1816 1206 1847 tamen
1229 1811 1412 1847 Sancrosti
1433 1811 1522 1847 liber
1548 1824 1589 1847 ac
1607 1811 1748 1846 Vindo-

1085 1867 1258 1904 bonensis
1304 1868 1394 1916 (qui
1434 1867 1468 1903 h.
1500 1867 1521 1903 l.
1563 1868 1653 1904 dant
1682 1865 1747 1905 ἐπὶ

1084 1919 1242 1971 τούτῳ)
1270 1924 1438 1960 exhibent
1463 1918 1530 1961 ἐπ’
1555 1919 1587 1961 ⁹6.
1647 1923 1748 1960 Con-

1085 1980 1168 2017 serri
1185 1993 1331 2029 quoque
1351 1984 1524 2030 poterunt
1542 1979 1578 2016 hi
1594 1980 1663 2016 loci
1683 1978 1746 2027 Ill,

1087 2036 1152 2076 48.
1181 2037 1246 2077 83.
1275 2058 1330 2063 —
1360 2036 1473 2073 Paulo
1504 2041 1589 2085 post
1620 2034 1744 2084 reliqui

1086 2093 1260 2129 intactum
1304 2093 1404 2142 quod
1452 2093 1533 2129 libri
1580 2092 1747 2129 ferebant

1087 2148 1168 2196 ἐξελ
1180 2164 1199 2187 ο
1213 2151 1347 2195 ῦντες,
1371 2161 1589 2198 quamquam
1611 2149 1744 2185 rectius

1088 2218 1168 2242 esse
1192 2206 1333 2242 videtur
1353 2204 1475 2252 ἐξελῶ
1490 2219 1595 2250 ντες,
1620 2217 1746 2253 quem-

1087 2262 1284 2298 admodum
1323 2261 1457 2311 placuit
1499 2261 1663 2298 Pierson.
1699 2261 1747 2297 ad

1087 2318 1204 2354 Moer.
1233 2331 1270 2367 p.
1304 2317 1380 2358 146
1409 2322 1444 2354 et
1466 2317 1684 2365 wesseling.
1709 2317 1746 2353 in

1087 2379 1175 2410 nota
1198 2374 1244 2409 ad
1266 2373 1300 2409 h.
1322 2373 1357 2418 l.,
1384 2374 1444 2410 ubi
1467 2373 1554 2409 citat
1574 2371 1743 2417 1V‚148.

1088 2430 1132 2476 V,
1155 2432 1218 2470 63.
1247 2430 1309 2474 lx,
1327 2431 1391 2468 89.
1434 2428 1495 2465 Tu
1516 2430 1587 2465 vid.
1613 2429 1744 2465 Matth.

1088 2486 1152 2522 Gr.
1174 2486 1238 2521 Gr.
1261 2484 1297 2536 ᾗ.
1319 2488 1400 2525 222
1423 2498 1507 2535 pag.
1529 2488 1623 2526 430.

1144 2543 1214 2587 τῆς
1231 2537 1431 2590 Δικτύνης
1453 2537 1565 2591 νηόν]
1605 2536 1745 2580 Δικτύ-

1087 2613 1160 2647 νης
1180 2610 1303 2633 omnes
1324 2598 1523 2634 llerodotei
1542 2598 1635 2644 libri,
1665 2611 1746 2635 cum

1087 2654 1173 2690 alias
1196 2653 1327 2702 duplici
1349 2654 1450 2690 litera
1468 2659 1493 2691 ῦ
1519 2655 1587 2691 hoe
1613 2667 1746 2692 nornen

1087 2711 1258 2759 scriptum
1276 2710 1485 2746 inveniatur.
1516 2711 1612 2747 Nam
1630 2710 1744 2759 signi-

1087 2766 1213 2802 ficatur
1243 2765 1311 2802 dea
1341 2766 1571 2803 Cretensium
1599 2766 1746 2813 lunaris,

1087 2821 1318 2858 Britomartis
1340 2835 1433 2870 quae
1454 2824 1665 2868 vocabatur,
1689 2826 1745 2859 at-

1087 2890 1158 2927 que
1181 2880 1286 2916 etiam
1304 2878 1512 2929 Dictynna,
1560 2879 1658 2928 quod
1677 2891 1744 2915 no-
