1904 3304
417 235 502 275 504

809 228 1275 268 HERODOTI

418 342 592 396 Πέρσα·
643 339 725 395 ἐγώ
766 335 924 382 οὐδένα
953 354 1014 381 κω
1045 336 1293 392 ἀνθρώπων
1322 339 1464 390 δείσας
1492 340 1673 395 ἔφυγον,

419 413 519 458 οὔτε
547 409 779 465 πρότερον,
819 409 918 452 οὔτε
947 413 1030 451 νῦν
1061 420 1106 452 σε
1136 408 1305 464 φεύγω·
1355 410 1457 454 οὐδέ
1494 428 1535 453 τι
1572 409 1675 453 νεώ-

421 482 547 537 τερόν
587 483 671 536 εἰμι
710 479 896 535 ποιήσας
943 484 1028 522 νῦν
1075 480 1104 534 ἢ
1149 481 1223 522 καὶ
1259 481 1306 524 ἐν
1345 482 1494 539 εἰρήνῃ
1537 479 1731 524 ἐώθεα45

393 552 601 597 Ξποιέειν.
661 550 685 593 ὅ
714 566 755 593 τι
786 551 831 594 δὲ
861 549 943 593 οὐκ
971 549 1127 594 αὐτίκα
1154 551 1344 606 μάχομαί
1372 569 1462 605 τοι,
1492 553 1574 608 ἐγώ
1605 553 1678 596 καὶ

420 627 550 667 τοῦτο
590 621 803 677 σημανέω.
862 621 966 676 ἡμῖν
996 621 1095 664 οὔτε
1126 620 1278 674 ἄστεα,
1322 622 1420 665 οὔτε
1449 629 1504 679 γῆ
1534 640 1678 679 πεφυ-

421 693 602 751 τευμένη
633 693 741 745 ἐστὶ,
772 695 862 734 τῶν
890 691 989 746 πέρι
1018 694 1231 743 δείσαντες
1256 693 1313 749 μή
1347 693 1465 750 ἁλῴη
1494 695 1521 751 ἢ
1549 699 1679 751 καρῇ,

391 764 659 821 3ταχύτερον
695 765 1006 819 συμμίσγοιμεν
1045 761 1099 805 ἂν
1138 763 1181 813 ἐς
1217 763 1356 820 μάχην
1395 763 1523 820 ὑμῖν·
1569 769 1605 810 εἰ
1635 768 1738 811 δὲ50

421 837 513 880 δέοι
541 834 712 885 πάντως
741 834 784 885 ἐς
813 839 941 878 τοῦτο
971 832 1078 878 κατὰ
1101 834 1227 889 τάχος
1247 832 1550 888 ἀπικνέεσθαι,
1581 854 1683 893 τυγ-

421 907 603 963 χάνουσι
631 904 736 961 ἡμῖν
765 904 906 956 ἐόντες
935 905 1069 960 τάφοι
1097 904 1335 958 πατρώϊοι,
1377 904 1548 961 φέρετε,
1584 908 1682 952 τού-

423 995 526 1028 τους
563 974 842 1030 ἀνευρόντες,
897 976 1093 1031 συγχέειν
1131 979 1339 1029 πειρᾶσθε
1377 975 1557 1029 αὐτούς’
1607 981 1682 1023 καὶ

422 1047 646 1105 γνώσεσθε
669 1047 785 1098 τότε,
815 1048 895 1090 ε’ίτε
925 1045 1032 1102 ὑμῖν
1061 1045 1343 1102 μαχησόμεθα
1372 1049 1468 1102 περὶ
1497 1053 1584 1092 τῶν
1613 1050 1686 1093 τοὶ-

426 1136 549 1176 φων,
578 1120 660 1162 εἴτε
689 1119 762 1161 καὶ
793 1117 847 1160 οὐ
871 1116 1167 1174 μαχησόμεθα.
1226 1116 1441 1172 πρότερον
1462 1119 1529 1171 δὲ,
1558 1120 1613 1176 ἣν
1629 1121 1740 1178 μὴ55

397 1188 564 1246 4ἡμέας
599 1187 728 1243 λόγος
767 1189 893 1243 αἱρῇ,
942 1186 996 1231 οὐ
1033 1187 1298 1243 συμμίξομέν
1327 1205 1406 1231 τοι.
1466 1188 1579 1245 ἀμφὶ
1607 1193 1686 1246 μὲν

425 1259 537 1316 μάχῃ
567 1262 759 1302 τοσαῦτα
788 1258 991 1314 εἰρήσθω.
1047 1257 1272 1309 Δεσπότας
1300 1258 1345 1301 δὲ
1376 1258 1508 1315 ἐμούς
1528 1264 1615 1305 Δία
1643 1279 1688 1307 τε

428 1329 512 1385 ἐγώ
541 1331 723 1384 νομίζω,
771 1329 849 1372 τὸν
889 1329 995 1384 ἐμόν
1030 1328 1274 1384 πρόγονον,
1313 1330 1387 1373 καὶ
1412 1328 1569 1386 Ἱστίην
1608 1332 1689 1389 τήν

399 1401 651 1445 5Σκυθέων
680 1401 926 1457 βασίλειαν,
970 1399 1165 1454 μούνους
1203 1397 1324 1444 εἶναι.
1383 1401 1469 1444 Σοὶ
1509 1402 1555 1445 δὲ
1593 1402 1690 1448 ἀντὶ

428 1472 508 1529 μὲν
557 1469 714 1526 δώρων
762 1475 843 1528 γῆς
889 1487 933 1514 τε
979 1471 1053 1514 καὶ
1102 1471 1295 1524 ὕδατος,

430 1547 614 1587 τοιαῦτα
665 1540 736 1585 οἷά
793 1554 863 1586 σοι
915 1541 1067 1597 πρέπει
1121 1542 1290 1586 ἐλθεῖν·

371 1727 539 1765 afferunt.
574 1726 671 1765 Nam
696 1725 884 1763 Persarum
905 1737 1033 1774 regem,

372 1797 448 1822 non
487 1783 616 1821 Persas
654 1784 793 1832 Scytha
829 1783 1032 1832 ailoquitur.

372 1840 434 1877 Ad
469 1836 665 1893 νεώτερον
714 1841 810 1877 conf.
846 1844 939 1876 nott.
986 1839 1034 1876 ad

373 1896 438 1944 ΙΙΙ,
474 1899 538 1937 62.

432 1950 532 2002 ἠ’μῖν
569 1950 659 1991 οὔτε
698 1949 817 1991 ἄστεα
849 1965 884 1989 κ.
914 1965 945 1989 τ.
976 1950 1033 2000 L]

378 2008 520 2046 Eadem
546 2009 667 2048 valer.
690 2009 789 2048 Max,
811 2010 857 2054 V,
889 2006 927 2053 4,
952 2007 1035 2044 Ext.

379 2066 405 2107 5
428 2065 505 2105 coll.
537 2078 631 2114 quae
651 2066 698 2103 ad
719 2066 858 2103 Herod.
880 2063 954 2110 ΙΨ,
983 2062 1037 2104 46

382 2122 444 2158 fin.
473 2122 671 2159 citavimus.
712 2143 769 2150 ’-
806 2122 923 2169 „Hoc
953 2119 1040 2156 nihil

379 2179 588 2215 audientem
600 2177 749 2215 Darium
771 2179 843 2214 iam
866 2180 951 2214 ante
966 2177 1039 2212 sra-

375 2239 432 2271 ter
451 2239 643 2271 monuerat
663 2233 868 2271 Artabanus
881 2262 890 2280 ,
922 2247 1038 2270 κατα-

377 2289 500 2341 λέγων
525 2293 606 2328 τῶν
628 2289 827 2329 Σκυθέων
851 2286 924 2340 τήν
942 2284 1038 2327 olno-

377 2345 469 2395 ρίην
496 2346 566 2392 ΙΨ,
602 2349 654 2387 83
688 2346 783 2395 [coll.
818 2347 892 2393 ΙΨ,
927 2344 1038 2395 134].

381 2402 665 2440 Permanserant
714 2403 846 2440 idcirco
897 2414 1040 2451 semper

381 2460 526 2504 invicti,
557 2454 676 2497 ov'O‘Ev
700 2457 850 2508 ἔχοντες
868 2455 968 2509 ὖπὲρ
989 2451 1039 2496 οὗ

382 2510 664 2561 δουλεύσουσι,
696 2516 891 2552 secundum
912 2514 1039 2565 Epho-

381 2585 460 2608 rum
490 2572 587 2621 apud
616 2571 789 2608 strabon.
814 2571 879 2607 Vll
902 2585 938 2621 p.
958 2572 1040 2612 303

383 2641 412 2664 s.
429 2627 511 2668 464
531 2626 594 2673 Α.,
629 2631 665 2665 et
687 2626 856 2676 Aegyptii
875 2628 970 2676 regis
991 2628 1042 2664 le-

383 2685 479 2732 gatis
497 2683 630 2721 dixisse
650 2684 882 2733 perhibentur
907 2685 1042 2720 lustino

385 2740 431 2785 ll,
455 2742 500 2779 3:
541 2744 612 2776 tam
645 2740 802 2789 opulenti
826 2741 951 2788 populi
977 2741 1043 2776 ‹Iu-

387 2809 459 2832 cem
480 2796 604 2832 stolide
626 2796 791 2832 adversus
810 2798 925 2844 inopes
945 2810 1043 2832 occu-

381 2865 486 2902 passe
506 2853 643 2890 bellum.
683 2853 740 2891 Cf.
768 2853 866 2904 apud
888 2854 1042 2891 eundem

1370 1473 1493 1527 δῶρα
1535 1473 1690 1530 πέμψω

1376 1542 1474 1587 ἀντὶ
1523 1544 1568 1589 δὲ
1612 1550 1747 1590 τοῦδο

1091 1727 1155 1773 IX,
1178 1729 1203 1767 2
1236 1731 1272 1765 et
1296 1726 1467 1767 strabon.
1491 1740 1528 1777 p.
1559 1730 1642 1770 463
1663 1729 1706 1769 A.
1721 1733 1748 1752 “

1097 1783 1313 1820 Valcken.
1363 1783 1473 1820 Unde
1503 1784 1650 1824 ductum
1685 1801 1749 1824 vo-

1091 1839 1173 1877 lunt
1199 1839 1427 1890 proverbium
1449 1842 1628 1880 Σκυθοΐν
1658 1842 1749 1894 ἕρη-

1093 1896 1164 1947 μία
1194 1897 1241 1933 de
1273 1897 1436 1932 maximis
1473 1896 1750 1948 calamitatibus,

1093 1953 1169 1989 sive
1188 1954 1316 2000 exz'tz'03
1358 1954 1451 1990 conf.
1473 1953 1681 2005 Interprett.
1700 1959 1750 1994 ad

1093 2009 1279 2059 Aristoph.
1307 2008 1460 2046 Acharn.
1485 2012 1577 2052 704.
1602 2012 1752 2050 Freins-

1094 2065 1189 2102 hem.
1217 2066 1265 2102 ad
1293 2066 1393 2105 Curt.
1422 2065 1509 2114 Vll,
1536 2070 1581 2114 8,
1604 2070 1670 2110 23.
1695 2092 1751 2098 ——-

1092 2121 1151 2158 Ad
1170 2123 1452 2172 comparativum
1471 2119 1684 2176 ταχύτερον
1706 2127 1752 2163 cf.

1093 2177 1226 2214 Matth.
1258 2176 1296 2228 ᾖ.
1327 2179 1419 2219 130.
1453 2201 1508 2205 -
1550 2180 1609 2218 De
1642 2184 1750 2230 regiis

1096 2234 1264 2284 sepulcris
1291 2235 1386 2271 conf.
1415 2240 1508 2272 nott.
1537 2237 1586 2273 ad
1610 2237 1671 2284 lv,
1696 2241 1746 2278 71

1096 2295 1133 2328 et
1149 2291 1196 2328 ad
1215 2289 1372 2341 φέρετε,
1402 2292 1500 2328 cuius
1516 2291 1595 2329 loco
1614 2294 1648 2330 in
1661 2295 1752 2330 duo-

1095 2348 1162 2384 bus
1187 2346 1287 2385 libris
1308 2352 1422 2385 exstat
1443 2346 1552 2397 φέρε,
1572 2349 1634 2400 lv,
1660 2350 1751 2391 115.

1152 2398 1205 2453 ἢν
1243 2400 1296 2453 μῆ
1331 2401 1455 2453 ἦμέᾱς
1487 2400 1600 2454 λόγος
1631 2406 1749 2458 almi]

1097 2459 1204 2496 conf.
1224 2460 1260 2506 Ι,
1285 2461 1374 2500 132.
1408 2460 1463 2507 ΙΙ,
1494 2462 1558 2500 33.
1595 2462 1667 2509 ΙΙΙ,
1696 2463 1752 2504 45

1097 2516 1184 2565 ibiq.
1206 2520 1297 2553 nott.
1323 2520 1358 2553 et
1380 2516 1427 2552 ad
1457 2510 1562 2567 α’μφὶ
1582 2516 1653 2568 μὲν
1679 2515 1755 2570 μά-

1098 2586 1146 2625 χῃ
1176 2571 1215 2618 Ι,
1250 2572 1328 2612 140
1358 2571 1444 2620 ibiq.
1479 2578 1571 2610 nott.
1600 2596 1656 2603 —-
1693 2575 1752 2613 Ad

1099 2628 1232 2664 verba:
1269 2627 1347 2665 Δία
1370 2642 1408 2666 τε
1437 2626 1512 2679 ἐγώ
1542 2632 1687 2682 νομίζω
1709 2632 1754 2669 cf.

1100 2684 1164 2730 ΙΨ,
1184 2685 1236 2724 59
1257 2689 1293 2721 et
1312 2684 1359 2720 ad
1372 2686 1480 2722 verba
1501 2681 1588 2725 α’ντὶ
1609 2686 1651 2726 δὲ
1669 2689 1755 2735 τοῦ,

1102 2741 1161 2777 ubi
1185 2739 1278 2778 male
1307 2741 1480 2778 articulus
1507 2746 1579 2782 τοῦ
1603 2746 1638 2782 in
1659 2745 1754 2781 San-

1099 2796 1200 2833 crosti
1222 2796 1313 2833 libro
1332 2797 1580 2849 desideratur,
1619 2801 1750 2839 Matth.

1100 2865 1183 2903 pag.
1203 2854 1295 2894 569.
