1904 3304
478 248 1036 290 MELPOMENE.
1093 247 1153 285 IV.
1361 249 1441 288 621

1502 352 1576 380 Item
1606 352 1684 388 apud
1715 352 1774 379 No·

1500 388 1620 413 madae:
1641 420 1648 426 .
1669 394 1776 426 cei-xus

1500 425 1529 446 ⁰¹
1542 429 1605 479 1525?
1610 428 1623 479 5
1634 420 1778 481 ,ἱὶᾈξὶὲἲέζέ

1499 461 1537 513 iii¹
1551 486 1668 522 silphio.

192 362 343 414 οὐδὲν,
371 357 466 404 ἄλλ’
496 357 605 402 ἄλλα
633 358 800 402 τοιάδε·
847 358 1084 413 πύγαργοι,
1121 356 1193 399 καὶ
1223 354 1443 410 ζορκάδες,

192 435 264 477 καὶ
293 430 546 488 βουβάλιες,
583 431 655 474 καὶ
686 430 804 478 ὄνοι,
843 428 924 472 οὐκ
955 430 999 472 οἱ
1027 428 1078 470 τὰ
1107 427 1233 483 κέρεα
1263 427 1440 484 ἔχοντες,

195 502 300 546 ἀλλὰ
330 501 453 545 ἄλλοι
483 501 654 545 ἄποτοι·
695 500 749 544 οὐ
777 499 862 556 γάρ
893 499 943 555 δή
974 499 1165 540 πίνουσι·
1195 499 1268 542 καὶ
1298 498 1471 554 ὅρυες,5

193 577 282 617 τῶν
320 574 373 616 τὰ
412 572 538 628 κέρεα
575 576 685 616 τοῖσι
728 572 897 623 Φοίνιξι
933 571 975 614 οἱ
1013 568 1166 625 πήχεες
1201 573 1444 613 ποιεῦνται·
1501 581 1584 623 366

138 761 284 798 genere.
347 747 406 786 De
453 747 615 796 Antilope
659 746 789 792 Dama,

139 818 233 854 quae
259 810 431 851 vocatur,
467 806 647 852 cogitarat
682 802 792 839 Lich-

138 862 308 900 tenstein.
328 862 348 897 l.
369 861 391 897 1.
409 874 493 910 pag.
515 862 595 900 230
616 859 684 895 hoc
705 858 792 895 sub-

139 919 282 963 iiciens,
326 918 470 953 minime
500 927 701 965 pygargum
731 927 790 950 re-

137 975 222 1011 serri
265 986 374 1023 posse
413 973 461 1009 ad
500 984 577 1008 eam
626 971 791 1015 bestiam,

137 1042 232 1078 quae
259 1030 297 1065 in
324 1029 444 1065 Africa
463 1026 689 1064 meridionali
710 1031 791 1063 tan-

137 1090 215 1123 tum
236 1084 455 1132 reperiatur,
494 1089 529 1121 et
554 1096 575 1119 a
601 1083 705 1119 nobis
728 1096 792 1118 vo-

138 1146 238 1179 catur
257 1139 456 1177 Blessbocl·.
505 1139 719 1176 Aristoteles
742 1138 791 1174 H.

138 1197 183 1234 A.
202 1197 264 1243 VI,
294 1200 318 1237 6
352 1210 387 1246 p.
409 1196 490 1237 864
510 1196 552 1233 C.
594 1195 657 1240 IX,
679 1197 733 1235 32
756 1208 792 1244 p.

141 1255 222 1294 937
241 1253 286 1290 D.
314 1254 407 1289 inter
430 1265 513 1288 aves
542 1264 691 1301 rapaces
718 1264 795 1287 me·-

141 1314 261 1346 morat
278 1321 492 1359 pygargum.
531 1307 580 1344 At
599 1309 697 1356 apud
714 1308 794 1343 He-

139 1366 312 1402 rodotum
350 1365 584 1414 cogitandum
614 1365 661 1400 de
699 1376 793 1414 qua-

142 1422 320 1472 drupede.

198 1484 410 1539 ζορκιῖδες]
468 1481 563 1525 Alibi
604 1481 794 1537 δορκάδες

141 1550 336 1592 vocantur,
377 1545 476 1594 quod
503 1545 621 1594 ipsum
642 1544 676 1580 h.
698 1543 718 1579 l.
741 1544 795 1580 as—

141 1603 212 1639 fert
230 1615 320 1638 unus
343 1600 445 1638 liber.
475 1600 582 1636 Conf.
600 1599 756 1647 Hesych.
778 1598 794 1634 I

140 1670 226 1708 pag.
247 1658 353 1698 1586
377 1657 500 1705 ibique
521 1655 669 1693 Alberti.
700 1655 795 1692 Plut.

141 1713 285 1752 Romul.
300 1715 364 1753 27.
394 1712 590 1749 Dore-adem
610 1711 795 1761 Libycam,

142 1783 251 1818 quam
280 1769 473 1818 descripsit
502 1769 640 1805 Aelian.
670 1769 718 1804 H.
753 1768 795 1804 A.

142 1825 243 1872 xlv,
262 1824 299 1871 4,
316 1825 554 1862 recentiorum
568 1837 648 1862 esse
667 1824 796 1860 (millo-

139 1895 207 1932 pen
240 1881 447 1926 (lorcaclem,
497 1886 619 1918 monet
651 1881 795 1917 Cuvier.

143 1939 191 1975 ad
213 1937 304 1997 I'lin.
331 1938 380 1975 H.
404 1936 455 1975 N.
482 1936 566 1974 VIII
600 1938 716 1985 (83),
744 1938 796 1976 53

143 2007 180 2044 p.
200 1997 282 2035 467
302 2006 378 2042 seq.

201 2068 428 2123 βουβάλιες]
471 2070 615 2108 Dicitur
644 2065 795 2121 βούβα-

144 2131 211 2175 λος
230 2134 266 2166 et
287 2124 497 2179 βούβαλιςς
529 2128 573 2164 de
592 2140 664 2176 qua
683 2127 798 2163 bestia

144 2198 270 2222 omnes
305 2190 467 2221 veterum
512 2183 607 2219 locos
653 2182 798 2230 collegit

142 2240 313 2278 Bochart.
330 2241 478 2278 Hieroz.
501 2239 566 2286 Ill,
588 2242 640 2279 22
658 2253 693 2288 p.
715 2241 796 2280 910

145 2310 248 2346 seqq.
277 2297 325 2333 ad
355 2309 541 2346 caprarum
571 2295 797 2343 sfivestrium

145 2366 260 2402 genus
298 2354 458 2390 reserens
492 2352 664 2398 bestiam,
704 2351 798 2388 male

146 2409 229 2446 olim
249 2423 270 2446 a
296 2410 512 2458 quibusdam
541 2408 649 2444 boum
673 2409 798 2456 generi

146 2465 375 2515 adscriptam.
406 2466 471 2501 Est
490 2476 598 2509 vero,
628 2470 799 2501 monente

149 2520 291 2559 Cuvier.
308 2522 355 2558 ad
376 2521 464 2558 Pliu.
483 2521 533 2562 H,
555 2519 606 2558 N.
627 2520 724 2566 VIII,
748 2519 797 2561 15

148 2589 186 2626 p-
207 2576 319 2624 414„
349 2578 511 2626 Antilope
533 2577 670 2613 bubalis
692 2576 799 2614 Linn.

208 2651 364 2706 ἄποτοι]
407 2658 429 2695 i.
450 2669 481 2694 e.
517 2656 683 2706 quim‘lcz'l
694 2659 798 2704 potus

151 2715 310 2756 sumunt,
336 2725 514 2761 nunquam
538 2714 677 2757 hibunt,
704 2713 798 2749 utin

149 2767 320 2816 Sophocl.
339 2767 393 2803 Ai.
411 2769 491 2809 324
518 2770 620 2816 (317
639 2769 798 2815 Herm).

149 2822 270 2872 Supra
290 2823 351 2869 lv,
375 2824 424 2863 81
455 2820 563 2875 ὕδωρ
593 2822 743 2863 ἄποτον
766 2824 798 2860 vi

150 2879 305 2928 passiva.
320 2899 371 2906 —
387 2877 519 2917 Asinos
537 2894 648 2918 cornu
666 2882 799 2919 instru-

847 747 923 781 ctos
944 745 1118 793 attigerat
1138 743 1276 782 Noster
1296 744 1414 795 capite
1435 756 1502 781 an-

847 802 1041 839 tecedenti.

902 856 967 894 καὶ
994 854 1128 907 ὄρυες]
1178 856 1298 895 Boves
1328 858 1422 893 seras
1446 855 1502 892 hic

846 911 997 961 intelligi
1015 918 1122 963 putat
1140 914 1254 958 Mi0t‚
1292 913 1416 949 Gallus
1446 913 1501 948 in·

846 972 998 1018 terpres.
1017 969 1359 1016 Sclmeighaeusero
1375 970 1502 1005 viden-

845 1028 903 1060 tur
925 1022 1040 1076 ὄρυες
1069 1025 1166 1061 haud
1194 1026 1341 1062 differre
1369 1025 1414 1061 ab
1444 1024 1500 1070 iis,

848 1081 977 1129 quibus
1013 1081 1122 1130 vulgo
1167 1093 1300 1119 nornen
1345 1078 1499 1132 ὅρυγες,

849 1139 948 1185 quod
973 1138 1090 1187 ipsum
1111 1138 1144 1173 h.
1168 1137 1188 1174 l.
1212 1137 1405 1188 repositum
1434 1149 1502 1173 vo-

850 1192 966 1230 luerat
995 1194 1148 1231 Gesner.
1179 1194 1237 1231 De
1270 1194 1460 1243 Quadrup.
1486 1191 1503 1228 I

850 1262 884 1298 p.
905 1251 999 1295 871,
1017 1251 1196 1300 probante
1215 1250 1303 1286 Italo
1324 1251 1504 1299 interpre-

850 1311 897 1341 te.
946 1305 995 1342 Et
1022 1319 1108 1342 sane
1135 1307 1192 1342 vix
1217 1306 1390 1351 dubium,
1425 1318 1504 1342 1110-

851 1366 964 1398 nente
1000 1361 1227 1408 Leuckarto,
1269 1362 1326 1399 hic
1365 1373 1506 1411 orygem

850 1418 956 1454 Plinii
977 1424 1087 1466 atque
1109 1418 1314 1455 Aristotelis
1337 1418 1506 1466 intelligi,

852 1487 946 1522 quae
986 1479 1043 1511 est
1078 1476 1317 1512 recentiorum
1345 1474 1507 1523 Autc'lope

850 1530 1050 1580 Leucoryx.
1108 1531 1166 1568 De
1188 1531 1349 1580 Antilope
1370 1531 1425 1567 hic
1446 1530 1507 1578 agi

852 1586 1045 1623 arbitratus
1079 1600 1224 1635 quoque
1263 1592 1340 1624 erat
1377 1587 1507 1634 Zoega

850 1642 909 1679 De
929 1642 1092 1680 obeliscc.
1115 1657 1150 1692 p.
1173 1645 1250 1684 168
1271 1647 1348 1680 not.
1397 1642 1505 1679 Plura

850 1697 1100 1736 Lichtenstein
1120 1698 1140 1734 l.
1162 1698 1184 1735 l.
1209 1713 1245 1749 p.
1268 1701 1349 1739 200
1368 1711 1445 1747 seq.
1465 1702 1503 1738 2.

851 1755 1021 1792 Yeterum
1041 1756 1087 1792 (le
1101 1755 1222 1804 Oryge
1243 1756 1342 1792 locos
1363 1755 1506 1791 exhibet

850 1811 1017 1848 Bochart.
1037 1811 1058 1848 l.
1082 1811 1103 1848 l.
1125 1812 1189 1857 Ill,
1209 1815 1262 1853 26
1276 1825 1312 1862 p.
1328 1810 1408 1851 946
1421 1823 1504 1860 sqq.

851 1866 1104 1918 Antiloparum
1141 1881 1226 1905 vero
1274 1881 1295 1905 e
1337 1868 1505 1904 cornibus

853 1923 958 1960 tibias
1003 1928 1148 1973 paratas
1192 1924 1303 1960 fuisse
1337 1936 1411 1959 non
1447 1927 1504 1960 est

854 1980 954 2027 quod
994 1992 1160 2016 moneam
1210 1983 1295 2028 post
1326 1979 1506 2027 Biittiger.

854 2036 1030 2084 disputat.
1062 2035 1097 2072 in
1125 2035 1316 2073 Amalthea
1340 2035 1391 2071 111
1419 2047 1507 2086 pag.

857 2092 937 2132 192
958 2104 1062 2140 seqq.

910 2149 990 2185 τῶν
1011 2145 1057 2185 w*
1086 2144 1200 2197 κέρεα
1226 2150 1328 2186 τοῖσι
1350 2145 1508 2193 Φοίνιξι

855 2203 898 2243 οἵ
914 2199 1055 2253 πήχεες
1075 2203 1295 2254 ποιεῦνται]
1336 2203 1408 2240 Pro
1426 2205 1508 2241 τῶν

852 2257 951 2298 κατά
967 2258 1081 2309 κέρεα
1100 2261 1235 2296 dudum
1254 2260 1378 2297 melius
1398 2260 1507 2297 resti-

852 2321 974 2354 tuerat
994 2317 1146 2354 Gesner.
1166 2316 1188 2352 l.
1209 2317 1230 2353 l.
1253 2330 1289 2366 p.
1313 2319 1408 2363 770,
1429 2316 1508 2354 τῶν

853 2371 900 2411 τρὶ
934 2371 1048 2424 κέρεα
1085 2373 1136 2409 sic
1175 2373 1438 2422 interpretans:
1491 2384 1509 2408 e

855 2442 998 2480 quorum
1027 2430 1185 2466 cornibus
1205 2430 1316 2465 cubiti
1329 2430 1431 2478 fiunt
1452 2430 1508 2464 in-

855 2488 1055 2523 strumentis
1078 2488 1239 2532 numicis,
1288 2498 1374 2535 quw:
1400 2485 1508 2534 phoe-

855 2545 948 2579 m'ces
968 2546 1099 2579 vocant.
1158 2542 1253 2579 Hinc
1274 2541 1429 2578 citharas
1452 2541 1508 2576 in-

854 2599 1068 2636 tellexerunt
1090 2597 1241 2635 Salmas.
1270 2599 1316 2634 ad
1337 2596 1448 2633 Solin.
1470 2609 1506 2646 p.

858 2656 950 2696 157.
979 2655 1150 2692 Bochart.
1169 2655 1193 2691 l.
1213 2654 1234 2690 l.
1250 2667 1286 2703 p.
1303 2653 1384 2695 946
1403 2653 1507 2689 item-

854 2724 924 2760 que
944 2711 1114 2749 Larcher.
1165 2710 1216 2746 Et
1234 2722 1321 2746 sane
1342 2710 1433 2745 inter
1451 2709 1508 2745 in-

854 2772 1055 2805 strumenta
1112 2767 1246 2802 musica
1298 2764 1505 2802 Athenaeus

855 2823 973 2874 (XIV,
994 2827 1019 2865 9
1042 2821 1125 2872 [40]
1148 2834 1231 2871 pag.
1251 2823 1330 2862 637
1350 2821 1393 2859 B.
1425 2819 1504 2856 coll.

853 2880 989 2931 Ephor.
1009 2881 1174 2928 fragium.
1202 2890 1287 2928 pag.
1304 2879 1381 2916 261
1404 2876 1502 2925 seq.)
