1904 3304
477 219 1042 263 MELPOMENE.
1099 219 1161 259 lv.

181 340 261 394 ρας
308 339 352 380 οἱ
393 338 600 390 Θηραῖοι,
649 333 840 388 ἔπεμπον
885 331 927 381 ἐς

1369 222 1453 262 551

187 408 438 464 παρεόντων
469 409 628 448 κακῶν.
674 401 701 459 ἡ
732 402 777 446 δὲ
810 403 958 456 Πυθίη
988 412 1068 456 σφι
1097 400 1246 455 ἔχρησε
1277 402 1447 455 συγκτί-

191 483 310 531 ζουσι
339 476 487 533 Βάττῳ
515 474 728 530 Κυρήνην
757 477 832 529 τῆς
850 471 1018 527 Λιβύης
1047 470 1226 527 ἄμεινον
1255 470 1476 526 πρήξειν.σ

1457 479 1475 498 1⁷

160 548 457 592 3Ἆπέστελλον
482 546 588 600 μετὰ
618 548 754 588 ταῦτα
783 544 860 587 τὸν
884 542 1053 586 Βάττον
1082 544 1125 586 οἱ
1152 546 1337 598 Θηραῖοι
1368 542 1451 586 δύο

184 617 574 674 πεντηκοντέροισι.
631 615 879 666 πλώσαντες
915 615 960 658 δὲ
990 614 1033 666 ἐς
1060 614 1141 670 τὴν
1170 611 1341 670 Λιβύην
1371 607 1452 656 οὗ·-

128 832 194 871 82.
217 827 318 874 1143
343 830 393 866 ita
416 835 454 868 ut
471 844 558 868 sane
578 829 789 868 adverbium

128 882 389 938 παλιγκότως,
419 889 517 924 cuius
529 887 608 924 loco
619 885 789 933 Schwgh.

127 944 327 994 praeferret
367 944 606 996 παλίγκοτα,
664 943 692 979 si
727 941 788 990 qui

128 1001 260 1036 darent
289 999 452 1046 codices,
491 999 579 1036 nihil
612 998 789 1049 praebeat

126 1056 351 1093 offensionis.
406 1057 526 1106 Ipsam
560 1069 685 1092 vocem
714 1069 786 1092 πα-

125 1113 317 1163 λίγκοτος,
336 1116 434 1150 teste
447 1112 616 1153 Wessel,
632 1112 786 1148 illustrat

126 1168 257 1205 Galen.
290 1169 338 1205 ad
365 1170 580 1219 Hippocrat.
605 1168 663 1206 De
693 1168 785 1204 Fra-

125 1231 212 1262 etur.
235 1223 376 1273 p-5'47.
408 1226 612 1274 Schweigh.
628 1223 784 1261 conferri

124 1281 199 1318 vult
219 1281 339 1317 Foesii
352 1283 488 1319 Oecon.
510 1282 687 1332 Hippocr.
705 1293 782 1316 voc.

128 1338 396 1388 Hcdlt'yzotog‚
452 1339 541 1375 haec
589 1338 783 1375 adiiciens:

125 1396 247 1442 „Sunt
296 1396 510 1445 παλίγκοτα
560 1389 783 1443 παθήματα

125 1450 421 1496 recrudescentes,
462 1452 582 1488 denuo
610 1451 783 1487 earumle-

125 1510 252 1544 scentes
279 1507 423 1544 dolores.
490 1507 539 1543 Et
573 1507 682 1543 homo
709 1522 782 1544 ποι-

122 1564 299 1614 λίγκοτος
317 1564 500 1613 Aristoph.
521 1563 605 1600 Pac.
624 1564 706 1603 389
725 1563 782 1598 di-

121 1621 233 1666 citur,
274 1621 336 1668 qui
363 1619 401 1667 ἐξ
421 1619 681 1669 ὑποστροφῆς
702 1614 780 1656 πά-

120 1679 183 1716 λιν
203 1673 446 1726 ὀργισθείς.“
477 1676 537 1713 Tu
557 1677 641 1712 add.
655 1675 780 1712 Theo-

121 1734 198 1770 crit.
218 1733 336 1780 XXH,
355 1735 419 1774 58.
466 1732 607 1770 Mosch.
626 1731 690 1779 IV,
711 1734 777 1772 92.

122 1790 312 1833 Quaenam
340 1802 427 1826 vero
455 1790 544 1826 haec
571 1790 649 1838 ipsa
682 1788 778 1824 mala

120 1847 275 1892 fuerint,
323 1859 504 1894 quaenam
538 1846 777 1891 calamitates,

122 1903 159 1938 in
180 1915 272 1950 quas
298 1902 456 1939 Theraei
487 1903 608 1938 denuo
637 1902 776 1938 incide-

123 1959 217 2003 rint,
260 1958 471 1995 Herodotus
512 1971 591 1995 cum
630 1958 776 1994 mininie

119 2014 289 2051 indicarit
312 2041 323 2059 ,
379 2013 548 2062 leguntur
602 2013 777 2050 nonnulla

120 2071 157 2107 in
178 2070 296 2107 Schol.
327 2070 475 2106 Pindar.
505 2070 554 2106 ad
582 2069 687 2117 Pyth.
712 2069 776 2118 lv,

123 2130 175 2167 10
195 2140 214 2164 e
237 2126 401 2163 Menecle
425 2132 565 2162 sumta:
614 2127 709 2162 cives
738 2126 774 2161 in

120 2184 210 2219 (luas
260 2183 434 2219 factiones
483 2183 595 2218 fuisse
641 2182 774 2217 divisos

118 2239 362 2287 Battumque,
421 2238 483 2287 qui
528 2238 631 2274 alteri
679 2238 774 2287 parti

117 2296 338 2346 praefuerit,
366 2295 505 2344 proelio
538 2295 689 2339 victum,
729 2306 773 2330 eo

119 2352 313 2388 adductum
333 2352 462 2397 fuisse,
493 2356 531 2387 ut
551 2352 645 2387 terra
666 2350 774 2388 cede-

118 2412 197 2453 ret3
225 2409 262 2444 in
284 2420 392 2456 quam
414 2406 508 2443 nulla
529 2420 606 2444 cum
627 2407 696 2456 ipsi
717 2418 773 2443 es-

119 2468 175 2500 set
195 2464 331 2501 reditus
349 2477 455 2514 spes,
485 2463 665 2500 oraculum
687 2475 773 2500 con-

120 2519 288 2566 suluisse,
332 2533 491 2569 quonam
520 2533 558 2557 se
586 2521 655 2555 iam
685 2532 772 2556 con-

118 2581 286 2612 verteret.
323 2576 398 2612 Ubi
422 2577 523 2625 quod
541 2577 575 2613 h.
595 2575 618 2612 l.
641 2576 772 2624 legitur

118 2643 330 2679 responsum
348 2633 406 2669 ille
426 2632 518 2669 tulit.
569 2632 771 2670 Meneclem

121 2687 281 2734 sequitur
309 2687 430 2724 Schol.
467 2689 514 2725 ad
540 2687 769 2738 Lycophron.

120 2743 317 2778 Cassandr.
357 2743 438 2783 884
469 2757 621 2793 eamque
657 2746 771 2794 ipsam

119 2811 240 2834 veram
259 2798 420 2835 coloniae
433 2801 646 2839 condendae
663 2802 772 2837 fuisse

120 2867 263 2892 causam
292 2856 505 2905 pronuntiat
537 2856 772 2895 Raoul-Ro-

849 827 969 865 chette
990 827 1145 864 Histoir.
1171 828 1218 866 de
1238 826 1370 864 l’etabl.
1387 827 1422 863 d.
1445 839 1505 864 co-

845 883 919 921 lon.
940 884 1074 932 Grecq.
1096 884 1146 920 111
1162 896 1248 934 pag.
1269 886 1352 924 260
1374 897 1451 932 seq.

904 941 1150 992 συγκτίζουσι
1186 936 1321 990 Βάττῳ
1359 936 1502 990 Κυρή-

845 1011 921 1047 νην
943 999 1015 1045 τῆς
1033 992 1195 1046 Λιβύης
1214 995 1379 1045 ἄμεινον
1400 992 1501 1047 πρή-

843 1052 939 1103 ξειν]
971 1054 1127 1090 Dativus
1146 1053 1407 1104 συγκτίζουσι,
1437 1054 1501 1101 qui

841 1111 889 1146 ad
905 1110 1125 1148 antecedens
1147 1121 1217 1159 σφι
1237 1111 1402 1155 refertur,
1425 1122 1499 1146 non

841 1167 927 1203 satis
949 1167 1116 1203 convenit
1136 1166 1310 1203 formulae
1333 1163 1500 1216 ἄμεινον

840 1219 1031 1273 πρήξειν,-
1089 1235 1183 1272 quae
1213 1236 1293 1260 cum
1323 1224 1502 1259 accusati-

839 1292 924 1316 vum
976 1280 1045 1316 sibi
1092 1281 1269 1328 requirat,
1327 1279 1499 1316 Reiskius

840 1336 995 1373 coniecit
1035 1337 1308 1387 συγκτίζοντας
1346 1336 1422 1373 sive
1462 1334 1500 1373 εἰ

841 1393 1086 1443 συγκτίζουσι
1099 1421 1110 1438 ,
1141 1393 1356 1429 Schaeferus
1375 1396 1496 1429 autem

839 1450 969 1486 mutari
989 1449 1104 1485 voluit
1126 1445 1292 1498 πρήξειν
1313 1449 1349 1484 in
1369 1446 1495 1498 παρέ-

838 1506 930 1552 ξειν.
988 1504 1091 1542 Libri
1131 1506 1253 1554 scripti
1294 1505 1342 1541 ad
1382 1518 1493 1541 unum

836 1573 961 1598 omnes
991 1561 1027 1597 in
1056 1561 1203 1609 vulgata
1225 1561 1379 1598 lectione
1407 1573 1495 1597 con·

837 1618 996 1667 spirant,
1044 1630 1111 1667 per
1146 1630 1272 1654 sensus
1307 1618 1493 1666 quandam

835 1678 1053 1711 structuram
1091 1674 1324 1723 explicanda,
1368 1673 1419 1710 ita
1454 1678 1496 1710 ut

834 1735 972 1776 auctor,
1003 1742 1083 1766 cum
1104 1731 1150 1766 ob
1166 1742 1404 1779 praegressos
1425 1731 1492 1766 da-

834 1788 926 1823 tivos
957 1787 1108 1823 verbum
1136 1787 1324 1824 debuisset
1353 1798 1491 1836 ponere

833 1843 899 1880 illis
929 1843 1170 1890 conveniens,
1210 1855 1242 1879 V.
1263 1857 1292 1879 c.
1324 1840 1492 1892 ἄμεινον

835 1899 996 1938 ἔσεσθαι
1025 1912 1053 1936 s.
1084 1899 1342 1937 συνοίσεσθαι
1367 1898 1488 1949 (quod

832 1957 951 2006 ipsum
978 1957 1063 1992 olim
1092 1956 1129 1991 in
1156 1960 1258 1992 textu
1288 1956 1400 1992 fuisse
1428 1969 1489 1991 su-

833 2013 995 2061 spicatur
1015 2011 1238 2059 Schweigh.,
1276 2013 1312 2048 in
1339 2024 1446 2059 quem
1468 2024 1490 2048 e

832 2067 1021 2116 marginali
1095 2068 1229 2104 scholio
1305 2068 1492 2116 irrepserit

832 2120 1068 2173 πρήσσειν),
1090 2137 1174 2160 mox
1197 2137 1320 2160 eorum
1340 2123 1489 2170 oblitus,

832 2180 930 2217 aliud
949 2180 1110 2217 eiusdem
1133 2180 1279 2228 quidem
1304 2180 1490 2228 significa-

830 2237 961 2282 tionis,
998 2237 1064 2274 sed
1091 2237 1257 2274 diversae
1285 2240 1489 2273 structurae

830 2294 980 2330 verbum
1043 2293 1236 2342 posuerit,
1323 2289 1488 2342 ἄμεινον

830 2346 1043 2399 πρήσσειν,
1092 2350 1192 2398 quod
1217 2350 1335 2400 ipsum
1366 2361 1488 2386 recur-

828 2407 874 2443 rit
897 2405 958 2451 lV,
986 2407 1077 2446 157.

885 2457 1111 2507 πλώσαντες
1142 2458 1197 2510 δὲ]
1248 2460 1306 2498 De
1326 2460 1393 2497 hac
1410 2461 1485 2497 sor-

827 2531 886 2556 ma
906 2519 998 2555 conf.
1021 2519 1069 2554 ad
1092 2518 1156 2563 IV,
1180 2517 1259 2558 148
1283 2521 1374 2554 nott.
1423 2516 1484 2552 ln-

827 2575 874 2612 de
908 2587 991 2611 mox
1024 2569 1256 2620 οἷπέττλωον,
1307 2572 1384 2609 coll.
1418 2571 1483 2619 VI,

828 2633 920 2671 116.
958 2630 1066 2678 VIII,
1095 2630 1144 2677 4,
1182 2631 1246 2667 ubi
1271 2642 1363 2665 unus
1391 2628 1483 2664 liber

828 2683 1036 2727 α’ῑτέπλεον.
1102 2688 1164 2724 Sic
1191 2686 1256 2732 IV,
1294 2686 1373 2725 157
1402 2684 1482 2721 init.

828 2757 953 2781 omnes
993 2743 1101 2780 codd.
1141 2737 1358 2788 ἐπέπλεον,
1409 2753 1483 2777 uno

828 2801 1010 2837 Sancrosti
1030 2800 1119 2836 libro
1141 2804 1315 2848 excepto,
1351 2798 1388 2833 in
1408 2809 1482 2845 quo

826 2856 959 2906 legitur
971 2852 1168 2896 οἷπέπλων.
1199 2854 1249 2892 At
1259 2867 1342 2892 mox
1357 2864 1483 2891 omnes

963 327 1170 384 Δελφοῦς
1217 330 1316 384 περὶ
1363 333 1452 372 τῶν
1507 337 1782 365 tuntiucoloniam:

1526 377 1663 396 reversus
1685 372 1767 398 aditu

1521 408 1642 429 arm-ut:
1665 404 1767 432 Platea

1520 435 1707 496 {firmabuntur
1735 447 1764 466 a.
