<?xml version="1.0" encoding="UTF-8"?>
<!DOCTYPE html PUBLIC "-//W3C//DTD XHTML 1.0 Transitional//EN"
    "http://www.w3.org/TR/xhtml1/DTD/xhtml1-transitional.dtd">
<html xmlns="http://www.w3.org/1999/xhtml" xml:lang="en" lang="en">
 <head>
  <title>
</title>
<meta http-equiv="Content-Type" content="text/html;charset=utf-8" />
  <meta name='ocr-system' content='tesseract 3.04.00' />
  <meta name='ocr-capabilities' content='ocr_page ocr_carea ocr_par ocr_line ocrx_word'/>
</head>
<body>
  <div class='ocr_page' id='page_1' title='image "./musaeherodoto02hero/musaeherodoto02hero_0355.png"; bbox 0 0 1904 3304; ppageno 0'>
   <div class='ocr_carea' id='block_1_1' title="bbox 475 224 1208 283">
    <p class='ocr_par' dir='ltr' id='par_1_1' title="bbox 475 224 1208 283">
     <span class='ocr_line' id='line_1_1' title="bbox 475 224 1208 283; baseline -0.005 0"><span class='ocrx_word' id='word_1_1' title='bbox 475 224 1208 283; x_wconf 59' lang='lat' dir='ltr'>MELPOMENE.1V.‘</span> 
     </span>
    </p>
   </div>
   <div class='ocr_carea' id='block_1_2' title="bbox 188 356 376 410">
    <p class='ocr_par' dir='ltr' id='par_1_2' title="bbox 188 356 376 410">
     <span class='ocr_line' id='line_1_2' title="bbox 188 356 376 410; baseline -0.016 -11"><span class='ocrx_word' id='word_1_2' title='bbox 188 356 355 410; x_wconf 80' lang='grc' dir='ltr'><em>ἐποίησε</em></span> <span class='ocrx_word' id='word_1_3' title='bbox 367 368 376 377; x_wconf 93' lang='grc'><em>·</em></span> 
     </span>
    </p>
   </div>
   <div class='ocr_carea' id='block_1_3' title="bbox 1374 244 1457 283">
    <p class='ocr_par' dir='ltr' id='par_1_3' title="bbox 1374 244 1457 283">
     <span class='ocr_line' id='line_1_3' title="bbox 1374 244 1457 283; baseline 0 0"><span class='ocrx_word' id='word_1_4' title='bbox 1374 244 1457 283; x_wconf 76' lang='lat'>347</span> 
     </span>
    </p>
   </div>
   <div class='ocr_carea' id='block_1_4' title="bbox 449 349 1513 409">
    <p class='ocr_par' dir='ltr' id='par_1_4' title="bbox 449 349 1513 409">
     <span class='ocr_line' id='line_1_4' title="bbox 449 349 1513 409; baseline -0.005 -13"><span class='ocrx_word' id='word_1_5' title='bbox 449 352 570 408; x_wconf 80' lang='grc' dir='ltr'><em>παροὶ</em></span> <span class='ocrx_word' id='word_1_6' title='bbox 612 353 658 396; x_wconf 77' lang='grc' dir='ltr'>δὲ</span> <span class='ocrx_word' id='word_1_7' title='bbox 700 353 848 408; x_wconf 83' lang='grc' dir='ltr'><em>σφέων</em></span> <span class='ocrx_word' id='word_1_8' title='bbox 893 351 1118 409; x_wconf 79' lang='grc' dir='ltr'><em>μαθόντας</em></span> <span class='ocrx_word' id='word_1_9' title='bbox 1156 349 1371 407; x_wconf 75' lang='grc' dir='ltr'><em>νησιώτας</em></span> <span class='ocrx_word' id='word_1_10' title='bbox 1409 358 1513 394; x_wconf 82' lang='grc' dir='ltr'><strong>τεΙΟ</strong></span> 
     </span>
    </p>
   </div>
   <div class='ocr_carea' id='block_1_5' title="bbox 159 419 1507 767">
    <p class='ocr_par' dir='ltr' id='par_1_5' title="bbox 159 419 1507 767">
     <span class='ocr_line' id='line_1_5' title="bbox 187 419 1455 480; baseline -0.003 -12"><span class='ocrx_word' id='word_1_11' title='bbox 187 425 259 469; x_wconf 87' lang='grc' dir='ltr'>καὶ</span> <span class='ocrx_word' id='word_1_12' title='bbox 283 423 463 476; x_wconf 81' lang='grc' dir='ltr'><em>Ἴωνας,</em></span> <span class='ocrx_word' id='word_1_13' title='bbox 513 422 692 480; x_wconf 78' lang='grc' dir='ltr'><em>ὑμνέειν</em></span> <span class='ocrx_word' id='word_1_14' title='bbox 724 421 858 467; x_wconf 82' lang='grc' dir='ltr'><em>Ὦπίν</em></span> <span class='ocrx_word' id='word_1_15' title='bbox 892 439 936 467; x_wconf 83' lang='grc' dir='ltr'>τε</span> <span class='ocrx_word' id='word_1_16' title='bbox 965 424 1036 467; x_wconf 78' lang='grc' dir='ltr'>καὶ</span> <span class='ocrx_word' id='word_1_17' title='bbox 1063 422 1249 478; x_wconf 65' lang='grc' dir='ltr'><em>Ἄργην,</em></span> <span class='ocrx_word' id='word_1_18' title='bbox 1294 419 1455 477; x_wconf 78' lang='grc' dir='ltr'><em>ὄνομα·</em></span> 
     </span>
     <span class='ocr_line' id='line_1_6' title="bbox 159 490 1457 552; baseline -0.002 -15"><span class='ocrx_word' id='word_1_19' title='bbox 159 494 343 549; x_wconf 82' lang='grc' dir='ltr'><em>3ζοντάς</em></span> <span class='ocrx_word' id='word_1_20' title='bbox 381 511 425 538; x_wconf 84' lang='grc' dir='ltr'>τε</span> <span class='ocrx_word' id='word_1_21' title='bbox 465 496 539 539; x_wconf 82' lang='grc' dir='ltr'>καὶ</span> <span class='ocrx_word' id='word_1_22' title='bbox 579 494 854 552; x_wconf 69' lang='grc' dir='ltr'><em>ἀγείροντας·</em></span> <span class='ocrx_word' id='word_1_23' title='bbox 906 490 1061 550; x_wconf 82' lang='grc' dir='ltr'><em>(οὗτος</em></span> <span class='ocrx_word' id='word_1_24' title='bbox 1091 494 1136 538; x_wconf 80' lang='grc' dir='ltr'>δὲ</span> <span class='ocrx_word' id='word_1_25' title='bbox 1167 492 1191 536; x_wconf 86' lang='grc' dir='ltr'>ὁ</span> <span class='ocrx_word' id='word_1_26' title='bbox 1217 491 1353 549; x_wconf 77' lang='grc' dir='ltr'><em>Ὠλήν</em></span> <span class='ocrx_word' id='word_1_27' title='bbox 1382 493 1457 536; x_wconf 84' lang='grc' dir='ltr'>καὶ</span> 
     </span>
     <span class='ocr_line' id='line_1_7' title="bbox 188 563 1455 622; baseline -0.002 -13"><span class='ocrx_word' id='word_1_28' title='bbox 188 565 290 617; x_wconf 77' lang='grc' dir='ltr'><em>τούς</em></span> <span class='ocrx_word' id='word_1_29' title='bbox 337 565 497 618; x_wconf 78' lang='grc' dir='ltr'><em>ἄλλους</em></span> <span class='ocrx_word' id='word_1_30' title='bbox 544 567 649 619; x_wconf 79' lang='grc' dir='ltr'>τούς</span> <span class='ocrx_word' id='word_1_31' title='bbox 693 564 908 616; x_wconf 76' lang='grc' dir='ltr'><em>παλαιούς</em></span> <span class='ocrx_word' id='word_1_32' title='bbox 953 565 1121 622; x_wconf 80' lang='grc' dir='ltr'><em>ὕμνους</em></span> <span class='ocrx_word' id='word_1_33' title='bbox 1165 565 1358 621; x_wconf 78' lang='grc' dir='ltr'><em>ἐποίησε,</em></span> <span class='ocrx_word' id='word_1_34' title='bbox 1408 563 1455 607; x_wconf 80' lang='grc' dir='ltr'>ἐκ</span> 
     </span>
     <span class='ocr_line' id='line_1_8' title="bbox 188 635 1454 694; baseline -0.002 -14"><span class='ocrx_word' id='word_1_35' title='bbox 188 640 354 694; x_wconf 82' lang='grc' dir='ltr'><strong><em>Λυκίης</em></strong></span> <span class='ocrx_word' id='word_1_36' title='bbox 393 639 557 689; x_wconf 72' lang='grc' dir='ltr'><em>ἐλθών,</em></span> <span class='ocrx_word' id='word_1_37' title='bbox 606 638 710 689; x_wconf 83' lang='grc' dir='ltr'>τούς</span> <span class='ocrx_word' id='word_1_38' title='bbox 749 636 1032 692; x_wconf 77' lang='grc' dir='ltr'><em>ἀειδομένους</em></span> <span class='ocrx_word' id='word_1_39' title='bbox 1071 637 1118 679; x_wconf 76' lang='grc' dir='ltr'><em>ἐν</em></span> <span class='ocrx_word' id='word_1_40' title='bbox 1151 635 1331 692; x_wconf 81' lang='grc' dir='ltr'><em>Δήλῳ·)</em></span> <span class='ocrx_word' id='word_1_41' title='bbox 1381 635 1454 678; x_wconf 81' lang='grc' dir='ltr'>καὶ</span> 
     </span>
     <span class='ocr_line' id='line_1_9' title="bbox 185 707 1507 767; baseline -0.003 -15"><span class='ocrx_word' id='word_1_42' title='bbox 185 713 274 752; x_wconf 75' lang='grc' dir='ltr'><em>τῶν</em></span> <span class='ocrx_word' id='word_1_43' title='bbox 302 712 475 766; x_wconf 78' lang='grc' dir='ltr'><em>μηρίων</em></span> <span class='ocrx_word' id='word_1_44' title='bbox 503 710 849 766; x_wconf 77' lang='grc' dir='ltr'><em>καταγιζομένων</em></span> <span class='ocrx_word' id='word_1_45' title='bbox 879 708 949 752; x_wconf 80' lang='grc' dir='ltr'>ἐπὶ</span> <span class='ocrx_word' id='word_1_46' title='bbox 977 711 1039 766; x_wconf 76' lang='grc' dir='ltr'>τῷ</span> <span class='ocrx_word' id='word_1_47' title='bbox 1068 711 1203 767; x_wconf 76' lang='grc' dir='ltr'><em>βωμῷ</em></span> <span class='ocrx_word' id='word_1_48' title='bbox 1231 707 1312 763; x_wconf 79' lang='grc' dir='ltr'><em>τήν</em></span> <span class='ocrx_word' id='word_1_49' title='bbox 1349 712 1507 750; x_wconf 73' lang='grc' dir='ltr'><em>οπο-15</em></span> 
     </span>
    </p>
   </div>
   <div class='ocr_carea' id='block_1_6' title="bbox 147 808 338 813">
    <p class='ocr_par' dir='ltr' id='par_1_6' title="bbox 147 808 338 813">
     <span class='ocr_line' id='line_1_10' title="bbox 147 808 338 813; baseline 0 0"><span class='ocrx_word' id='word_1_50' title='bbox 147 808 338 813; x_wconf 95' lang='lat' dir='ltr'> </span> 
     </span>
    </p>
   </div>
   <div class='ocr_carea' id='block_1_7' title="bbox 131 847 803 2931">
    <p class='ocr_par' dir='ltr' id='par_1_7' title="bbox 131 847 803 2931">
     <span class='ocr_line' id='line_1_11' title="bbox 132 847 791 899; baseline 0.003 -13"><span class='ocrx_word' id='word_1_51' title='bbox 132 849 238 894; x_wconf 86' lang='lat' dir='ltr'>Quae</span> <span class='ocrx_word' id='word_1_52' title='bbox 259 850 498 888; x_wconf 88' lang='lat' dir='ltr'>Schubartum</span> <span class='ocrx_word' id='word_1_53' title='bbox 520 849 542 886; x_wconf 93' lang='lat' dir='ltr'>l.</span> <span class='ocrx_word' id='word_1_54' title='bbox 565 849 590 888; x_wconf 95' lang='lat' dir='ltr'>l.</span> <span class='ocrx_word' id='word_1_55' title='bbox 622 861 708 899; x_wconf 86' lang='lat' dir='ltr'>pag.</span> <span class='ocrx_word' id='word_1_56' title='bbox 738 847 791 888; x_wconf 86' lang='lat'>59</span> 
     </span>
     <span class='ocr_line' id='line_1_12' title="bbox 132 904 791 954; baseline -0.006 -11"><span class='ocrx_word' id='word_1_57' title='bbox 132 911 345 954; x_wconf 87' lang='lat' dir='ltr'>moverunt,</span> <span class='ocrx_word' id='word_1_58' title='bbox 392 912 430 944; x_wconf 92' lang='lat' dir='ltr'>ut</span> <span class='ocrx_word' id='word_1_59' title='bbox 468 907 577 944; x_wconf 84' lang='lat' dir='ltr'>etiam</span> <span class='ocrx_word' id='word_1_60' title='bbox 606 904 791 942; x_wconf 82' lang='lat' dir='ltr'>Homerici</span> 
     </span>
     <span class='ocr_line' id='line_1_13' title="bbox 131 960 793 1013; baseline 0.002 -13"><span class='ocrx_word' id='word_1_61' title='bbox 131 963 255 1013; x_wconf 80' lang='lat' dir='ltr'>hymni</span> <span class='ocrx_word' id='word_1_62' title='bbox 293 976 419 1001; x_wconf 90' lang='lat' dir='ltr'>versus</span> <span class='ocrx_word' id='word_1_63' title='bbox 458 962 608 1004; x_wconf 78' lang='grc'><strong>146-</strong></span> <span class='ocrx_word' id='word_1_64' title='bbox 631 960 709 1002; x_wconf 81' lang='lat'>164</span> <span class='ocrx_word' id='word_1_65' title='bbox 744 961 793 997; x_wconf 80' lang='lat' dir='ltr'>ad</span> 
     </span>
     <span class='ocr_line' id='line_1_14' title="bbox 133 1018 794 1068; baseline -0.005 -12"><span class='ocrx_word' id='word_1_66' title='bbox 133 1019 260 1056; x_wconf 86' lang='lat' dir='ltr'>Olenis</span> <span class='ocrx_word' id='word_1_67' title='bbox 286 1021 362 1057; x_wconf 90' lang='lat' dir='ltr'>sive</span> <span class='ocrx_word' id='word_1_68' title='bbox 384 1020 473 1056; x_wconf 90' lang='lat' dir='ltr'>alius</span> <span class='ocrx_word' id='word_1_69' title='bbox 495 1018 681 1055; x_wconf 85' lang='lat' dir='ltr'>cuiusdam</span> <span class='ocrx_word' id='word_1_70' title='bbox 703 1031 794 1068; x_wconf 86' lang='lat' dir='ltr'>poe-</span> 
     </span>
     <span class='ocr_line' id='line_1_15' title="bbox 132 1074 792 1125; baseline -0.003 -13"><span class='ocrx_word' id='word_1_71' title='bbox 132 1080 192 1113; x_wconf 87' lang='lat' dir='ltr'>tae</span> <span class='ocrx_word' id='word_1_72' title='bbox 210 1076 451 1125; x_wconf 79' lang='lat' dir='ltr'>antiquissimi</span> <span class='ocrx_word' id='word_1_73' title='bbox 474 1088 619 1112; x_wconf 88' lang='lat' dir='ltr'>carmen</span> <span class='ocrx_word' id='word_1_74' title='bbox 642 1076 688 1111; x_wconf 89' lang='lat' dir='ltr'>de</span> <span class='ocrx_word' id='word_1_75' title='bbox 709 1074 792 1123; x_wconf 81' lang='lat' dir='ltr'>Hy-</span> 
     </span>
     <span class='ocr_line' id='line_1_16' title="bbox 133 1131 792 1182; baseline -0.003 -14"><span class='ocrx_word' id='word_1_76' title='bbox 133 1133 318 1182; x_wconf 86' lang='lat' dir='ltr'>perboreis</span> <span class='ocrx_word' id='word_1_77' title='bbox 334 1133 472 1170; x_wconf 85' lang='lat' dir='ltr'>referre</span> <span class='ocrx_word' id='word_1_78' title='bbox 484 1132 604 1169; x_wconf 89' lang='lat' dir='ltr'>vellet.</span> <span class='ocrx_word' id='word_1_79' title='bbox 632 1131 690 1168; x_wconf 86' lang='lat' dir='ltr'>De</span> <span class='ocrx_word' id='word_1_80' title='bbox 711 1131 792 1180; x_wconf 87' lang='lat' dir='ltr'>ipso</span> 
     </span>
     <span class='ocr_line' id='line_1_17' title="bbox 136 1186 793 1239; baseline -0.003 -14"><span class='ocrx_word' id='word_1_81' title='bbox 136 1189 244 1225; x_wconf 77' lang='lat' dir='ltr'>Olene</span> <span class='ocrx_word' id='word_1_82' title='bbox 262 1194 407 1239; x_wconf 88' lang='lat' dir='ltr'>praeter</span> <span class='ocrx_word' id='word_1_83' title='bbox 422 1189 520 1225; x_wconf 85' lang='lat' dir='ltr'>locos</span> <span class='ocrx_word' id='word_1_84' title='bbox 539 1188 561 1225; x_wconf 91' lang='lat' dir='ltr'>l.</span> <span class='ocrx_word' id='word_1_85' title='bbox 578 1188 673 1224; x_wconf 87' lang='lat' dir='ltr'>conf.</span> <span class='ocrx_word' id='word_1_86' title='bbox 695 1186 793 1224; x_wconf 84' lang='lat' dir='ltr'>Pau-</span> 
     </span>
     <span class='ocr_line' id='line_1_18' title="bbox 135 1242 794 1296; baseline -0.005 -15"><span class='ocrx_word' id='word_1_87' title='bbox 135 1258 210 1281; x_wconf 87' lang='lat' dir='ltr'>san.</span> <span class='ocrx_word' id='word_1_88' title='bbox 231 1246 277 1291; x_wconf 68' lang='grc' dir='ltr'>Υ,</span> <span class='ocrx_word' id='word_1_89' title='bbox 299 1248 323 1284; x_wconf 88' lang='grc'>7</span> <span class='ocrx_word' id='word_1_90' title='bbox 346 1244 383 1296; x_wconf 77' lang='lat'>§.</span> <span class='ocrx_word' id='word_1_91' title='bbox 401 1245 437 1286; x_wconf 78' lang='grc'>4.</span> <span class='ocrx_word' id='word_1_92' title='bbox 469 1244 515 1291; x_wconf 91' lang='lat' dir='ltr'>ll,</span> <span class='ocrx_word' id='word_1_93' title='bbox 540 1246 591 1285; x_wconf 86' lang='lat'>13</span> <span class='ocrx_word' id='word_1_94' title='bbox 613 1243 647 1294; x_wconf 54' lang='grc' dir='ltr'>ᾗ.</span> <span class='ocrx_word' id='word_1_95' title='bbox 669 1245 694 1284; x_wconf 82' lang='grc'><strong>3</strong></span> <span class='ocrx_word' id='word_1_96' title='bbox 713 1242 794 1279; x_wconf 88' lang='lat' dir='ltr'>coll.</span> 
     </span>
     <span class='ocr_line' id='line_1_19' title="bbox 135 1300 795 1352; baseline -0.005 -14"><span class='ocrx_word' id='word_1_97' title='bbox 135 1301 236 1347; x_wconf 85' lang='lat' dir='ltr'>Vlll,</span> <span class='ocrx_word' id='word_1_98' title='bbox 263 1304 312 1341; x_wconf 78' lang='lat'>21</span> <span class='ocrx_word' id='word_1_99' title='bbox 341 1301 377 1352; x_wconf 53' lang='grc' dir='ltr'>ᾗ,</span> <span class='ocrx_word' id='word_1_100' title='bbox 400 1304 425 1341; x_wconf 75' lang='lat'>2</span> <span class='ocrx_word' id='word_1_101' title='bbox 453 1307 489 1338; x_wconf 86' lang='lat' dir='ltr'>et</span> <span class='ocrx_word' id='word_1_102' title='bbox 522 1314 616 1350; x_wconf 90' lang='lat' dir='ltr'>quae</span> <span class='ocrx_word' id='word_1_103' title='bbox 643 1300 713 1336; x_wconf 87' lang='lat' dir='ltr'>alia</span> <span class='ocrx_word' id='word_1_104' title='bbox 737 1312 795 1336; x_wconf 87' lang='lat' dir='ltr'>re-</span> 
     </span>
     <span class='ocr_line' id='line_1_20' title="bbox 137 1356 794 1408; baseline -0.005 -13"><span class='ocrx_word' id='word_1_105' title='bbox 137 1359 334 1395; x_wconf 83' lang='lat' dir='ltr'>centiorum</span> <span class='ocrx_word' id='word_1_106' title='bbox 364 1359 499 1408; x_wconf 88' lang='lat' dir='ltr'>scripta</span> <span class='ocrx_word' id='word_1_107' title='bbox 526 1359 572 1394; x_wconf 94' lang='lat' dir='ltr'>de</span> <span class='ocrx_word' id='word_1_108' title='bbox 593 1356 712 1393; x_wconf 86' lang='lat' dir='ltr'>Olene</span> <span class='ocrx_word' id='word_1_109' title='bbox 734 1369 794 1393; x_wconf 79' lang='lat' dir='ltr'>ex-</span> 
     </span>
     <span class='ocr_line' id='line_1_21' title="bbox 137 1413 794 1465; baseline -0.003 -14"><span class='ocrx_word' id='word_1_110' title='bbox 137 1415 223 1451; x_wconf 88' lang='lat' dir='ltr'>citat</span> <span class='ocrx_word' id='word_1_111' title='bbox 241 1415 432 1451; x_wconf 84' lang='lat' dir='ltr'>Schubart.</span> <span class='ocrx_word' id='word_1_112' title='bbox 461 1427 547 1465; x_wconf 91' lang='lat' dir='ltr'>pag.</span> <span class='ocrx_word' id='word_1_113' title='bbox 573 1413 625 1454; x_wconf 85' lang='lat'>59</span> <span class='ocrx_word' id='word_1_114' title='bbox 652 1413 688 1449; x_wconf 91' lang='lat' dir='ltr'>in</span> <span class='ocrx_word' id='word_1_115' title='bbox 716 1417 794 1449; x_wconf 89' lang='lat' dir='ltr'>not.</span> 
     </span>
     <span class='ocr_line' id='line_1_22' title="bbox 138 1468 794 1519; baseline -0.005 -12"><span class='ocrx_word' id='word_1_116' title='bbox 138 1470 250 1507; x_wconf 87' lang='lat' dir='ltr'><strong>Unde</strong></span> <span class='ocrx_word' id='word_1_117' title='bbox 271 1470 472 1519; x_wconf 84' lang='lat' dir='ltr'>colligitur,</span> <span class='ocrx_word' id='word_1_118' title='bbox 504 1471 658 1507; x_wconf 90' lang='lat' dir='ltr'>Olenem</span> <span class='ocrx_word' id='word_1_119' title='bbox 680 1470 715 1505; x_wconf 90' lang='lat' dir='ltr'>in</span> <span class='ocrx_word' id='word_1_120' title='bbox 734 1468 794 1505; x_wconf 89' lang='lat' dir='ltr'>Ili-</span> 
     </span>
     <span class='ocr_line' id='line_1_23' title="bbox 135 1525 796 1575; baseline -0.002 -14"><span class='ocrx_word' id='word_1_121' title='bbox 135 1526 257 1573; x_wconf 77' lang='lat' dir='ltr'>thyiae</span> <span class='ocrx_word' id='word_1_122' title='bbox 279 1527 466 1573; x_wconf 89' lang='lat' dir='ltr'>honorem,</span> <span class='ocrx_word' id='word_1_123' title='bbox 486 1539 581 1575; x_wconf 83' lang='lat' dir='ltr'>quae</span> <span class='ocrx_word' id='word_1_124' title='bbox 600 1525 796 1571; x_wconf 77' lang='lat' dir='ltr'>Latonam,</span> 
     </span>
     <span class='ocr_line' id='line_1_24' title="bbox 136 1581 796 1632; baseline -0.002 -14"><span class='ocrx_word' id='word_1_125' title='bbox 136 1582 222 1618; x_wconf 91' lang='lat' dir='ltr'>dum</span> <span class='ocrx_word' id='word_1_126' title='bbox 241 1581 444 1632; x_wconf 78' lang='lat' dir='ltr'>Apollinem</span> <span class='ocrx_word' id='word_1_127' title='bbox 462 1583 692 1630; x_wconf 85' lang='lat' dir='ltr'>Dianamque</span> <span class='ocrx_word' id='word_1_128' title='bbox 711 1594 796 1631; x_wconf 88' lang='lat' dir='ltr'>par·</span> 
     </span>
     <span class='ocr_line' id='line_1_25' title="bbox 135 1639 796 1687; baseline -0.002 -12"><span class='ocrx_word' id='word_1_129' title='bbox 135 1639 284 1685; x_wconf 85' lang='lat' dir='ltr'>turiret,</span> <span class='ocrx_word' id='word_1_130' title='bbox 315 1639 516 1685; x_wconf 72' lang='lat' dir='ltr'>adiuvarst,</span> <span class='ocrx_word' id='word_1_131' title='bbox 559 1651 704 1675; x_wconf 87' lang='lat' dir='ltr'>carmen</span> <span class='ocrx_word' id='word_1_132' title='bbox 731 1651 796 1687; x_wconf 87' lang='lat' dir='ltr'>pe-</span> 
     </span>
     <span class='ocr_line' id='line_1_26' title="bbox 135 1694 793 1745; baseline 0 -15"><span class='ocrx_word' id='word_1_133' title='bbox 135 1695 271 1745; x_wconf 84' lang='lat' dir='ltr'>pigisse</span> <span class='ocrx_word' id='word_1_134' title='bbox 288 1696 437 1744; x_wconf 89' lang='lat' dir='ltr'>iureque</span> <span class='ocrx_word' id='word_1_135' title='bbox 454 1696 540 1733; x_wconf 89' lang='lat' dir='ltr'>ferri</span> <span class='ocrx_word' id='word_1_136' title='bbox 552 1694 709 1731; x_wconf 92' lang='lat' dir='ltr'>omnium</span> <span class='ocrx_word' id='word_1_137' title='bbox 727 1706 793 1730; x_wconf 89' lang='lat' dir='ltr'>an-</span> 
     </span>
     <span class='ocr_line' id='line_1_27' title="bbox 136 1751 793 1801; baseline -0.002 -14"><span class='ocrx_word' id='word_1_138' title='bbox 136 1751 377 1800; x_wconf 79' lang='lat' dir='ltr'>tiquissimum</span> <span class='ocrx_word' id='word_1_139' title='bbox 411 1752 591 1789; x_wconf 83' lang='lat' dir='ltr'>Graeciae</span> <span class='ocrx_word' id='word_1_140' title='bbox 632 1755 793 1801; x_wconf 88' lang='lat' dir='ltr'>poetam,</span> 
     </span>
     <span class='ocr_line' id='line_1_28' title="bbox 138 1808 795 1857; baseline -0.003 -13"><span class='ocrx_word' id='word_1_141' title='bbox 138 1808 201 1857; x_wconf 88' lang='lat' dir='ltr'>qui</span> <span class='ocrx_word' id='word_1_142' title='bbox 247 1821 326 1845; x_wconf 93' lang='lat' dir='ltr'>cum</span> <span class='ocrx_word' id='word_1_143' title='bbox 358 1808 497 1845; x_wconf 89' lang='lat' dir='ltr'>Phoebi</span> <span class='ocrx_word' id='word_1_144' title='bbox 527 1809 666 1845; x_wconf 88' lang='lat' dir='ltr'>dicatur</span> <span class='ocrx_word' id='word_1_145' title='bbox 695 1808 795 1856; x_wconf 85' lang='lat' dir='ltr'>prin-</span> 
     </span>
     <span class='ocr_line' id='line_1_29' title="bbox 138 1865 794 1915; baseline -0.002 -15"><span class='ocrx_word' id='word_1_146' title='bbox 138 1877 226 1913; x_wconf 87' lang='lat' dir='ltr'>ceps</span> <span class='ocrx_word' id='word_1_147' title='bbox 247 1865 426 1914; x_wconf 84' lang='lat' dir='ltr'>propheta</span> <span class='ocrx_word' id='word_1_148' title='bbox 442 1893 452 1911; x_wconf 90' lang='lat'>‚</span> <span class='ocrx_word' id='word_1_149' title='bbox 490 1865 626 1915; x_wconf 79' lang='lat' dir='ltr'>primus</span> <span class='ocrx_word' id='word_1_150' title='bbox 646 1865 794 1900; x_wconf 90' lang='lat' dir='ltr'>omnino</span> 
     </span>
     <span class='ocr_line' id='line_1_30' title="bbox 137 1920 794 1970; baseline -0.002 -13"><span class='ocrx_word' id='word_1_151' title='bbox 137 1921 250 1957; x_wconf 83' lang='lat' dir='ltr'>fuisse</span> <span class='ocrx_word' id='word_1_152' title='bbox 268 1921 456 1967; x_wconf 86' lang='lat' dir='ltr'>videatur,</span> <span class='ocrx_word' id='word_1_153' title='bbox 494 1921 554 1970; x_wconf 91' lang='lat' dir='ltr'>qui</span> <span class='ocrx_word' id='word_1_154' title='bbox 581 1920 698 1970; x_wconf 87' lang='lat' dir='ltr'>prisco</span> <span class='ocrx_word' id='word_1_155' title='bbox 729 1921 794 1956; x_wconf 91' lang='lat' dir='ltr'>ad-</span> 
     </span>
     <span class='ocr_line' id='line_1_31' title="bbox 139 1976 795 2026; baseline -0.002 -13"><span class='ocrx_word' id='word_1_156' title='bbox 139 1977 285 2013; x_wconf 84' lang='lat' dir='ltr'>modum</span> <span class='ocrx_word' id='word_1_157' title='bbox 313 1990 402 2014; x_wconf 78' lang='lat' dir='ltr'>aevo</span> <span class='ocrx_word' id='word_1_158' title='bbox 430 1977 604 2026; x_wconf 80' lang='lat' dir='ltr'>Apollinis</span> <span class='ocrx_word' id='word_1_159' title='bbox 640 1989 667 2015; x_wconf 78' lang='lat' dir='ltr'>S.</span> <span class='ocrx_word' id='word_1_160' title='bbox 697 1976 795 2012; x_wconf 89' lang='lat' dir='ltr'>Solis</span> 
     </span>
     <span class='ocr_line' id='line_1_32' title="bbox 141 2032 795 2082; baseline -0.002 -13"><span class='ocrx_word' id='word_1_161' title='bbox 141 2044 242 2069; x_wconf 80' lang='lat' dir='ltr'>sacra</span> <span class='ocrx_word' id='word_1_162' title='bbox 274 2046 293 2069; x_wconf 90' lang='lat' dir='ltr'>e</span> <span class='ocrx_word' id='word_1_163' title='bbox 322 2034 532 2082; x_wconf 86' lang='lat' dir='ltr'>regionibus</span> <span class='ocrx_word' id='word_1_164' title='bbox 561 2032 795 2070; x_wconf 84' lang='lat' dir='ltr'>orientalibus</span> 
     </span>
     <span class='ocr_line' id='line_1_33' title="bbox 141 2089 798 2126; baseline 0 -1"><span class='ocrx_word' id='word_1_165' title='bbox 141 2090 216 2125; x_wconf 81' lang='lat' dir='ltr'>sive</span> <span class='ocrx_word' id='word_1_166' title='bbox 240 2089 443 2126; x_wconf 77' lang='lat' dir='ltr'>borealibus</span> <span class='ocrx_word' id='word_1_167' title='bbox 470 2090 505 2125; x_wconf 91' lang='lat' dir='ltr'>in</span> <span class='ocrx_word' id='word_1_168' title='bbox 527 2090 718 2126; x_wconf 82' lang='lat' dir='ltr'>Graeciam</span> <span class='ocrx_word' id='word_1_169' title='bbox 742 2090 798 2125; x_wconf 90' lang='lat' dir='ltr'>in-</span> 
     </span>
     <span class='ocr_line' id='line_1_34' title="bbox 140 2145 796 2195; baseline 0 -14"><span class='ocrx_word' id='word_1_170' title='bbox 140 2145 283 2191; x_wconf 80' lang='lat' dir='ltr'>tulerit,</span> <span class='ocrx_word' id='word_1_171' title='bbox 320 2147 487 2194; x_wconf 84' lang='lat' dir='ltr'>adeoque</span> <span class='ocrx_word' id='word_1_172' title='bbox 516 2147 595 2195; x_wconf 88' lang='lat' dir='ltr'>ipse</span> <span class='ocrx_word' id='word_1_173' title='bbox 626 2146 796 2182; x_wconf 87' lang='lat' dir='ltr'>sacerdos</span> 
     </span>
     <span class='ocr_line' id='line_1_35' title="bbox 140 2202 796 2250; baseline -0.005 -12"><span class='ocrx_word' id='word_1_174' title='bbox 140 2215 220 2238; x_wconf 93' lang='lat' dir='ltr'>cum</span> <span class='ocrx_word' id='word_1_175' title='bbox 237 2204 393 2250; x_wconf 86' lang='lat' dir='ltr'>quadam</span> <span class='ocrx_word' id='word_1_176' title='bbox 417 2202 556 2239; x_wconf 88' lang='lat' dir='ltr'>colonia</span> <span class='ocrx_word' id='word_1_177' title='bbox 576 2216 603 2238; x_wconf 75' lang='lat' dir='ltr'>s,</span> <span class='ocrx_word' id='word_1_178' title='bbox 624 2202 718 2238; x_wconf 85' lang='lat' dir='ltr'>tribu</span> <span class='ocrx_word' id='word_1_179' title='bbox 740 2215 796 2237; x_wconf 75' lang='lat' dir='ltr'>sa-</span> 
     </span>
     <span class='ocr_line' id='line_1_36' title="bbox 140 2258 798 2301; baseline -0.003 -6"><span class='ocrx_word' id='word_1_180' title='bbox 140 2258 315 2295; x_wconf 86' lang='lat' dir='ltr'>cerdotali</span> <span class='ocrx_word' id='word_1_181' title='bbox 338 2259 531 2296; x_wconf 86' lang='lat' dir='ltr'>Graeciam</span> <span class='ocrx_word' id='word_1_182' title='bbox 551 2259 696 2295; x_wconf 84' lang='lat' dir='ltr'>adierit.</span> <span class='ocrx_word' id='word_1_183' title='bbox 726 2258 798 2301; x_wconf 89' lang='lat' dir='ltr'>Qui</span> 
     </span>
     <span class='ocr_line' id='line_1_37' title="bbox 141 2315 798 2366; baseline -0.002 -15"><span class='ocrx_word' id='word_1_184' title='bbox 141 2315 236 2352; x_wconf 86' lang='lat' dir='ltr'>idem</span> <span class='ocrx_word' id='word_1_185' title='bbox 267 2317 366 2363; x_wconf 85' lang='lat' dir='ltr'>quod</span> <span class='ocrx_word' id='word_1_186' title='bbox 383 2315 522 2366; x_wconf 70' lang='lat' dir='ltr'>Lycius</span> <span class='ocrx_word' id='word_1_187' title='bbox 551 2320 720 2359; x_wconf 84' lang='lat' dir='ltr'>vocatur,</span> <span class='ocrx_word' id='word_1_188' title='bbox 760 2315 798 2351; x_wconf 90' lang='lat' dir='ltr'>id</span> 
     </span>
     <span class='ocr_line' id='line_1_38' title="bbox 142 2371 799 2419; baseline 0 -12"><span class='ocrx_word' id='word_1_189' title='bbox 142 2371 360 2409; x_wconf 87' lang='lat' dir='ltr'>documento</span> <span class='ocrx_word' id='word_1_190' title='bbox 384 2385 464 2410; x_wconf 91' lang='lat' dir='ltr'>esse</span> <span class='ocrx_word' id='word_1_191' title='bbox 488 2372 651 2417; x_wconf 70' lang='lat' dir='ltr'>videtur,</span> <span class='ocrx_word' id='word_1_192' title='bbox 682 2384 701 2408; x_wconf 86' lang='lat' dir='ltr'>e</span> <span class='ocrx_word' id='word_1_193' title='bbox 723 2371 799 2419; x_wconf 76' lang='lat' dir='ltr'>Ly-</span> 
     </span>
     <span class='ocr_line' id='line_1_39' title="bbox 143 2428 799 2466; baseline -0.002 -2"><span class='ocrx_word' id='word_1_194' title='bbox 143 2428 197 2464; x_wconf 90' lang='lat' dir='ltr'>cia</span> <span class='ocrx_word' id='word_1_195' title='bbox 218 2428 308 2466; x_wconf 90' lang='lat' dir='ltr'>haec</span> <span class='ocrx_word' id='word_1_196' title='bbox 337 2441 439 2465; x_wconf 85' lang='lat' dir='ltr'>sacra</span> <span class='ocrx_word' id='word_1_197' title='bbox 464 2429 499 2465; x_wconf 90' lang='lat' dir='ltr'>in</span> <span class='ocrx_word' id='word_1_198' title='bbox 521 2429 712 2465; x_wconf 79' lang='lat' dir='ltr'>Graeciam</span> <span class='ocrx_word' id='word_1_199' title='bbox 745 2428 799 2463; x_wconf 87' lang='lat' dir='ltr'>iu-</span> 
     </span>
     <span class='ocr_line' id='line_1_40' title="bbox 145 2485 797 2535; baseline 0.002 -16"><span class='ocrx_word' id='word_1_200' title='bbox 145 2485 310 2522; x_wconf 87' lang='lat' dir='ltr'>troducta</span> <span class='ocrx_word' id='word_1_201' title='bbox 344 2499 444 2531; x_wconf 74' lang='lat' dir='ltr'>esse,</span> <span class='ocrx_word' id='word_1_202' title='bbox 484 2486 621 2535; x_wconf 89' lang='lat' dir='ltr'>quippe</span> <span class='ocrx_word' id='word_1_203' title='bbox 655 2485 726 2533; x_wconf 70' lang='lat' dir='ltr'>qua</span> <span class='ocrx_word' id='word_1_204' title='bbox 762 2485 797 2520; x_wconf 91' lang='lat' dir='ltr'>in</span> 
     </span>
     <span class='ocr_line' id='line_1_41' title="bbox 145 2541 798 2591; baseline 0.005 -16"><span class='ocrx_word' id='word_1_205' title='bbox 145 2541 240 2576; x_wconf 75' lang='lat' dir='ltr'>terra</span> <span class='ocrx_word' id='word_1_206' title='bbox 266 2542 463 2591; x_wconf 84' lang='lat' dir='ltr'>antiquitus</span> <span class='ocrx_word' id='word_1_207' title='bbox 497 2542 664 2579; x_wconf 79' lang='lat' dir='ltr'>floruisse</span> <span class='ocrx_word' id='word_1_208' title='bbox 695 2554 798 2578; x_wconf 90' lang='lat' dir='ltr'>acce-</span> 
     </span>
     <span class='ocr_line' id='line_1_42' title="bbox 146 2596 799 2648; baseline 0.002 -16"><span class='ocrx_word' id='word_1_209' title='bbox 146 2596 263 2645; x_wconf 89' lang='lat' dir='ltr'>pimus</span> <span class='ocrx_word' id='word_1_210' title='bbox 287 2599 470 2648; x_wconf 86' lang='lat' dir='ltr'>puriorem</span> <span class='ocrx_word' id='word_1_211' title='bbox 493 2599 674 2648; x_wconf 84' lang='lat' dir='ltr'>quendam</span> <span class='ocrx_word' id='word_1_212' title='bbox 688 2597 799 2647; x_wconf 86' lang='lat' dir='ltr'>Apol-</span> 
     </span>
     <span class='ocr_line' id='line_1_43' title="bbox 147 2651 800 2693; baseline 0.005 -6"><span class='ocrx_word' id='word_1_213' title='bbox 147 2651 225 2689; x_wconf 87' lang='lat' dir='ltr'>linis</span> <span class='ocrx_word' id='word_1_214' title='bbox 260 2660 295 2691; x_wconf 83' lang='lat' dir='ltr'>et</span> <span class='ocrx_word' id='word_1_215' title='bbox 328 2655 472 2693; x_wconf 90' lang='lat' dir='ltr'>Dianae</span> <span class='ocrx_word' id='word_1_216' title='bbox 512 2656 589 2692; x_wconf 86' lang='lat' dir='ltr'>sive</span> <span class='ocrx_word' id='word_1_217' title='bbox 626 2654 800 2691; x_wconf 89' lang='lat' dir='ltr'>luminum</span> 
     </span>
     <span class='ocr_line' id='line_1_44' title="bbox 147 2709 802 2758; baseline 0.003 -13"><span class='ocrx_word' id='word_1_218' title='bbox 147 2709 364 2758; x_wconf 85' lang='lat' dir='ltr'>coelestium,</span> <span class='ocrx_word' id='word_1_219' title='bbox 387 2711 484 2748; x_wconf 89' lang='lat' dir='ltr'>Solis</span> <span class='ocrx_word' id='word_1_220' title='bbox 504 2716 539 2749; x_wconf 86' lang='lat' dir='ltr'>et</span> <span class='ocrx_word' id='word_1_221' title='bbox 560 2711 702 2758; x_wconf 89' lang='lat' dir='ltr'>Lunae,</span> <span class='ocrx_word' id='word_1_222' title='bbox 728 2711 802 2747; x_wconf 89' lang='lat' dir='ltr'>cul-</span> 
     </span>
     <span class='ocr_line' id='line_1_45' title="bbox 146 2768 802 2818; baseline 0.003 -17"><span class='ocrx_word' id='word_1_223' title='bbox 146 2770 242 2812; x_wconf 90' lang='lat' dir='ltr'>tum,</span> <span class='ocrx_word' id='word_1_224' title='bbox 273 2779 381 2816; x_wconf 89' lang='lat' dir='ltr'>quem</span> <span class='ocrx_word' id='word_1_225' title='bbox 401 2781 444 2805; x_wconf 83' lang='lat' dir='ltr'>ex</span> <span class='ocrx_word' id='word_1_226' title='bbox 459 2768 586 2805; x_wconf 86' lang='lat' dir='ltr'>iisdem</span> <span class='ocrx_word' id='word_1_227' title='bbox 607 2768 802 2818; x_wconf 91' lang='lat' dir='ltr'>superioris</span> 
     </span>
     <span class='ocr_line' id='line_1_46' title="bbox 147 2820 802 2873; baseline 0.008 -17"><span class='ocrx_word' id='word_1_228' title='bbox 147 2820 255 2861; x_wconf 85' lang='lat' dir='ltr'>Asiae</span> <span class='ocrx_word' id='word_1_229' title='bbox 273 2825 377 2861; x_wconf 90' lang='lat' dir='ltr'>terris</span> <span class='ocrx_word' id='word_1_230' title='bbox 396 2824 724 2873; x_wconf 83' lang='lat' dir='ltr'>religionibusque,</span> <span class='ocrx_word' id='word_1_231' title='bbox 754 2825 802 2861; x_wconf 90' lang='lat' dir='ltr'>ad</span> 
     </span>
     <span class='ocr_line' id='line_1_47' title="bbox 147 2879 803 2931; baseline 0.006 -17"><span class='ocrx_word' id='word_1_232' title='bbox 147 2890 236 2927; x_wconf 85' lang='lat' dir='ltr'>quas</span> <span class='ocrx_word' id='word_1_233' title='bbox 256 2879 488 2931; x_wconf 83' lang='lat' dir='ltr'>Hyperborei</span> <span class='ocrx_word' id='word_1_234' title='bbox 516 2894 715 2931; x_wconf 88' lang='lat' dir='ltr'>eorumque</span> <span class='ocrx_word' id='word_1_235' title='bbox 745 2893 803 2918; x_wconf 83' lang='lat' dir='ltr'>sa-</span> 
     </span>
    </p>
   </div>
   <div class='ocr_carea' id='block_1_8' title="bbox 849 845 1521 2930">
    <p class='ocr_par' dir='ltr' id='par_1_8' title="bbox 849 845 1514 1235">
     <span class='ocr_line' id='line_1_48' title="bbox 850 845 1511 896; baseline -0.005 -11"><span class='ocrx_word' id='word_1_236' title='bbox 850 859 912 885; x_wconf 89' lang='lat' dir='ltr'>cra</span> <span class='ocrx_word' id='word_1_237' title='bbox 938 846 1046 896; x_wconf 86' lang='lat' dir='ltr'>vulgo</span> <span class='ocrx_word' id='word_1_238' title='bbox 1063 846 1296 896; x_wconf 88' lang='lat' dir='ltr'>relegantur,</span> <span class='ocrx_word' id='word_1_239' title='bbox 1324 845 1408 883; x_wconf 90' lang='lat' dir='ltr'>illuc</span> <span class='ocrx_word' id='word_1_240' title='bbox 1426 859 1511 896; x_wconf 91' lang='lat' dir='ltr'>per-</span> 
     </span>
     <span class='ocr_line' id='line_1_49' title="bbox 849 902 1510 954; baseline -0.002 -15"><span class='ocrx_word' id='word_1_241' title='bbox 849 905 993 941; x_wconf 88' lang='lat' dir='ltr'>venisse</span> <span class='ocrx_word' id='word_1_242' title='bbox 1016 904 1222 954; x_wconf 87' lang='lat' dir='ltr'>suspiceris,</span> <span class='ocrx_word' id='word_1_243' title='bbox 1253 903 1304 939; x_wconf 89' lang='lat' dir='ltr'>ita</span> <span class='ocrx_word' id='word_1_244' title='bbox 1325 906 1363 941; x_wconf 76' lang='lat' dir='ltr'>ut</span> <span class='ocrx_word' id='word_1_245' title='bbox 1383 902 1510 939; x_wconf 90' lang='lat' dir='ltr'>Olenis</span> 
     </span>
     <span class='ocr_line' id='line_1_50' title="bbox 849 959 1513 1010; baseline -0.003 -14"><span class='ocrx_word' id='word_1_246' title='bbox 849 959 962 1010; x_wconf 65' lang='lat' dir='ltr'>Lycia·</span> <span class='ocrx_word' id='word_1_247' title='bbox 989 959 1289 997; x_wconf 89' lang='lat' dir='ltr'>commemoratio</span> <span class='ocrx_word' id='word_1_248' title='bbox 1307 959 1345 996; x_wconf 88' lang='lat' dir='ltr'>in</span> <span class='ocrx_word' id='word_1_249' title='bbox 1364 959 1513 1008; x_wconf 87' lang='lat' dir='ltr'>Hyper-</span> 
     </span>
     <span class='ocr_line' id='line_1_51' title="bbox 849 1015 1513 1054; baseline -0.002 -1"><span class='ocrx_word' id='word_1_250' title='bbox 849 1018 1044 1054; x_wconf 87' lang='lat' dir='ltr'>boreorum</span> <span class='ocrx_word' id='word_1_251' title='bbox 1074 1017 1184 1053; x_wconf 87' lang='lat' dir='ltr'>sacris</span> <span class='ocrx_word' id='word_1_252' title='bbox 1215 1015 1303 1052; x_wconf 89' lang='lat' dir='ltr'>nihil</span> <span class='ocrx_word' id='word_1_253' title='bbox 1327 1020 1424 1052; x_wconf 87' lang='lat' dir='ltr'>certe</span> <span class='ocrx_word' id='word_1_254' title='bbox 1447 1015 1513 1052; x_wconf 83' lang='lat' dir='ltr'>ha-</span> 
     </span>
     <span class='ocr_line' id='line_1_52' title="bbox 851 1071 1514 1122; baseline -0.002 -14"><span class='ocrx_word' id='word_1_255' title='bbox 851 1074 955 1120; x_wconf 85' lang='lat' dir='ltr'>beat,</span> <span class='ocrx_word' id='word_1_256' title='bbox 986 1073 1085 1122; x_wconf 91' lang='lat' dir='ltr'>quod</span> <span class='ocrx_word' id='word_1_257' title='bbox 1108 1072 1284 1110; x_wconf 86' lang='lat' dir='ltr'>offendat.</span> <span class='ocrx_word' id='word_1_258' title='bbox 1331 1071 1514 1122; x_wconf 87' lang='lat' dir='ltr'>Exposuit</span> 
     </span>
     <span class='ocr_line' id='line_1_53' title="bbox 850 1129 1511 1179; baseline 0.002 -13"><span class='ocrx_word' id='word_1_259' title='bbox 850 1131 1023 1168; x_wconf 88' lang='lat' dir='ltr'>Creuzer.</span> <span class='ocrx_word' id='word_1_260' title='bbox 1053 1129 1218 1179; x_wconf 91' lang='lat' dir='ltr'>Symbol.</span> <span class='ocrx_word' id='word_1_261' title='bbox 1252 1129 1283 1165; x_wconf 86' lang='grc' dir='ltr'>ΙΙ</span> <span class='ocrx_word' id='word_1_262' title='bbox 1310 1141 1397 1178; x_wconf 86' lang='lat' dir='ltr'>pag.</span> <span class='ocrx_word' id='word_1_263' title='bbox 1432 1129 1511 1169; x_wconf 88' lang='lat'>116</span> 
     </span>
     <span class='ocr_line' id='line_1_54' title="bbox 850 1187 1349 1235; baseline 0.004 -13"><span class='ocrx_word' id='word_1_264' title='bbox 850 1199 927 1235; x_wconf 89' lang='lat' dir='ltr'>seq.</span> <span class='ocrx_word' id='word_1_265' title='bbox 948 1188 1027 1226; x_wconf 81' lang='lat'>130</span> <span class='ocrx_word' id='word_1_266' title='bbox 1046 1199 1122 1235; x_wconf 88' lang='lat' dir='ltr'>seq.</span> <span class='ocrx_word' id='word_1_267' title='bbox 1144 1187 1223 1226; x_wconf 83' lang='lat'>136</span> <span class='ocrx_word' id='word_1_268' title='bbox 1245 1198 1349 1234; x_wconf 85' lang='lat' dir='ltr'>seqq.</span> 
     </span>
    </p>

    <p class='ocr_par' dir='ltr' id='par_1_9' title="bbox 851 1236 1517 1630">
     <span class='ocr_line' id='line_1_55' title="bbox 910 1236 1512 1293; baseline -0.005 -13"><span class='ocrx_word' id='word_1_269' title='bbox 910 1236 1029 1288; x_wconf 76' lang='grc' dir='ltr'><em>οὗτος</em></span> <span class='ocrx_word' id='word_1_270' title='bbox 1057 1240 1100 1280; x_wconf 77' lang='grc' dir='ltr'>δὲ</span> <span class='ocrx_word' id='word_1_271' title='bbox 1135 1240 1158 1280; x_wconf 79' lang='lat' dir='ltr'>o‘</span> <span class='ocrx_word' id='word_1_272' title='bbox 1190 1237 1328 1293; x_wconf 74' lang='grc' dir='ltr'><em>Ὠλήν]</em></span> <span class='ocrx_word' id='word_1_273' title='bbox 1368 1238 1409 1279; x_wconf 83' lang='grc' dir='ltr'>δὲ</span> <span class='ocrx_word' id='word_1_274' title='bbox 1432 1253 1512 1278; x_wconf 90' lang='lat' dir='ltr'>cum</span> 
     </span>
     <span class='ocr_line' id='line_1_56' title="bbox 851 1298 1514 1348; baseline -0.005 -12"><span class='ocrx_word' id='word_1_275' title='bbox 851 1299 1057 1348; x_wconf 88' lang='lat' dir='ltr'>Schweigh.</span> <span class='ocrx_word' id='word_1_276' title='bbox 1083 1302 1118 1335; x_wconf 89' lang='lat' dir='ltr'>et</span> <span class='ocrx_word' id='word_1_277' title='bbox 1141 1299 1258 1335; x_wconf 86' lang='lat' dir='ltr'>Gaisf.</span> <span class='ocrx_word' id='word_1_278' title='bbox 1288 1298 1413 1348; x_wconf 83' lang='lat' dir='ltr'>scripsi</span> <span class='ocrx_word' id='word_1_279' title='bbox 1445 1309 1514 1348; x_wconf 91' lang='lat' dir='ltr'>pro</span> 
     </span>
     <span class='ocr_line' id='line_1_57' title="bbox 853 1351 1515 1406; baseline -0.006 -12"><span class='ocrx_word' id='word_1_280' title='bbox 853 1351 928 1406; x_wconf 75' lang='grc' dir='ltr'>δή,</span> <span class='ocrx_word' id='word_1_281' title='bbox 966 1356 1066 1404; x_wconf 89' lang='lat' dir='ltr'>quod</span> <span class='ocrx_word' id='word_1_282' title='bbox 1096 1354 1227 1391; x_wconf 82' lang='lat' dir='ltr'>Matth.</span> <span class='ocrx_word' id='word_1_283' title='bbox 1255 1355 1415 1391; x_wconf 83' lang='lat' dir='ltr'>retinuit.</span> <span class='ocrx_word' id='word_1_284' title='bbox 1473 1354 1515 1390; x_wconf 92' lang='lat' dir='ltr'>ln</span> 
     </span>
     <span class='ocr_line' id='line_1_58' title="bbox 852 1405 1517 1462; baseline -0.002 -14"><span class='ocrx_word' id='word_1_285' title='bbox 852 1412 1015 1462; x_wconf 81' lang='lat' dir='ltr'>proxime</span> <span class='ocrx_word' id='word_1_286' title='bbox 1040 1411 1341 1449; x_wconf 87' lang='lat' dir='ltr'>antecedentibus</span> <span class='ocrx_word' id='word_1_287' title='bbox 1373 1405 1517 1459; x_wconf 80' lang='grc' dir='ltr'><em>νησιώ-</em></span> 
     </span>
     <span class='ocr_line' id='line_1_59' title="bbox 851 1467 1514 1518; baseline -0.005 -12"><span class='ocrx_word' id='word_1_288' title='bbox 851 1484 920 1514; x_wconf 85' lang='grc' dir='ltr'>τας</span> <span class='ocrx_word' id='word_1_289' title='bbox 940 1467 1119 1516; x_wconf 80' lang='lat' dir='ltr'>intelligit,</span> <span class='ocrx_word' id='word_1_290' title='bbox 1140 1469 1282 1518; x_wconf 83' lang='lat' dir='ltr'>opinor,</span> <span class='ocrx_word' id='word_1_291' title='bbox 1303 1467 1439 1504; x_wconf 83' lang='lat' dir='ltr'>incolas</span> <span class='ocrx_word' id='word_1_292' title='bbox 1460 1467 1514 1502; x_wconf 92' lang='lat' dir='ltr'>in-</span> 
     </span>
     <span class='ocr_line' id='line_1_60' title="bbox 851 1523 1514 1573; baseline 0 -13"><span class='ocrx_word' id='word_1_293' title='bbox 851 1525 1010 1561; x_wconf 88' lang='lat' dir='ltr'>sularum</span> <span class='ocrx_word' id='word_1_294' title='bbox 1048 1525 1158 1560; x_wconf 90' lang='lat' dir='ltr'>maris</span> <span class='ocrx_word' id='word_1_295' title='bbox 1182 1524 1344 1573; x_wconf 88' lang='lat' dir='ltr'>Aegaei,</span> <span class='ocrx_word' id='word_1_296' title='bbox 1384 1523 1514 1571; x_wconf 86' lang='lat' dir='ltr'>Cycla-</span> 
     </span>
     <span class='ocr_line' id='line_1_61' title="bbox 851 1581 1216 1630; baseline -0.003 -13"><span class='ocrx_word' id='word_1_297' title='bbox 851 1582 960 1627; x_wconf 92' lang='lat' dir='ltr'>dum,</span> <span class='ocrx_word' id='word_1_298' title='bbox 993 1581 1216 1630; x_wconf 85' lang='lat' dir='ltr'>Sporadum.</span> 
     </span>
    </p>

    <p class='ocr_par' dir='ltr' id='par_1_10' title="bbox 850 1635 1521 2930">
     <span class='ocr_line' id='line_1_62' title="bbox 908 1635 1512 1687; baseline -0.002 -13"><span class='ocrx_word' id='word_1_299' title='bbox 908 1635 976 1674; x_wconf 81' lang='grc' dir='ltr'>καὶ</span> <span class='ocrx_word' id='word_1_300' title='bbox 1010 1638 1089 1674; x_wconf 83' lang='grc' dir='ltr'><em>τῶν</em></span> <span class='ocrx_word' id='word_1_301' title='bbox 1125 1635 1280 1687; x_wconf 83' lang='grc' dir='ltr'><em>μηρίων</em></span> <span class='ocrx_word' id='word_1_302' title='bbox 1311 1636 1512 1687; x_wconf 77' lang='grc' dir='ltr'><em>καταγιζο-</em></span> 
     </span>
     <span class='ocr_line' id='line_1_63' title="bbox 852 1691 1511 1746; baseline -0.008 -14"><span class='ocrx_word' id='word_1_303' title='bbox 852 1691 982 1744; x_wconf 82' lang='grc' dir='ltr'><em>μένων</em></span> <span class='ocrx_word' id='word_1_304' title='bbox 1010 1691 1075 1731; x_wconf 80' lang='grc' dir='ltr'>ἕπὶ</span> <span class='ocrx_word' id='word_1_305' title='bbox 1103 1695 1160 1746; x_wconf 76' lang='grc' dir='ltr'>τῷ</span> <span class='ocrx_word' id='word_1_306' title='bbox 1193 1692 1329 1745; x_wconf 77' lang='grc' dir='ltr'><em>βωμῷ]</em></span> <span class='ocrx_word' id='word_1_307' title='bbox 1368 1691 1511 1730; x_wconf 89' lang='lat' dir='ltr'>Intelli-</span> 
     </span>
     <span class='ocr_line' id='line_1_64' title="bbox 851 1749 1512 1800; baseline -0.005 -13"><span class='ocrx_word' id='word_1_308' title='bbox 851 1751 970 1799; x_wconf 88' lang='lat' dir='ltr'>gimus</span> <span class='ocrx_word' id='word_1_309' title='bbox 989 1750 1078 1787; x_wconf 87' lang='lat' dir='ltr'>haec</span> <span class='ocrx_word' id='word_1_310' title='bbox 1100 1750 1147 1787; x_wconf 90' lang='lat' dir='ltr'>de</span> <span class='ocrx_word' id='word_1_311' title='bbox 1167 1749 1363 1800; x_wconf 76' lang='lat' dir='ltr'>femoribus</span> <span class='ocrx_word' id='word_1_312' title='bbox 1384 1750 1423 1785; x_wconf 77' lang='lat' dir='ltr'>in</span> <span class='ocrx_word' id='word_1_313' title='bbox 1443 1760 1512 1784; x_wconf 81' lang='lat' dir='ltr'>ara</span> 
     </span>
     <span class='ocr_line' id='line_1_65' title="bbox 853 1804 1511 1856; baseline -0.003 -13"><span class='ocrx_word' id='word_1_314' title='bbox 853 1808 1025 1852; x_wconf 71' lang='lat' dir='ltr'>crematis,</span> <span class='ocrx_word' id='word_1_315' title='bbox 1056 1820 1210 1856; x_wconf 90' lang='lat' dir='ltr'>quorum</span> <span class='ocrx_word' id='word_1_316' title='bbox 1228 1807 1367 1843; x_wconf 88' lang='lat' dir='ltr'>cineres</span> <span class='ocrx_word' id='word_1_317' title='bbox 1387 1804 1511 1855; x_wconf 89' lang='lat' dir='ltr'>sepul-</span> 
     </span>
     <span class='ocr_line' id='line_1_66' title="bbox 851 1862 1512 1913; baseline -0.005 -12"><span class='ocrx_word' id='word_1_318' title='bbox 851 1877 912 1901; x_wconf 92' lang='lat' dir='ltr'>cro</span> <span class='ocrx_word' id='word_1_319' title='bbox 947 1862 1066 1912; x_wconf 89' lang='lat' dir='ltr'>Arges</span> <span class='ocrx_word' id='word_1_320' title='bbox 1101 1867 1137 1901; x_wconf 91' lang='lat' dir='ltr'>et</span> <span class='ocrx_word' id='word_1_321' title='bbox 1176 1863 1270 1913; x_wconf 91' lang='lat' dir='ltr'>Opis</span> <span class='ocrx_word' id='word_1_322' title='bbox 1309 1862 1512 1899; x_wconf 87' lang='lat' dir='ltr'>iniecerint.</span> 
     </span>
     <span class='ocr_line' id='line_1_67' title="bbox 850 1920 1513 1968; baseline -0.005 -11"><span class='ocrx_word' id='word_1_323' title='bbox 850 1920 904 1957; x_wconf 81' lang='lat' dir='ltr'>Ac</span> <span class='ocrx_word' id='word_1_324' title='bbox 941 1932 1049 1957; x_wconf 89' lang='lat' dir='ltr'>nemo</span> <span class='ocrx_word' id='word_1_325' title='bbox 1087 1921 1225 1965; x_wconf 86' lang='lat' dir='ltr'>nescit,</span> <span class='ocrx_word' id='word_1_326' title='bbox 1283 1923 1513 1968; x_wconf 81' lang='lat' dir='ltr'>quantopere</span> 
     </span>
     <span class='ocr_line' id='line_1_68' title="bbox 851 1976 1514 2026; baseline -0.002 -14"><span class='ocrx_word' id='word_1_327' title='bbox 851 1977 945 2013; x_wconf 88' lang='lat' dir='ltr'>inter</span> <span class='ocrx_word' id='word_1_328' title='bbox 976 1978 1073 2012; x_wconf 89' lang='lat' dir='ltr'>viros</span> <span class='ocrx_word' id='word_1_329' title='bbox 1104 1977 1233 2013; x_wconf 86' lang='lat' dir='ltr'>doctos</span> <span class='ocrx_word' id='word_1_330' title='bbox 1270 1976 1514 2026; x_wconf 87' lang='lat' dir='ltr'>disceptatum</span> 
     </span>
     <span class='ocr_line' id='line_1_69' title="bbox 854 2032 1515 2081; baseline -0.005 -11"><span class='ocrx_word' id='word_1_331' title='bbox 854 2033 960 2070; x_wconf 87' lang='lat' dir='ltr'>fuerit</span> <span class='ocrx_word' id='word_1_332' title='bbox 977 2033 1024 2070; x_wconf 88' lang='lat' dir='ltr'>de</span> <span class='ocrx_word' id='word_1_333' title='bbox 1042 2033 1305 2081; x_wconf 84' lang='lat' dir='ltr'>significatione</span> <span class='ocrx_word' id='word_1_334' title='bbox 1325 2032 1421 2068; x_wconf 86' lang='lat' dir='ltr'>vocis</span> <span class='ocrx_word' id='word_1_335' title='bbox 1441 2046 1515 2081; x_wconf 85' lang='grc' dir='ltr'>μη-</span> 
     </span>
     <span class='ocr_line' id='line_1_70' title="bbox 855 2088 1516 2138; baseline -0.005 -12"><span class='ocrx_word' id='word_1_336' title='bbox 855 2089 975 2138; x_wconf 85' lang='grc' dir='ltr'><em>ρίων,</em></span> <span class='ocrx_word' id='word_1_337' title='bbox 1016 2094 1134 2126; x_wconf 88' lang='lat' dir='ltr'>utrum</span> <span class='ocrx_word' id='word_1_338' title='bbox 1157 2088 1230 2125; x_wconf 87' lang='lat' dir='ltr'>scil.</span> <span class='ocrx_word' id='word_1_339' title='bbox 1262 2101 1345 2124; x_wconf 90' lang='lat' dir='ltr'>ossa</span> <span class='ocrx_word' id='word_1_340' title='bbox 1374 2092 1516 2124; x_wconf 82' lang='lat' dir='ltr'>tantum</span> 
     </span>
     <span class='ocr_line' id='line_1_71' title="bbox 855 2145 1517 2193; baseline 0 -12"><span class='ocrx_word' id='word_1_341' title='bbox 855 2145 1065 2191; x_wconf 77' lang='lat' dir='ltr'>femoralia,</span> <span class='ocrx_word' id='word_1_342' title='bbox 1106 2157 1152 2181; x_wconf 92' lang='lat' dir='ltr'>an</span> <span class='ocrx_word' id='word_1_343' title='bbox 1190 2157 1334 2182; x_wconf 86' lang='lat' dir='ltr'>carnem</span> <span class='ocrx_word' id='word_1_344' title='bbox 1366 2156 1517 2193; x_wconf 86' lang='lat' dir='ltr'>quoque</span> 
     </span>
     <span class='ocr_line' id='line_1_72' title="bbox 856 2200 1516 2238; baseline -0.002 -1"><span class='ocrx_word' id='word_1_345' title='bbox 856 2201 996 2237; x_wconf 73' lang='lat' dir='ltr'>ossibus</span> <span class='ocrx_word' id='word_1_346' title='bbox 1036 2201 1296 2238; x_wconf 87' lang='lat' dir='ltr'>adhaerentem</span> <span class='ocrx_word' id='word_1_347' title='bbox 1333 2200 1516 2238; x_wconf 86' lang='lat' dir='ltr'>Homerus</span> 
     </span>
     <span class='ocr_line' id='line_1_73' title="bbox 856 2257 1516 2307; baseline -0.003 -13"><span class='ocrx_word' id='word_1_348' title='bbox 856 2258 1080 2295; x_wconf 84' lang='lat' dir='ltr'>indicaverit.</span> <span class='ocrx_word' id='word_1_349' title='bbox 1148 2258 1188 2294; x_wconf 92' lang='lat' dir='ltr'>In</span> <span class='ocrx_word' id='word_1_350' title='bbox 1221 2258 1293 2306; x_wconf 77' lang='lat' dir='ltr'>qua</span> <span class='ocrx_word' id='word_1_351' title='bbox 1330 2257 1516 2307; x_wconf 85' lang='lat' dir='ltr'>discepta-</span> 
     </span>
     <span class='ocr_line' id='line_1_74' title="bbox 856 2313 1517 2364; baseline -0.002 -14"><span class='ocrx_word' id='word_1_352' title='bbox 856 2315 955 2351; x_wconf 88' lang='lat' dir='ltr'>tione</span> <span class='ocrx_word' id='word_1_353' title='bbox 978 2315 1064 2352; x_wconf 92' lang='lat' dir='ltr'>mihi</span> <span class='ocrx_word' id='word_1_354' title='bbox 1096 2313 1214 2364; x_wconf 87' lang='lat' dir='ltr'>placet</span> <span class='ocrx_word' id='word_1_355' title='bbox 1233 2313 1411 2351; x_wconf 86' lang='lat' dir='ltr'>Nitzschii</span> <span class='ocrx_word' id='word_1_356' title='bbox 1433 2326 1517 2350; x_wconf 90' lang='lat' dir='ltr'>sen-</span> 
     </span>
     <span class='ocr_line' id='line_1_75' title="bbox 856 2369 1518 2419; baseline -0.003 -12"><span class='ocrx_word' id='word_1_357' title='bbox 856 2371 969 2408; x_wconf 79' lang='lat' dir='ltr'>tentia</span> <span class='ocrx_word' id='word_1_358' title='bbox 1009 2371 1177 2418; x_wconf 88' lang='lat' dir='ltr'>(Adnott.</span> <span class='ocrx_word' id='word_1_359' title='bbox 1207 2371 1253 2407; x_wconf 91' lang='lat' dir='ltr'>ad</span> <span class='ocrx_word' id='word_1_360' title='bbox 1287 2370 1423 2419; x_wconf 88' lang='lat' dir='ltr'>Odyss.</span> <span class='ocrx_word' id='word_1_361' title='bbox 1455 2369 1518 2416; x_wconf 77' lang='grc' dir='ltr'><strong>ΙΙΙ,</strong></span> 
     </span>
     <span class='ocr_line' id='line_1_76' title="bbox 856 2425 1517 2478; baseline -0.006 -12"><span class='ocrx_word' id='word_1_362' title='bbox 856 2425 939 2468; x_wconf 80' lang='lat'>456</span> <span class='ocrx_word' id='word_1_363' title='bbox 969 2440 1055 2478; x_wconf 86' lang='lat' dir='ltr'>pag.</span> <span class='ocrx_word' id='word_1_364' title='bbox 1087 2429 1180 2467; x_wconf 80' lang='lat'>223.</span> <span class='ocrx_word' id='word_1_365' title='bbox 1214 2425 1325 2475; x_wconf 80' lang='lat'>224)</span> <span class='ocrx_word' id='word_1_366' title='bbox 1356 2426 1517 2475; x_wconf 88' lang='lat' dir='ltr'>indeque</span> 
     </span>
     <span class='ocr_line' id='line_1_77' title="bbox 856 2482 1515 2534; baseline -0.006 -12"><span class='ocrx_word' id='word_1_367' title='bbox 856 2484 979 2534; x_wconf 84' lang='grc' dir='ltr'><em>μηρία</em></span> <span class='ocrx_word' id='word_1_368' title='bbox 1006 2484 1075 2520; x_wconf 90' lang='lat' dir='ltr'>hoc</span> <span class='ocrx_word' id='word_1_369' title='bbox 1104 2496 1253 2533; x_wconf 89' lang='lat' dir='ltr'>quoque</span> <span class='ocrx_word' id='word_1_370' title='bbox 1277 2483 1356 2520; x_wconf 90' lang='lat' dir='ltr'>loco</span> <span class='ocrx_word' id='word_1_371' title='bbox 1383 2482 1515 2519; x_wconf 88' lang='lat' dir='ltr'>intelli-</span> 
     </span>
     <span class='ocr_line' id='line_1_78' title="bbox 856 2540 1514 2591; baseline -0.005 -13"><span class='ocrx_word' id='word_1_372' title='bbox 856 2553 943 2590; x_wconf 85' lang='lat' dir='ltr'>gere</span> <span class='ocrx_word' id='word_1_373' title='bbox 963 2540 1084 2578; x_wconf 87' lang='lat' dir='ltr'>malim</span> <span class='ocrx_word' id='word_1_374' title='bbox 1108 2545 1229 2591; x_wconf 85' lang='lat' dir='ltr'>partes</span> <span class='ocrx_word' id='word_1_375' title='bbox 1247 2553 1267 2577; x_wconf 91' lang='lat' dir='ltr'>e</span> <span class='ocrx_word' id='word_1_376' title='bbox 1292 2540 1430 2576; x_wconf 83' lang='lat' dir='ltr'>femore</span> <span class='ocrx_word' id='word_1_377' title='bbox 1450 2551 1514 2576; x_wconf 90' lang='lat' dir='ltr'>ex-</span> 
     </span>
     <span class='ocr_line' id='line_1_79' title="bbox 857 2595 1521 2644; baseline -0.005 -10"><span class='ocrx_word' id='word_1_378' title='bbox 857 2601 996 2644; x_wconf 81' lang='lat' dir='ltr'>sectas,</span> <span class='ocrx_word' id='word_1_379' title='bbox 1035 2610 1107 2634; x_wconf 87' lang='lat' dir='ltr'>una</span> <span class='ocrx_word' id='word_1_380' title='bbox 1145 2609 1224 2634; x_wconf 91' lang='lat' dir='ltr'>cum</span> <span class='ocrx_word' id='word_1_381' title='bbox 1257 2597 1399 2633; x_wconf 89' lang='lat' dir='ltr'>ossibus</span> <span class='ocrx_word' id='word_1_382' title='bbox 1433 2595 1521 2641; x_wconf 68' lang='lat' dir='ltr'>scil„</span> 
     </span>
     <span class='ocr_line' id='line_1_80' title="bbox 858 2652 1516 2704; baseline -0.005 -14"><span class='ocrx_word' id='word_1_383' title='bbox 858 2654 968 2704; x_wconf 86' lang='lat' dir='ltr'>adipe</span> <span class='ocrx_word' id='word_1_384' title='bbox 985 2666 1145 2702; x_wconf 83' lang='lat' dir='ltr'>quoque,</span> <span class='ocrx_word' id='word_1_385' title='bbox 1168 2653 1197 2689; x_wconf 90' lang='lat' dir='ltr'>si</span> <span class='ocrx_word' id='word_1_386' title='bbox 1207 2652 1306 2700; x_wconf 80' lang='lat' dir='ltr'>velis,</span> <span class='ocrx_word' id='word_1_387' title='bbox 1319 2653 1516 2689; x_wconf 87' lang='lat' dir='ltr'>circumvo-</span> 
     </span>
     <span class='ocr_line' id='line_1_81' title="bbox 858 2710 1513 2759; baseline -0.003 -13"><span class='ocrx_word' id='word_1_388' title='bbox 858 2710 952 2747; x_wconf 89' lang='lat' dir='ltr'>lutas</span> <span class='ocrx_word' id='word_1_389' title='bbox 1000 2710 1143 2759; x_wconf 90' lang='lat' dir='ltr'>diisque</span> <span class='ocrx_word' id='word_1_390' title='bbox 1191 2713 1433 2746; x_wconf 86' lang='lat' dir='ltr'>consecratas.</span> <span class='ocrx_word' id='word_1_391' title='bbox 1458 2729 1513 2736; x_wconf 91' lang='lat'>—</span> 
     </span>
     <span class='ocr_line' id='line_1_82' title="bbox 858 2762 1514 2816; baseline -0.006 -11"><span class='ocrx_word' id='word_1_392' title='bbox 858 2762 993 2816; x_wconf 83' lang='grc' dir='ltr'><em>θήκη,</em></span> <span class='ocrx_word' id='word_1_393' title='bbox 1031 2767 1132 2815; x_wconf 88' lang='lat' dir='ltr'>quod</span> <span class='ocrx_word' id='word_1_394' title='bbox 1161 2766 1306 2803; x_wconf 87' lang='lat' dir='ltr'>arctiori</span> <span class='ocrx_word' id='word_1_395' title='bbox 1330 2777 1439 2802; x_wconf 88' lang='lat' dir='ltr'>sensu</span> <span class='ocrx_word' id='word_1_396' title='bbox 1466 2764 1514 2801; x_wconf 89' lang='lat' dir='ltr'>de</span> 
     </span>
     <span class='ocr_line' id='line_1_83' title="bbox 860 2820 1513 2869; baseline -0.005 -9"><span class='ocrx_word' id='word_1_397' title='bbox 860 2823 971 2860; x_wconf 83' lang='lat' dir='ltr'><em>loculo</em></span> <span class='ocrx_word' id='word_1_398' title='bbox 1009 2835 1039 2860; x_wconf 90' lang='lat' dir='ltr'>s.</span> <span class='ocrx_word' id='word_1_399' title='bbox 1069 2836 1156 2859; x_wconf 77' lang='lat' dir='ltr'>arca</span> <span class='ocrx_word' id='word_1_400' title='bbox 1184 2822 1333 2869; x_wconf 88' lang='lat' dir='ltr'>dicitur,</span> <span class='ocrx_word' id='word_1_401' title='bbox 1376 2821 1432 2858; x_wconf 88' lang='lat' dir='ltr'>bic</span> <span class='ocrx_word' id='word_1_402' title='bbox 1460 2820 1513 2857; x_wconf 88' lang='lat' dir='ltr'>la-</span> 
     </span>
     <span class='ocr_line' id='line_1_84' title="bbox 860 2877 1512 2930; baseline -0.006 -13"><span class='ocrx_word' id='word_1_403' title='bbox 860 2880 944 2917; x_wconf 88' lang='lat' dir='ltr'>tiori</span> <span class='ocrx_word' id='word_1_404' title='bbox 974 2892 1082 2918; x_wconf 77' lang='lat' dir='ltr'>sensu</span> <span class='ocrx_word' id='word_1_405' title='bbox 1109 2880 1156 2917; x_wconf 93' lang='lat' dir='ltr'>de</span> <span class='ocrx_word' id='word_1_406' title='bbox 1179 2881 1252 2930; x_wconf 75' lang='lat' dir='ltr'>ipso</span> <span class='ocrx_word' id='word_1_407' title='bbox 1272 2877 1428 2929; x_wconf 81' lang='lat' dir='ltr'>sepulcro</span> <span class='ocrx_word' id='word_1_408' title='bbox 1449 2889 1512 2914; x_wconf 92' lang='lat' dir='ltr'>ac-</span> 
     </span>
    </p>
   </div>
  </div>
 </body>
</html>
