1904 3304
51 774 150 819 193

487 236 1175 276 MELPOMENE.1V.

1383 240 1468 281 625

201 362 317 401 νομα
356 344 486 388 τοῦτό
528 345 616 388 ἐστι
659 346 739 401 μὲν
775 345 998 401 Λιβυκὸν,
1048 342 1233 388 δύναται
1274 345 1321 389 δὲ
1356 348 1466 390 κατὰ

172 416 381 460 5Ἑλλοὶδα
409 419 630 471 γλῶσσαν,
670 418 846 472 βουνοί·
895 418 938 460 οἱ
967 415 1035 467 δὲ,
1077 414 1246 471 ἐχινέες.

1306 418 1385 461 εἰσὶ
1417 419 1464 462 δὲ

198 487 270 530 καὶ
299 490 433 541 γαλαῖ
461 488 506 530 ἐν
537 492 597 545 τῷ
640 489 797 546 σιλφίῳ
827 487 1076 542 γινόμεναι,
1135 490 1234 543 τῇσι
1271 491 1461 544 Ταρτησ-
1476 497 1521 530 ΞΟ

199 559 315 614 σι’ῃσι
347 557 614 613 ὁμοιόταται.

677 563 879 602 Τοσαῦτα
918 559 997 613 μέν
1038 574 1122 601 νυν
1151 560 1289 614 θηρία
1317 556 1344 615 ἡ
1377 563 1466 603 τῶν

200 630 425 684 Νομάδων
460 628 636 685 Λιβύων
673 633 729 685 γῆ
760 629 864 685 ἔχει,
908 628 1016 672 ὅσον
1045 628 1167 684 ἡμεῖς
1197 630 1464 685 ἱστορέοντες

198 699 264 743 ἐπὶ
294 699 571 755 μακρότατον
602 698 688 744 οἷοί
717 716 760 743 τε
791 699 1028 756 ἐγενόμεθα
1059 698 1289 752 ἐξικέσθαι.

142 958 250 994 νῖνοι
288 969 332 993 ex
368 951 535 1006 βούνιον
577 956 799 1000 formatum3

142 1024 220 1048 eam
250 1012 346 1048 enim
379 1013 527 1049 herbam
567 1025 666 1057 esse,
705 1023 800 1060 quae

140 1067 276 1104 Punice
324 1069 451 1116 zigar:
508 1069 595 1106 inde
637 1066 801 1120 ζεγέριες

139 1123 216 1161 sive
256 1124 472 1174 βουνίνους
490 1153 501 1172 ,
558 1125 624 1161 hos
665 1137 798 1170 mures,

140 1180 240 1228 quod
267 1180 415 1229 plantae
439 1182 514 1218 eius
538 1194 603 1218 esu
635 1187 697 1218 aut
720 1193 799 1217 um-

143 1236 207 1273 bra
239 1236 486 1282 delectentur,
529 1238 664 1281 dictos·‚
727 1236 801 1274 ele-

142 1297 292 1340 ganter,
325 1295 435 1330 inodo
460 1296 582 1331 vere.“
629 1293 801 1330 ll‘esse-

143 1349 253 1397 ling.
294 1350 496 1398 Schweigh.
520 1351 659 1387 confert
679 1349 800 1387 Beck-

142 1419 262 1441 mann.
288 1406 335 1442 ad
357 1406 543 1444 Aristotel.
572 1407 705 1444 Mirab.
726 1408 799 1443 Au-

142 1461 244 1499 scult.
273 1475 304 1498 c.
330 1464 405 1507 27,
447 1464 527 1509 ubi,
568 1476 660 1512 quos
680 1475 800 1500 mures

140 1515 507 1566 πλατυπροσώῑτους
532 1524 729 1565 vocarunt,
759 1519 801 1555 ii-

140 1575 224 1611 dem
244 1574 482 1612 Beckmanno
509 1576 679 1613 videntur
705 1588 799 1621 esse,

140 1631 200 1679 qui
220 1629 382 1681 ζεγέριες
403 1632 502 1681 apud
519 1632 761 1669 Herodotum.

193 1688 250 1724 Ab
271 1687 488 1725 Herodotea
506 1701 594 1726 voce
612 1701 686 1725 non
704 1687 797 1724 mul-

138 1747 213 1780 tum
235 1744 343 1780 abest
363 1757 432 1780 vox
447 1745 616 1781 dzz‘clzira
629 1773 639 1793 ,
667 1757 740 1793 qua
759 1745 797 1781 in

139 1804 234 1836 terra
266 1800 414 1837 Fezzan
452 1801 602 1838 indicari
634 1801 797 1839 scribunt

141 1855 242 1892 colles
265 1869 447 1903 arenosos,
492 1858 529 1894 in
558 1858 689 1907 quibus
719 1856 797 1907 pal-

139 1925 220 1949 mae
240 1913 339 1950 ferae
360 1918 526 1951 crescant
556 1920 591 1951 et
611 1914 647 1950 in
666 1915 795 1963 quibus

138 1981 258 2005 mures
277 1969 432 2019 dipodes
459 1983 486 2006 s.
511 1970 659 2015 Ierb0a‚
690 1971 796 2006 sedes

139 2037 222 2061 suas
243 2024 454 2074 plerumque
473 2026 646 2063 habeant.
689 2026 798 2062 Conf.

137 2081 238 2118 lahn.
265 2081 408 2118 Annall.
438 2082 544 2127 VIII,
578 2084 603 2123 3
639 2095 674 2131 p.
701 2083 796 2121 286.

65 2166 68 2173 ,
138 2137 210 2173 Pro
233 2134 417 2188 Λιβυκόν
447 2138 584 2185 aliquot
612 2138 693 2174 libri
723 2141 796 2176 Λι-

139 2190 347 2244 βυστικόν,
387 2208 479 2231 unus
505 2195 688 2231 Sancrosti
708 2193 798 2231 liber

137 2251 407 2300 Λιβυστῖνον,
466 2252 513 2288 de
563 2264 636 2300 quo
683 2251 798 2288 citant

141 2306 319 2344 Wetsten.
357 2308 405 2344 ad
445 2306 538 2344 Actt.
568 2308 698 2358 Apost.
730 2306 796 2353 Vl,

141 2364 178 2402 9.
209 2363 268 2400 Ad
296 2364 406 2401 verba
432 2360 599 2402 δύναται
628 2362 669 2402 δὲ
698 2360 796 2402 nato}

139 2434 174 2457 κ.
195 2435 226 2457 τ.
245 2423 277 2457 λ.
300 2421 393 2457 conf.
416 2420 558 2457 Herod.
580 2420 626 2465 ll,
647 2423 711 2460 30.

196 2475 236 2514 οἱ
263 2476 330 2521 δὲ,
359 2475 520 2527 ἐχινέες]
564 2477 619 2513 Ita
639 2477 726 2513 dicti
749 2476 795 2513 ab

140 2532 333 2580 asperitate
359 2533 513 2583 pilorum
534 2533 651 2570 echini
673 2533 721 2569 ad
741 2533 796 2569 in-

140 2593 234 2632 star,
277 2592 316 2624 ut
340 2593 444 2626 notat
470 2589 639 2626 Bochart.
669 2588 690 2625 l.
715 2589 736 2625 l.
758 2603 794 2638 p.

144 2645 251 2683 1016
286 2642 491 2683 Aristotelis
519 2646 637 2682 citans
665 2644 796 2692 locum,

140 2699 201 2747 qui
221 2699 419 2749 Aegyptios
440 2714 561 2738 muros
582 2701 707 2738 scribit
727 2701 796 2737 du-

140 2767 201 2791 ros
220 2755 354 2793 habere
376 2757 466 2806 pilos
479 2787 490 2804 ,
528 2765 568 2794 ut
585 2758 796 2795 herinaceos

141 2815 339 2848 terrestres.
389 2814 446 2850 Cf.
476 2814 700 2851 Beckmann.
729 2813 752 2851 l.
773 2813 795 2850 l.

140 2880 226 2917 pag.
250 2869 315 2907 61.

192 2922 402 2962 ΗΕΒοΒοΤ.
433 2925 479 2962 ΙῘ.

308 771 505 824 Μαξύων
534 773 580 814 δὲ
611 772 791 827 Λιβύων
821 770 1017 827 Ζαύηκες
1046 771 1235 826 ἔχονται,
1274 775 1388 815 τοῖσι
1414 773 1460 815 αἱ

912 953 1051 1004 γαλαῖ]
1096 952 1276 991 Mustelas
1320 952 1518 1002 (Wiesel)

856 1009 1009 1060 intelligi
1021 1011 1169 1060 copiosa
1187 1010 1431 1060 disputatione
1450 1011 1518 1046 do-

856 1070 914 1103 cet
943 1067 1111 1105 Perizon.
1142 1068 1190 1103 ad
1217 1065 1357 1104 Aelian.
1389 1065 1432 1102 V.
1466 1066 1517 1103 H.

855 1122 954 1170 XlV,
976 1122 1013 1162 4.
1046 1124 1164 1168 Quam
1186 1121 1373 1160 bestiolam
1393 1122 1429 1158 in
1442 1122 1518 1171 Cy-

856 1191 1073 1217 renaeorum
1117 1180 1236 1216 numis
1278 1179 1346 1216 sub
1386 1178 1517 1228 silphio

859 1236 1016 1286 conspici
1053 1249 1097 1273 ex
1121 1235 1270 1284 Haymii
1297 1234 1407 1273 Thes.
1436 1235 1518 1272 Bri-

858 1296 958 1328 tann.
986 1292 1034 1329 T.
1063 1292 1097 1329 ll
1124 1305 1209 1342 pag.
1244 1289 1346 1338 124,
1392 1297 1518 1330 monet

858 1348 1079 1398 wesseling.
1123 1349 1183 1385 Tu
1209 1348 1335 1385 confer
1352 1347 1402 1384 sis
1425 1361 1520 1397 quo-

858 1418 929 1454 que
949 1405 1071 1442 Strab.
1089 1404 1140 1441 Ill
1164 1419 1201 1455 p.
1228 1404 1307 1445 144
1327 1417 1354 1441 S.
1378 1417 1414 1454 p.
1436 1404 1519 1445 214

857 1461 901 1497 A.
922 1461 1001 1498 coll.
1025 1475 1061 1511 p.
1085 1462 1191 1507 213,
1232 1461 1317 1507 ubi,
1356 1473 1451 1509 quae
1471 1462 1519 1498 de

857 1516 1050 1567 lepusculis
1082 1518 1220 1554 nocivis
1258 1517 1294 1553 in
1336 1516 1519 1567 Hispania

856 1579 1071 1619 narrantur,
1095 1574 1143 1609 ad
1163 1573 1198 1610 T
1201 1573 1371 1611 artessias
1390 1573 1517 1611 Hero-

855 1630 931 1666 doti
951 1629 1128 1667 mustelas
1160 1629 1257 1666 haud
1281 1630 1355 1666 scio
1385 1641 1432 1667 an
1458 1643 1516 1668 re-

853 1686 940 1723 ferri
959 1690 1107 1735 queant.
1138 1685 1334 1723 Mannerto
1354 1686 1367 1722 l
1383 1699 1418 1736 p.
1433 1686 1515 1728 224

854 1747 939 1779 sunt
965 1741 1186 1779 Kanz·ncl‹en.
1207 1764 1264 1770 --
1301 1742 1361 1778 Ad
1385 1743 1515 1780 verba:

855 1795 951 1838 ὅσον
973 1797 1089 1850 ἡμεῖς
1112 1797 1353 1850 ἱστορέοντες
1373 1797 1515 1846 -ἐξι-

853 1853 998 1894 κε’σθαι
1021 1856 1117 1893 conf.
1135 1861 1229 1892 nott.
1251 1856 1298 1893 ad
1320 1855 1363 1902 ll,
1390 1858 1456 1897 29.

1020 1913 1051 1949 C
1066 1925 1134 1960 ap.
1166 1911 1334 1949 CXClIl.

913 1963 1112 2018 Ζαύηκες]
1144 1967 1200 2004 lta
1219 1980 1367 2017 quoque
1386 1968 1514 2018 Steph.

852 2024 943 2072 Byz.
972 2038 1002 2062 s.
1031 2037 1064 2061 v.
1093 2036 1137 2061 ex
1165 2023 1376 2071 Hecatan,
1415 2025 1514 2062 cuius

854 2082 950 2117 conf.
979 2082 1147 2130 fragmm.
1174 2092 1259 2129 pag.
1285 2079 1364 2120 135
1386 2079 1511 2118 Klaus.

853 2137 1006 2175 Rennel.
1036 2150 1123 2187 pag.
1143 2138 1224 2177 668
1247 2141 1395 2186 gentem
1420 2137 1514 2175 intra

854 2194 991 2243 Syrtim
1007 2195 1181 2230 minorem
1202 2205 1246 2230 ac
1261 2193 1378 2230 sinum
1391 2192 1515 2230 Adru-

853 2251 940 2287 meti
969 2250 1153 2287 habitasse
1181 2248 1277 2297 vult,
1326 2262 1404 2287 cum
1433 2250 1513 2300 Zy-

852 2311 982 2356 gantes
1017 2306 1114 2355 (IV,
1147 2306 1253 2353 194)
1291 2306 1512 2344 conveniant

853 2376 933 2400 cum
977 2363 1083 2400 Plinii
1120 2362 1372 2410 Zeugitaniis‚
1433 2363 1510 2400 eius

851 2419 1081 2470 provinciae,
1128 2419 1164 2455 in
1208 2432 1282 2468 qua
1322 2419 1510 2468 Carthago

851 2477 920 2512 sita
955 2477 1047 2523 fuit,
1084 2474 1221 2512 incolis.
1292 2475 1511 2524 Castiglioni

854 2533 944 2578 (vid.
966 2532 1068 2570 Iahn.
1089 2531 1230 2569 Annall.
1251 2530 1348 2578 V111,
1373 2533 1399 2571 3
1425 2544 1511 2581 pag.

853 2587 954 2638 282)
975 2588 1139 2627 Zaueces
1162 2588 1312 2626 eosdem
1332 2600 1412 2625 esse
1434 2592 1511 2624 sta-

853 2645 924 2681 tuit
956 2650 1068 2694 atque
1096 2644 1298 2692 Zeouaglaa
1326 2644 1421 2682 circa
1452 2657 1513 2681 ur-

853 2701 935 2738 bem
956 2701 1033 2739 Fez
1053 2701 1272 2738 habitantes.

909 2760 1010 2796 τοῖσι
1042 2757 1087 2796 αἱ
1123 2759 1310 2808 γυναῖκες
1333 2770 1368 2794 κ.
1400 2771 1430 2794 τ.
1459 2755 1507 2805 AL]

853 2814 962 2851 conf.
987 2826 1097 2864 supra
1122 2816 1216 2850 nott.
1249 2813 1297 2848 ad
1318 2812 1381 2857 IV,
1417 2813 1508 2852 183.

856 2871 947 2912 189.
990 2871 1096 2914 Quae
1117 2870 1197 2920 ipsa
1214 2868 1262 2905 ad
1284 2868 1442 2905 fabulam
1463 2867 1510 2904 de

1550 787 1694 816 Zaveces.
