1904 3304
482 307 567 348 548

877 299 1348 340 HERODOTI

488 414 677 464 Βάττος,
709 408 766 462 ὥς
793 410 979 467 Θηραῖοί
1007 425 1050 453 τε
1079 410 1152 452 καὶ
1181 412 1422 465 Κυρηναῖοι
1451 410 1646 466 λέγουσι·
1687 409 1746 461 ὦς

486 485 631 541 μέντοι
661 480 743 537 ἐγώ
777 479 935 529 δοκέω,
975 479 1079 522 ἄλλο
1109 493 1169 522 τι·
1225 479 1385 530 Βάττος
1415 480 1460 523 ὁὲ
1489 480 1746 536 μετωνομά-

489 562 576 610 σθη
616 554 706 597 ἐπεί
743 566 787 594 τε
828 551 871 601 ἐς
901 550 1070 606 Λιβύην
1100 549 1300 600 οἷπίκετο,
1341 549 1424 592 ἀπό
1453 567 1496 593 τε
1525 556 1603 596 τοῦ
1633 569 1742 608 χρη-
1759 557 1804 591 80

487 626 667 681 στηρίου
696 625 776 665 τοῦ
805 622 1041 677 γενομένου
1071 621 1118 664 ἐν
1146 624 1359 675 Δελφοῖσι
1390 619 1528 679 αὐτῷ,
1558 623 1633 665 καὶ
1661 622 1746 666 ἀπὸ

481 700 557 750 τῆς
605 697 730 750 τιμῆς
781 691 859 747 τὴν
909 692 1022 748 ἔσχε,
1069 691 1149 747 τὴν
1200 691 1448 746 ἐπωνυμίην
1484 693 1749 747 ποιεύμενος.

457 768 650 822 ΞΛίβυες
690 764 774 820 γάρ
812 764 990 820 βασιλέα
1019 762 1188 809 Βάττον
1219 761 1444 815 καλέουσι,
1481 763 1554 805 καὶ
1588 763 1748 808 τούτου

435 964 511 1001 cuit
531 962 682 998 Battum
703 959 916 1008 obligatione
949 959 1096 1008 linguae

435 1019 622 1056 laborasse
675 1017 829 1066 primum
878 1019 916 1054 et
962 1018 1096 1054 deinde

436 1076 584 1123 [inguae
601 1074 701 1110 nodis
719 1074 842 1109 solutis
860 1072 958 1121 loqui
968 1075 1097 1122 coepis-

437 1144 472 1168 se
492 1144 536 1168 ex
555 1131 678 1166 lustin.
698 1129 799 1175 Xlll,
816 1131 854 1169 7.
885 1129 1020 1178 Neque
1038 1134 1097 1166 ta-

436 1200 521 1225 men
543 1187 581 1222 in
603 1186 784 1222 Herodoti
803 1188 926 1232 textu,
964 1187 1000 1222 in
1026 1198 1098 1233 quo

438 1243 546 1281 codd.
576 1242 659 1278 nihil
689 1242 850 1287 variant,
899 1242 1099 1290 quidquam

438 1298 571 1337 mutari
600 1297 660 1335 ille
681 1297 814 1342 voluit3
853 1296 890 1332 in
917 1310 989 1345 quo
1018 1310 1100 1334 eum

441 1359 586 1393 secutus
644 1357 701 1391 est
751 1353 1099 1402 Schweighaeuser„

438 1411 621 1463 probante
651 1409 782 1458 Thrig.
813 1408 835 1446 l.
864 1409 888 1446 l.
916 1422 1001 1460 pag.
1031 1409 1098 1456 41,

441 1467 551 1505 modo
586 1460 838 1516 ἰσχνόφωνος
867 1477 911 1503 ea
942 1466 1100 1516 accipias

441 1524 615 1570 notione,
683 1521 757 1572 qua
804 1521 892 1559 illud
949 1521 1100 1560 alterum

444 1576 671 1630 ἰσχόφωνος
693 1578 807 1628 accipi
826 1578 964 1615 volunt.
1020 1577 1101 1615 Nec

442 1636 542 1674 aliud
564 1635 652 1684 quid
670 1635 814 1672 videtur
841 1635 991 1684 exprimi
1013 1646 1102 1671 voce

442 1687 606 1743 τραυλός
629 1691 676 1727 ad
705 1689 893 1728 meliorem
919 1691 1014 1726 vocis
1038 1702 1104 1726 an-

445 1747 648 1786 tecedentis
677 1746 979 1794 intelligentiam,
1022 1747 1103 1796 opi-

446 1817 537 1850 nor,
571 1803 722 1840 adiectu.
779 1803 833 1839 Ac
859 1815 948 1840 voce
979 1798 1105 1851 ἰσχνό-

446 1875 584 1909 φωνος
628 1860 757 1896 eadem
798 1859 835 1895 in
875 1872 916 1896 re
957 1863 1106 1895 utuntur

445 1915 661 1954 Heraclides
683 1914 854 1951 Ponticus
884 1927 970 1964 pag.
993 1918 1019 1954 7
1047 1915 1104 1951 ed.

446 1972 613 2018 Koeler.,
643 1970 876 2009 Herodotum
894 1970 972 2016 ille,
995 1974 1035 2006 ut
1054 1971 1107 2006 vi·-

447 2029 576 2074 detur,
621 2031 786 2074 secutus,
822 2030 1047 2077 quapropter
1069 2030 1106 2063 et

446 2086 527 2135 ipse
551 2083 689 2120 Koeler
714 2095 801 2134 pag.
822 2082 872 2122 41
902 2096 924 2120 a
952 2082 1105 2120 lectione

449 2136 696 2191 ἰσχνόφωνος
740 2139 841 2189 apud
875 2139 1106 2176 Herodotum

448 2198 619 2234 standum
642 2199 784 2241 censet,
814 2194 1028 2232 Plutarchus
1048 2195 1106 2232 De

447 2253 555 2301 Pyth.
574 2252 682 2289 Orac.
702 2264 788 2302 pag·
809 2250 889 2291 405
910 2252 954 2288 Β.
986 2251 1108 2287 Schol.

448 2310 497 2346 ad
528 2309 675 2345 Pindar.
706 2307 812 2356 Pyth.
843 2307 893 2343 IV
923 2307 1001 2344 init.
1029 2307 1108 2344 He-

449 2364 547 2413 sych.
567 2377 595 2400 s·
616 2377 648 2400 v.
674 2363 917 2414 βατταρίζειν
939 2364 953 2400 1
975 2376 1011 2413 p.
1024 2365 1106 2404 707

451 2425 488 2458 et
506 2422 601 2461 708.
644 2420 777 2456 Suidas
797 2433 825 2457 s.
849 2432 880 2456 v.
902 2415 1053 2465 Βάττος
1071 2423 1108 2457 et

452 2476 694 2527 βατταρίζων
723 2474 771 2512 Τ.
794 2475 808 2512 Ι
828 2489 864 2525 p.
885 2475 979 2517 423.

509 2532 614 2576 Quae
632 2544 710 2568 cum
725 2531 776 2567 itu
789 2532 874 2577 sint,
894 2531 992 2568 nolui
1006 2532 1109 2580 equi-

452 2589 537 2626 dem
561 2583 785 2638 ἰσχόφωνος
806 2591 987 2637 recipere,
1027 2601 1109 2625 sua-

452 2645 565 2682 dente
609 2644 771 2693 quamvis
815 2644 1025 2680 Schneider.
1073 2645 1109 2680 in

451 2699 542 2738 Lex.
574 2701 638 2736 Gr.
664 2713 692 2737 s.
720 2712 777 2746 v.‚
825 2700 886 2735 ubi
923 2700 1108 2737 Gallorum

452 2756 522 2793 huc
544 2757 655 2794 refert
673 2755 819 2793 verbum
839 2756 1005 2805 bdgayer,
1027 2769 1109 2792 cum

453 2813 670 2860 τραυλίζειν
686 2813 733 2848 sit
749 2824 944 2861 grasseyer.
977 2811 1110 2860 Neque

454 2870 563 2906 etiam
593 2869 630 2905 in
650 2868 831 2906 Herodoti
852 2868 931 2904 loco
957 2868 1108 2905 multum

455 2925 631 2963 interesse
661 2925 806 2963 credam
847 2924 942 2961 inter
979 2918 1110 2974 ἰσχνό-

1154 974 1291 1010 φωνος
1330 964 1442 1009 atque
1479 956 1669 1011 τραυλός,
1709 961 1808 1010 quod

1154 1022 1344 1066 utrumque
1365 1018 1411 1053 ad
1431 1030 1538 1054 unum
1554 1019 1650 1054 idem
1665 1017 1810 1066 linguae

1153 1074 1276 1109 vitium
1309 1077 1472 1122 spectat,
1515 1075 1702 1110 balbutiem
1729 1074 1810 1110 dico

1155 1142 1197 1166 ac
1218 1130 1433 1165 blm-itatem
1447 1160 1456 1176 ,
1497 1143 1525 1166 s.
1548 1131 1810 1167 haesitationem

1155 1185 1309 1233 linguae.
1370 1186 1442 1228 Qui
1469 1186 1613 1222 liberius
1643 1187 1732 1223 haec
1761 1186 1813 1221 ita

1156 1242 1317 1277 reddidit
1347 1241 1390 1277 C.
1420 1242 1465 1277 Ο.
1498 1241 1640 1278 Miiller.
1673 1241 1814 1278 Orcho-

1157 1310 1251 1334 men.
1271 1309 1354 1347 pagv
1380 1298 1481 1336 343:
1530 1298 1688 1344 „Dieser
1717 1297 1813 1333 hatte

1158 1353 1231 1390 cine
1287 1352 1506 1390 krea'sclaende
1563 1354 1637 1390 und
1688 1353 1815 1390 laeisere

1158 1410 1353 1456 Stc'mme,“
1403 1422 1546 1447 omnem
1591 1411 1723 1447 samam
1767 1410 1815 1446 de

1156 1466 1340 1512 balbutie,
1371 1478 1478 1515 quam
1499 1467 1721 1516 migrationis
1741 1469 1816 1502 tra-

1158 1523 1250 1559 dunt
1268 1523 1378 1559 fuisse
1395 1535 1539 1559 causam
1552 1551 1562 1568 ‚
1604 1522 1816 1573 explicatio-

1157 1591 1241 1615 nem
1266 1579 1380 1615 videri
1411 1579 1621 1624 contendit,
1665 1592 1686 1616 e
1711 1577 1815 1615 simili

1159 1647 1248 1671 sono
1279 1646 1405 1671 vocum
1434 1630 1574 1684 βιῖττος
1604 1639 1639 1671 et
1676 1635 1816 1685 βαττα-

1161 1691 1280 1741 ρίζειν
1301 1690 1508 1728 confictam.
1537 1690 1668 1738 Lange
1688 1703 1816 1728 verna-

1161 1747 1259 1784 culus
1279 1747 1458 1795 interpres
1474 1748 1524 1783 ita
1543 1748 1817 1795 interpretatur:

1161 1802 1238 1840 Der
1263 1805 1418 1838 stottertc
1438 1803 1513 1839 und
1535 1803 1735 1839 stammelte.

1221 1855 1314 1896 ἄλλο
1333 1857 1386 1908 τι]
1427 1859 1448 1895 i.
1466 1872 1496 1896 e.
1518 1860 1556 1894 ob
1576 1859 1686 1895 aliam
1705 1871 1818 1908 quan-

1163 1913 1245 1950 dam
1265 1927 1419 1951 causam.
1471 1915 1647 1952 Nimirum
1672 1915 1816 1952 aliunde

1162 1972 1329 2008 novimus
1349 1971 1459 2008 Batto
1484 1978 1593 2008 antea
1614 1972 1725 2008 fuisse
1750 1983 1818 2007 no-

1163 2040 1247 2064 rnen
1267 2028 1478 2064 Aristotelis.
1509 2028 1616 2064 Conf.
1630 2027 1749 2064 Schol.
1769 2027 1818 2063 ad

1164 2083 1268 2120 Pind.
1287 2084 1478 2131 Pytan,
1514 2083 1604 2123 104.
1634 2083 1688 2130 V,
1724 2084 1818 2128 117,

1164 2141 1212 2176 ad
1246 2139 1453 2176 Callimach.
1492 2140 1529 2175 in
1561 2139 1715 2190 Apollin.
1750 2139 1819 2185 75,

1164 2196 1225 2233 ubi
1246 2196 1317 2232 vid.
1338 2195 1534 2245 Spanhem.
1554 2209 1589 2246 p.
1617 2197 1707 2236 128.
1740 2194 1820 2231 He·
1890 2211 1892 2219 ι

1163 2251 1285 2288 raclid.
1308 2252 1447 2289 Pontio.
1468 2251 1490 2288 l.
1511 2251 1534 2288 l.
1583 2250 1678 2287 Add.
1703 2250 1745 2288 C.
1769 2251 1816 2286 Ο.

1163 2307 1306 2344 Miiller.
1325 2308 1541 2344 Orchomen.
1571 2321 1606 2356 p.
1622 2305 1708 2345 '343
1739 2310 1817 2342 not.

1164 2366 1203 2403 2.
1251 2363 1391 2412 Thrige
1427 2363 1525 2400 Hist.
1562 2364 1693 2411 Cyren.
1730 2374 1817 2412 pag.
1887 2381 1889 2387 ι

1164 2417 1218 2461 44
1239 2433 1315 2468 seq.

1221 2476 1371 2526 Λίβυες
1390 2471 1463 2525 yolo
1484 2471 1644 2523 βασιλέα
1664 2467 1818 2511 Βάττον

1166 2529 1363 2580 καλέουσι]
1404 2530 1565 2567 Pertinet
1583 2531 1672 2574 huc,
1704 2533 1745 2566 ut
1766 2529 1818 2565 vi..

1167 2589 1292 2634 detur,
1315 2586 1474 2635 Hesych.
1499 2586 1512 2622 l
1538 2600 1574 2636 p.
1598 2586 1690 2626 708.
1719 2580 1816 2623 Bolv-

1167 2658 1231 2689 τος
1252 2654 1260 2662 ·
1341 2638 1522 2691 βασιλεύς
1544 2670 1555 2688 ,
1624 2637 1817 2690 τύραννος

1165 2699 1336 2749 Λίβυες·
1367 2694 1659 2747 τραυλόφωνος,
1690 2692 1818 2747 ἰσχνό-

1166 2769 1312 2805 φωνος.
1357 2755 1492 2800 „Confi
1523 2754 1683 2791 Lexieon
1719 2766 1817 2790 voce.

1164 2811 1370 2861 peregrinn.
1409 2810 1445 2847 in
1479 2810 1712 2860 scriptoribus
1752 2810 1819 2846 ob-

1165 2868 1301 2903 viatum
1326 2864 1378 2917 (in
1392 2866 1570 2916 Stephani
1588 2865 1763 2903 Thesaur.
1781 2878 1817 2913 p.

1166 2922 1332 2961 CCCXC
1352 2918 1451 2975 seq.)
1473 2923 1510 2960 in
1529 2917 1718 2968 Boznogf‘
1753 2920 1816 2959 Cr.
