1904 3304
400 270 456 309 26

798 269 1271 309 HERODOTI

347 384 390 418 12
402 376 455 434 δή
484 380 623 421 ταῦτα
650 376 881 433 ἐπειρώτα,
907 377 930 422 ὁ
961 377 1005 422 δ’
1028 377 1226 435 ἀμείβετο
1255 381 1424 423 τοῖσδε·
1469 376 1558 432 „KQ
1586 385 1669 424 παῖ

399 447 580 504 Κύρου,
619 449 671 492 τὰ
707 449 787 505 μὲν
817 448 962 506 οἶκήϊα
991 444 1048 506 ἦν
1075 450 1186 505 μέζω
1217 450 1329 494 κακοὶ
1368 450 1397 506 ἢ
1427 450 1534 495 ὥστε
1564 449 1722 495 ἀνα-60

400 522 586 564 κλαίειν·
634 520 682 564 τὸ
715 520 759 564 δὲ
791 525 872 564 τοῦ
909 520 1086 576 ἑταίρου
1115 521 1303 573 πένθος,
1353 521 1476 574 ἄξιον
1504 517 1561 578 ἦν
1591 524 1665 566 δα-

399 590 577 644 notiam·
618 590 667 642 ὃς
696 592 743 635 ἐκ
773 595 948 635 πολλῶν
976 607 1020 635 τε
1049 592 1123 635 καὶ
1152 590 1427 646 εὐδαιμόνων
1456 592 1664 645 ἐκπεσών,

400 660 444 713 ἐς
469 665 690 719 mmmm
717 662 895 707 ἀπῖκται
925 663 992 708 ἐπὶ
1020 662 1185 721 γήραος
1207 661 1339 718 οὐδῷ.

344 815 527 865 spondeat
556 815 857 862 Psammiticlius,
895 828 938 853 ac
970 816 1001 852 si

343 884 423 908 cum
445 872 525 922 ipso
556 885 644 921 rege
675 874 859 922 praesenti
887 872 1000 910 collo-

344 933 526 977 queretur.
587 929 677 965 Mihi
708 929 775 966 hoc
804 930 1001 979 speciosius

343 997 452 1033 quam
471 986 589 1023 verius
607 986 760 1022 videtur.
789 985 922 1022 Matth.
942 999 1002 1022 ex-

341 1040 457 1077 hibuit
481 1037 755 1090 πυνθοῖνομαι.
805 1041 864 1078 Ad
891 1043 1002 1079 verba

343 1095 444 1147 μέζω
477 1095 579 1137 κακοὶ
600 1094 627 1149 ἦ
655 1095 752 1137 ὥστε
774 1093 1003 1137 α’νακλαίειν

344 1151 422 1206 (ubi
445 1150 473 1205 ἢ
492 1156 597 1193 abest
618 1167 640 1192 a
660 1155 874 1193 Florentino
892 1156 1004 1192 binis-

343 1223 416 1258 que
441 1210 536 1261 aliis)
564 1213 659 1248 conf.
683 1211 816 1249 Matth.
842 1212 907 1248 Gr.
936 1213 1002 1248 Gr.

344 1264 382 1317 ὃ.
403 1266 499 1313 448,
520 1267 554 1304 b.
614 1268 696 1304 Alia
717 1268 880 1318 exempla
904 1268 1003 1304 locu-

341 1324 464 1370 tionis,
494 1324 531 1360 in
551 1336 623 1373 qua
645 1320 744 1363 ὥστε
762 1325 881 1361 omitti
909 1337 1002 1373 quo-

342 1392 414 1428 que
442 1385 580 1429 potest,
609 1382 656 1417 ad
678 1381 712 1417 h.
737 1381 857 1431 ipsum
887 1380 1005 1418 locum

341 1434 488 1484 collegit
510 1436 683 1474 Valcken.

398 1490 463 1530 ἐπὶ
486 1488 635 1544 γήραος
660 1489 784 1548 οὐδῷ]
820 1495 857 1530 in
887 1493 1005 1530 limine

340 1551 546 1595 senectutis,
589 1550 636 1587 de
669 1551 733 1596 iis,
765 1551 826 1599 qui
860 1551 907 1587 acl
943 1563 1004 1588 ex-

341 1609 494 1642 tremam
515 1611 760 1656 pervenerunt
779 1612 1001 1644 senectutem

341 1666 404 1698 aut
429 1662 591 1712 proxime
622 1664 670 1699 ad
699 1677 779 1701 eam
810 1665 1002 1700 accedunt.

343 1718 426 1761 Qua
447 1718 600 1755 formula
621 1719 814 1757 Homerica
836 1719 946 1770 (conf.
969 1733 1001 1756 v,

341 1787 372 1812 c.
396 1774 433 1810 ll.
454 1775 571 1822 XXll,
586 1777 650 1816 60.
671 1777 911 1823 xxlv,486.
926 1777 1002 1814 Od.

340 1830 423 1877 XV,
444 1831 541 1879 346)
566 1844 631 1868 nec
649 1832 752 1870 Plato
776 1846 842 1870 nec
860 1833 918 1869 alii
937 1833 1002 1869 ab-

341 1887 557 1925 stinuerunt.
588 1887 649 1925 Tu
659 1890 753 1926 conf.
771 1888 850 1927 Ast.
863 1890 910 1927 ad
921 1889 1002 1927 Pla-

341 1947 415 1980 ton.
438 1943 544 1981 Polit.
575 1945 602 1990 l,
624 1948 649 1985 2
673 1958 758 1995 pag.
782 1948 875 1988 326.
904 1948 999 1987 327.

341 2019 398 2027 —
436 2000 549 2037 Paulo
589 2006 698 2039 antea
735 2016 801 2052 pro
848 2001 1002 2049 πένθος

340 2055 604 2095 Valckenaerio
631 2059 747 2107 magis
776 2059 895 2109 placet
926 2055 1001 2097 πά-

340 2115 438 2159 θος,
469 2114 571 2162 quod
601 2128 694 2151 unus
718 2117 932 2165 suppeditat
961 2115 1002 2152 li-

341 2169 417 2206 ber.
478 2169 555 2207 Nos
573 2184 653 2208 eam
675 2173 788 2209 secuti
807 2185 928 2209 sumus
950 2172 1002 2209 le-

341 2226 510 2272 ctionem,
530 2240 626 2276 quae
645 2229 866 2277 optimorum
892 2228 1003 2265 libro-

340 2294 417 2318 rum
446 2284 624 2332 probatur
640 2297 834 2322 consensu.

398 2337 464 2376 καὶ
488 2341 609 2377 ταῦτα
634 2338 686 2386 ὥς
714 2335 1002 2390 α’πενειχθέντα

340 2391 420 2433 ’ὑπὸ
455 2391 597 2433 τούτου
637 2411 672 2433 κ.
701 2412 730 2434 τ.
763 2397 817 2446 λ.]
863 2398 1001 2434 Sensus

341 2451 531 2487 verborum
563 2453 780 2501 expeditus,
823 2459 1001 2490 structura

341 2508 577 2555 grammatica
612 2510 764 2546 maxime
797 2510 998 2558 impedita3

340 2575 449 2611 quam
478 2569 517 2600 ut
545 2565 755 2614 expediret,
792 2565 996 2614 Schweigh.

341 2615 625 2669 ἀπενειχθέντα
663 2621 891 2671 participium
932 2634 999 2671 pro

340 2676 450 2712 verbo
474 2677 576 2713 finito
605 2678 764 2727 positum
786 2678 897 2714 videri
923 2682 999 2714 sta-

339 2732 426 2777 tuit3
459 2745 680 2781 quamquam
704 2746 796 2783 quos
814 2735 921 2771 affert
942 2734 997 2769 lo-

339 2800 401 2825 cos
422 2789 469 2825 ad
488 2789 581 2826 hanc
600 2795 816 2827 structuram
840 2791 1000 2840 proban·

339 2845 424 2882 dam
446 2845 506 2890 Vl,
531 2848 594 2885 31.
615 2849 668 2887 79
686 2875 694 2891 ,
727 2848 748 2883 ii
773 2847 928 2884 maxime
950 2847 1000 2882 vi-

340 2901 472 2939 dentur
489 2914 569 2940 esse
587 2901 706 2941 alieni.
764 2903 825 2940 Ad
846 2903 1000 2941 eandem

1345 667 1370 686 “
1412 664 1502 707 Καὶ
1530 668 1668 707 ταῦτα

1058 816 1172 853 ferme
1188 814 1366 852 rationem
1386 814 1530 863 Steger.
1551 815 1646 852 hunc
1667 817 1723 852 lo-

1058 886 1136 910 cum
1159 871 1336 927 explicat,
1365 872 1412 908 ad
1436 866 1724 922 ἀπενειχθέντα

1058 928 1263 980 supplendo
1295 928 1369 976 ἠν,
1412 929 1512 977 quod
1533 929 1630 966 idem
1657 941 1721 965 va-

1058 985 1131 1023 leat
1156 989 1267 1033 atque
1294 980 1526 1035 εἷπενείχθη.
1585 985 1663 1022 Sed
1685 985 1722 1022 in

1059 1043 1287 1092 praefatione
1310 1054 1396 1091 pag.
1427 1041 1496 1077 ΧΠ
1519 1054 1622 1091 seqq.
1653 1041 1723 1078 hoc

1061 1099 1093 1135 ei
1121 1097 1310 1146 displicere
1330 1099 1434 1143 dicit3
1463 1099 1614 1136 rescribi
1644 1110 1723 1135 ma-

1060 1155 1138 1192 vult
1161 1150 1216 1192 ὦν
1246 1153 1331 1204 (pro
1365 1152 1461 1204 059),
1492 1167 1586 1203 quae
1609 1155 1723 1205 parti-

1060 1211 1138 1248 cula
1159 1212 1258 1262 apud
1271 1211 1501 1248 Herodotum
1519 1212 1566 1248 ad
1586 1212 1724 1248 oratio-

1059 1281 1144 1305 nem
1204 1267 1488 1304 continuandam
1537 1268 1722 1305 inserviat.

1061 1324 1134 1361 Pro
1161 1320 1258 1362 ’ὑπό
1295 1318 1510 1371 τούτου,
1542 1324 1644 1373 quod
1674 1325 1723 1361 ad

1061 1380 1227 1416 nuntium
1246 1392 1267 1416 a
1284 1379 1468 1429 Cambyse
1479 1380 1629 1417 missum
1642 1392 1724 1429 per-

1062 1437 1168 1483 tinet,
1197 1436 1293 1473 idem
1324 1435 1396 1485 legi
1428 1435 1504 1474 vult
1530 1433 1587 1475 τοὶ
1622 1431 1722 1475 cino*

1060 1488 1269 1539 τούτου,
1300 1493 1323 1529 ἱ.
1350 1506 1382 1530 e.
1407 1506 1495 1543 quae
1511 1493 1554 1529 ab
1576 1493 1637 1530 hoc
1656 1492 1722 1541 (sc.

1059 1548 1321 1597 Psamminito)
1392 1550 1722 1600 proficiscebantur,

1061 1619 1150 1656 quae
1171 1606 1214 1642 ab
1245 1605 1306 1642 hoc
1325 1606 1423 1643 (licta
1444 1609 1566 1643 erant!
1601 1606 1721 1644 Nobis

1059 1663 1180 1712 placet
1204 1663 1384 1713 apodosin
1413 1664 1570 1700 exordiri
1597 1675 1619 1700 a
1640 1675 1723 1700 ver-

1060 1719 1117 1756 bis
1151 1717 1204 1765 ὥς
1239 1716 1281 1756 δὲ
1309 1717 1458 1770 λέγεται
1488 1734 1524 1757 κ.
1553 1734 1584 1757 τ.
1612 1721 1669 1767 λ.,
1699 1731 1721 1756 a

1059 1776 1190 1824 quibus
1212 1776 1300 1825 ipsis
1332 1776 1500 1813 infinitivi
1525 1779 1720 1825 sequentes

1059 1828 1247 1883 δακρύειν
1283 1847 1318 1871 κ.
1346 1847 1378 1871 τ.
1411 1835 1443 1870 λ.
1481 1834 1646 1883 pendent
1677 1831 1721 1870 ea

1059 1889 1262 1936 structura,
1292 1901 1401 1938 quam
1423 1889 1472 1926 ad
1492 1890 1522 1935 I,
1546 1890 1599 1931 58
1634 1889 1721 1926 atti-

1058 1946 1199 1993 gimus3
1227 1946 1275 1982 ad
1298 1946 1487 1995 protasin,
1517 1959 1626 1995 quam
1649 1958 1721 1994 ego

1058 2002 1143 2039 mihi
1181 2003 1360 2038 constituo
1401 2015 1422 2040 e
1460 2003 1603 2040 verbis:
1652 1999 1721 2040 καὶ

1058 2061 1182 2097 ταῦτα
1206 2057 1318 2103 ὦς-
1335 2057 1535 2109 εἰρῆσθαι,
1556 2059 1610 2096 vel
1623 2058 1720 2096 idem

1057 2116 1207 2152 verbum
1228 2113 1374 2166 λέγεται
1399 2115 1642 2166 supplendum
1662 2114 1721 2152 vel

1057 2172 1253 2208 infinitivus
1271 2172 1504 2222 explicandus
1521 2172 1720 2209 secundum

1060 2241 1140 2265 eam
1171 2229 1375 2275 rationem,
1405 2229 1452 2265 de
1484 2240 1558 2277 qua
1584 2227 1718 2264 Matth.

1060 2285 1126 2323 Gr.
1149 2286 1215 2321 Gr.
1238 2283 1273 2333 ἓ
1289 2285 1383 2325 538.
1445 2283 1569 2332 ltaque
1590 2285 1621 2321 is
1642 2284 1720 2321 fere

1058 2341 1126 2377 loci
1157 2352 1284 2377 sensus
1315 2353 1396 2377 esse
1424 2339 1584 2377 videtur:
1633 2339 1719 2377 Cum

1057 2397 1155 2444 haec,
1185 2396 1300 2432 relata
1325 2409 1347 2432 a
1368 2398 1489 2432 nuntio
1519 2396 1566 2432 ad
1592 2408 1719 2444 regem,

1057 2453 1137 2489 bene
1156 2454 1218 2488 istc·
1230 2452 1327 2488 (licta
1341 2452 1548 2500 viderentur,
1560 2453 1717 2500 Croesus,

1055 2513 1095 2545 ut
1113 2510 1283 2558 Aegyptii
1295 2509 1430 2558 quidem
1441 2508 1579 2558 serunt,
1596 2510 1715 2560 lacry-

1055 2577 1129 2602 mas
1154 2565 1259 2615 fudit
1284 2571 1351 2602 etc.
1426 2565 1624 2612 Matthiae,
1655 2567 1718 2615 qui

1059 2623 1189 2659 eodem
1220 2623 1295 2659 fere
1321 2622 1432 2658 modo
1464 2621 1581 2659 locum
1604 2623 1717 2660 inter-

1054 2678 1236 2728 pretando
1260 2679 1465 2725 constituit,
1497 2678 1566 2716 hoc
1593 2683 1717 2717 tamen

1055 2735 1199 2781 adiicit,
1231 2747 1277 2771 ne
1303 2735 1353 2771 sic
1376 2735 1525 2784 quidem
1554 2739 1718 2772 constru-

1057 2791 1214 2828 ctionem
1250 2795 1346 2828 recte
1375 2792 1595 2841 procedere,
1638 2804 1718 2829 cum

1056 2848 1168 2885 verba
1185 2842 1370 2897 δακρύειν
1392 2845 1463 2898 μὲν
1486 2850 1662 2900 Κροῖσον
1681 2863 1716 2886 κ.

1058 2918 1090 2941 τ.
1114 2906 1146 2943 λ.
1175 2904 1345 2955 opposita
1375 2905 1568 2943 videantur
1598 2905 1718 2944 verbis

1729 600 1807 638 201
