<?xml version="1.0" encoding="UTF-8"?>
<!DOCTYPE html PUBLIC "-//W3C//DTD XHTML 1.0 Transitional//EN"
    "http://www.w3.org/TR/xhtml1/DTD/xhtml1-transitional.dtd">
<html xmlns="http://www.w3.org/1999/xhtml" xml:lang="en" lang="en">
 <head>
  <title>
</title>
<meta http-equiv="Content-Type" content="text/html;charset=utf-8" />
  <meta name='ocr-system' content='tesseract 3.04.00' />
  <meta name='ocr-capabilities' content='ocr_page ocr_carea ocr_par ocr_line ocrx_word'/>
</head>
<body>
  <div class='ocr_page' id='page_1' title='image "./musaeherodoto02hero_0340.png"; bbox 0 0 1904 3304; ppageno 0'>
   <div class='ocr_carea' id='block_1_1' title="bbox 407 217 1275 260">
    <p class='ocr_par' dir='ltr' id='par_1_1' title="bbox 407 217 1275 260">
     <span class='ocr_line' id='line_1_1' title="bbox 407 217 1275 260; baseline -0.007 0"><span class='ocrx_word' id='word_1_1' title='bbox 407 221 490 260; x_wconf 79' lang='lat'><strong>332</strong></span> <span class='ocrx_word' id='word_1_2' title='bbox 801 217 1275 256; x_wconf 87' lang='lat' dir='ltr'>HERODOTI</span> 
     </span>
    </p>
   </div>
   <div class='ocr_carea' id='block_1_2' title="bbox 280 324 1669 381">
    <p class='ocr_par' dir='ltr' id='par_1_2' title="bbox 280 324 1669 381">
     <span class='ocr_line' id='line_1_2' title="bbox 280 324 1669 381; baseline -0.002 -10"><span class='ocrx_word' id='word_1_3' title='bbox 280 334 346 379; x_wconf 83' lang='grc'><strong>28</strong></span> <span class='ocrx_word' id='word_1_4' title='bbox 402 329 451 371; x_wconf 73' lang='grc' dir='ltr'><strong>ἓν</strong></span> <span class='ocrx_word' id='word_1_5' title='bbox 472 328 676 370; x_wconf 79' lang='grc' dir='ltr'><strong><em>καλέουσι</em></strong></span> <span class='ocrx_word' id='word_1_6' title='bbox 697 324 891 376; x_wconf 81' lang='grc' dir='ltr'><strong><em>Σκύθαι,</em></strong></span> <span class='ocrx_word' id='word_1_7' title='bbox 917 329 1031 368; x_wconf 83' lang='grc' dir='ltr'>σποῦ</span> <span class='ocrx_word' id='word_1_8' title='bbox 1051 325 1095 369; x_wconf 76' lang='grc' dir='ltr'><strong>δὲ</strong></span> <span class='ocrx_word' id='word_1_9' title='bbox 1118 326 1194 368; x_wconf 84' lang='grc' dir='ltr'><strong>τὸν</strong></span> <span class='ocrx_word' id='word_1_10' title='bbox 1216 324 1461 381; x_wconf 79' lang='grc' dir='ltr'><strong><em>ὀφθαλμόν.</em></strong></span> <span class='ocrx_word' id='word_1_11' title='bbox 1494 327 1669 380; x_wconf 83' lang='grc' dir='ltr'><em>Λυσχεί-</em></span> 
     </span>
    </p>
   </div>
   <div class='ocr_carea' id='block_1_3' title="bbox 73 394 1670 468">
    <p class='ocr_par' dir='ltr' id='par_1_3' title="bbox 73 394 1670 468">
     <span class='ocr_line' id='line_1_3' title="bbox 73 394 1670 468; baseline -0.003 -26"><span class='ocrx_word' id='word_1_12' title='bbox 73 399 352 468; x_wconf 53' lang='grc' dir='ltr'><strong>ξὲξξὲζῗωθᾛᾞζ</strong></span> <span class='ocrx_word' id='word_1_13' title='bbox 410 413 542 454; x_wconf 82' lang='grc' dir='ltr'><em>μερος</em></span> <span class='ocrx_word' id='word_1_14' title='bbox 582 396 627 440; x_wconf 81' lang='grc' dir='ltr'><strong>δὲ</strong></span> <span class='ocrx_word' id='word_1_15' title='bbox 666 395 775 452; x_wconf 81' lang='grc' dir='ltr'><strong><em>αὕτη</em></strong></span> <span class='ocrx_word' id='word_1_16' title='bbox 814 394 841 451; x_wconf 86' lang='grc' dir='ltr'><strong><em>ἡ</em></strong></span> <span class='ocrx_word' id='word_1_17' title='bbox 882 400 1196 452; x_wconf 81' lang='grc' dir='ltr'><strong><em>καταλεχθεῖσα</em></strong></span> <span class='ocrx_word' id='word_1_18' title='bbox 1236 400 1354 440; x_wconf 85' lang='grc' dir='ltr'><strong><em>πᾶσα</em></strong></span> <span class='ocrx_word' id='word_1_19' title='bbox 1395 395 1513 453; x_wconf 76' lang='grc' dir='ltr'><strong><em>χώρη</em></strong></span> <span class='ocrx_word' id='word_1_20' title='bbox 1555 395 1670 439; x_wconf 79' lang='grc' dir='ltr'><em>οὕτω</em></span> 
     </span>
    </p>
   </div>
   <div class='ocr_carea' id='block_1_4' title="bbox 354 494 624 501">
    <p class='ocr_par' dir='ltr' id='par_1_4' title="bbox 354 494 624 501">
     <span class='ocr_line' id='line_1_4' title="bbox 354 494 624 501; baseline 0 0"><span class='ocrx_word' id='word_1_21' title='bbox 354 494 624 501; x_wconf 95' lang='lat' dir='ltr'><strong> </strong></span> 
     </span>
    </p>
   </div>
   <div class='ocr_carea' id='block_1_5' title="bbox 352 545 1728 652">
    <p class='ocr_par' dir='ltr' id='par_1_5' title="bbox 352 545 1728 652">
     <span class='ocr_line' id='line_1_5' title="bbox 352 545 1728 596; baseline -0.004 -11"><span class='ocrx_word' id='word_1_22' title='bbox 352 551 505 593; x_wconf 84' lang='lat' dir='ltr'><strong>ctorum,</strong></span> <span class='ocrx_word' id='word_1_23' title='bbox 526 547 643 596; x_wconf 91' lang='lat' dir='ltr'><strong>quiin</strong></span> <span class='ocrx_word' id='word_1_24' title='bbox 669 547 705 582; x_wconf 93' lang='lat' dir='ltr'><strong>in</strong></span> <span class='ocrx_word' id='word_1_25' title='bbox 727 546 875 583; x_wconf 85' lang='lat' dir='ltr'><strong>sedibus</strong></span> <span class='ocrx_word' id='word_1_26' title='bbox 894 547 1015 595; x_wconf 81' lang='lat' dir='ltr'><strong>gentis</strong></span> <span class='ocrx_word' id='word_1_27' title='bbox 1074 558 1146 582; x_wconf 90' lang='lat' dir='ltr'><strong>uno</strong></span> <span class='ocrx_word' id='word_1_28' title='bbox 1183 551 1321 584; x_wconf 87' lang='lat' dir='ltr'><strong>tantum</strong></span> <span class='ocrx_word' id='word_1_29' title='bbox 1365 548 1543 584; x_wconf 79' lang='lat' dir='ltr'><strong>foramine</strong></span> <span class='ocrx_word' id='word_1_30' title='bbox 1580 545 1728 583; x_wconf 69' lang='lat' dir='ltr'><strong>videndi</strong></span> 
     </span>
     <span class='ocr_line' id='line_1_6' title="bbox 353 603 1728 652; baseline -0.001 -12"><span class='ocrx_word' id='word_1_31' title='bbox 353 603 611 652; x_wconf 81' lang='lat' dir='ltr'><strong>investigandis</strong></span> <span class='ocrx_word' id='word_1_32' title='bbox 628 603 878 649; x_wconf 74' lang='lat' dir='ltr'>desudarunt,</span> <span class='ocrx_word' id='word_1_33' title='bbox 914 616 1014 639; x_wconf 89' lang='lat' dir='ltr'><strong>com·</strong></span> <span class='ocrx_word' id='word_1_34' title='bbox 1072 615 1182 639; x_wconf 86' lang='lat' dir='ltr'><strong>causa</strong></span> <span class='ocrx_word' id='word_1_35' title='bbox 1221 604 1329 641; x_wconf 85' lang='lat' dir='ltr'><strong>suerit</strong></span> <span class='ocrx_word' id='word_1_36' title='bbox 1368 604 1601 650; x_wconf 86' lang='lat' dir='ltr'><strong>instructum,</strong></span> <span class='ocrx_word' id='word_1_37' title='bbox 1654 603 1728 638; x_wconf 77' lang='lat' dir='ltr'><strong>sive</strong></span> 
     </span>
    </p>
   </div>
   <div class='ocr_carea' id='block_1_6' title="bbox 345 658 1015 2907">
    <p class='ocr_par' dir='ltr' id='par_1_6' title="bbox 345 658 1015 2907">
     <span class='ocr_line' id='line_1_7' title="bbox 352 658 1014 707; baseline -0.006 -9"><span class='ocrx_word' id='word_1_38' title='bbox 352 666 486 698; x_wconf 86' lang='lat' dir='ltr'><strong>menta.</strong></span> <span class='ocrx_word' id='word_1_39' title='bbox 533 660 632 695; x_wconf 83' lang='lat' dir='ltr'>Inter</span> <span class='ocrx_word' id='word_1_40' title='bbox 662 671 753 707; x_wconf 92' lang='lat' dir='ltr'><strong>quos</strong></span> <span class='ocrx_word' id='word_1_41' title='bbox 771 658 829 696; x_wconf 90' lang='lat' dir='ltr'><strong>De</strong></span> <span class='ocrx_word' id='word_1_42' title='bbox 846 659 1014 706; x_wconf 83' lang='lat' dir='ltr'><strong>Guignes</strong></span> 
     </span>
     <span class='ocr_line' id='line_1_8' title="bbox 353 715 1015 765; baseline -0.003 -12"><span class='ocrx_word' id='word_1_43' title='bbox 353 716 485 765; x_wconf 80' lang='lat' dir='ltr'><strong>(Mem.</strong></span> <span class='ocrx_word' id='word_1_44' title='bbox 498 716 542 753; x_wconf 87' lang='lat' dir='ltr'><strong>de</strong></span> <span class='ocrx_word' id='word_1_45' title='bbox 552 715 689 753; x_wconf 90' lang='lat' dir='ltr'><strong>l&#39;Acad.</strong></span> <span class='ocrx_word' id='word_1_46' title='bbox 703 716 738 752; x_wconf 92' lang='lat' dir='ltr'><strong>d.</strong></span> <span class='ocrx_word' id='word_1_47' title='bbox 754 715 862 752; x_wconf 92' lang='lat' dir='ltr'><strong>lnscr.</strong></span> <span class='ocrx_word' id='word_1_48' title='bbox 874 715 1015 751; x_wconf 81' lang='lat' dir='ltr'>XXXV</span> 
     </span>
     <span class='ocr_line' id='line_1_9' title="bbox 352 771 1013 824; baseline -0.003 -15"><span class='ocrx_word' id='word_1_49' title='bbox 352 787 389 824; x_wconf 89' lang='lat' dir='ltr'><strong>p.</strong></span> <span class='ocrx_word' id='word_1_50' title='bbox 411 774 538 821; x_wconf 77' lang='lat'><strong>562),</strong></span> <span class='ocrx_word' id='word_1_51' title='bbox 575 776 617 808; x_wconf 92' lang='lat' dir='ltr'><strong>ut</strong></span> <span class='ocrx_word' id='word_1_52' title='bbox 642 772 729 809; x_wconf 89' lang='lat' dir='ltr'><strong>inde</strong></span> <span class='ocrx_word' id='word_1_53' title='bbox 756 772 900 815; x_wconf 81' lang='lat' dir='ltr'><strong>ordiar,</strong></span> <span class='ocrx_word' id='word_1_54' title='bbox 928 771 1013 808; x_wconf 70' lang='lat' dir='ltr'><strong>Are·-</strong></span> 
     </span>
     <span class='ocr_line' id='line_1_10' title="bbox 350 827 1011 879; baseline -0.002 -14"><span class='ocrx_word' id='word_1_55' title='bbox 350 842 485 879; x_wconf 78' lang='lat' dir='ltr'><strong>maspos</strong></span> <span class='ocrx_word' id='word_1_56' title='bbox 506 829 719 865; x_wconf 89' lang='lat' dir='ltr'><strong>Sinensibus</strong></span> <span class='ocrx_word' id='word_1_57' title='bbox 745 827 820 864; x_wconf 88' lang='lat' dir='ltr'><strong>vult</strong></span> <span class='ocrx_word' id='word_1_58' title='bbox 842 828 1011 876; x_wconf 80' lang='lat' dir='ltr'><strong>cognitos</strong></span> 
     </span>
     <span class='ocr_line' id='line_1_11' title="bbox 349 884 1011 933; baseline -0.003 -11"><span class='ocrx_word' id='word_1_59' title='bbox 349 887 462 923; x_wconf 81' lang='lat' dir='ltr'><strong>fuisse</strong></span> <span class='ocrx_word' id='word_1_60' title='bbox 495 885 560 921; x_wconf 91' lang='lat' dir='ltr'><strong>sub</strong></span> <span class='ocrx_word' id='word_1_61' title='bbox 588 885 735 922; x_wconf 89' lang='lat' dir='ltr'><strong>nomine</strong></span> <span class='ocrx_word' id='word_1_62' title='bbox 763 884 1011 933; x_wconf 74' lang='lat' dir='ltr'><strong>Hz&#39;ong-nou,</strong></span> 
     </span>
     <span class='ocr_line' id='line_1_12' title="bbox 349 941 1012 991; baseline -0.002 -13"><span class='ocrx_word' id='word_1_63' title='bbox 349 943 413 991; x_wconf 89' lang='lat' dir='ltr'><strong>qui</strong></span> <span class='ocrx_word' id='word_1_64' title='bbox 433 955 454 978; x_wconf 91' lang='lat' dir='ltr'><strong>a</strong></span> <span class='ocrx_word' id='word_1_65' title='bbox 482 941 732 991; x_wconf 85' lang='lat' dir='ltr'>septentrione</span> <span class='ocrx_word' id='word_1_66' title='bbox 753 941 865 978; x_wconf 89' lang='lat' dir='ltr'><strong>Sinae</strong></span> <span class='ocrx_word' id='word_1_67' title='bbox 891 941 1012 978; x_wconf 90' lang='lat' dir='ltr'><strong>orien-</strong></span> 
     </span>
     <span class='ocr_line' id='line_1_13' title="bbox 349 997 1011 1035; baseline -0.005 0"><span class='ocrx_word' id='word_1_68' title='bbox 349 997 432 1035; x_wconf 85' lang='lat' dir='ltr'><strong>talis</strong></span> <span class='ocrx_word' id='word_1_69' title='bbox 452 998 647 1034; x_wconf 84' lang='lat' dir='ltr'>habitarint</span> <span class='ocrx_word' id='word_1_70' title='bbox 678 998 764 1035; x_wconf 89' lang='lat' dir='ltr'><strong>inde</strong></span> <span class='ocrx_word' id='word_1_71' title='bbox 785 1010 807 1034; x_wconf 88' lang='lat' dir='ltr'><strong>a</strong></span> <span class='ocrx_word' id='word_1_72' title='bbox 830 997 938 1033; x_wconf 80' lang='lat' dir='ltr'><strong>ssuvio</strong></span> <span class='ocrx_word' id='word_1_73' title='bbox 960 997 1011 1033; x_wconf 92' lang='lat' dir='ltr'><strong>lr-</strong></span> 
     </span>
     <span class='ocr_line' id='line_1_14' title="bbox 350 1053 1012 1092; baseline -0.003 -1"><span class='ocrx_word' id='word_1_74' title='bbox 350 1055 442 1092; x_wconf 88' lang='lat' dir='ltr'><strong>tisch</strong></span> <span class='ocrx_word' id='word_1_75' title='bbox 462 1053 736 1091; x_wconf 88' lang='lat' dir='ltr'><strong>Calmuccorum</strong></span> <span class='ocrx_word' id='word_1_76' title='bbox 767 1054 803 1089; x_wconf 90' lang='lat' dir='ltr'><strong>in</strong></span> <span class='ocrx_word' id='word_1_77' title='bbox 832 1057 927 1090; x_wconf 89' lang='lat' dir='ltr'><strong>terra</strong></span> <span class='ocrx_word' id='word_1_78' title='bbox 951 1066 1012 1090; x_wconf 81' lang='lat' dir='ltr'><strong>us-</strong></span> 
     </span>
     <span class='ocr_line' id='line_1_15' title="bbox 348 1110 1010 1160; baseline -0.005 -12"><span class='ocrx_word' id='word_1_79' title='bbox 348 1124 421 1160; x_wconf 91' lang='lat' dir='ltr'><strong>que</strong></span> <span class='ocrx_word' id='word_1_80' title='bbox 443 1111 489 1147; x_wconf 85' lang='lat' dir='ltr'><strong>ad</strong></span> <span class='ocrx_word' id='word_1_81' title='bbox 512 1111 603 1147; x_wconf 86' lang='lat' dir='ltr'><strong>fines</strong></span> <span class='ocrx_word' id='word_1_82' title='bbox 625 1110 660 1147; x_wconf 89' lang='lat' dir='ltr'>T</span> <span class='ocrx_word' id='word_1_83' title='bbox 663 1110 821 1147; x_wconf 88' lang='lat' dir='ltr'><strong>artariae</strong></span> <span class='ocrx_word' id='word_1_84' title='bbox 850 1110 1010 1146; x_wconf 88' lang='lat' dir='ltr'><strong>orienta-</strong></span> 
     </span>
     <span class='ocr_line' id='line_1_16' title="bbox 347 1164 1011 1212; baseline -0.003 -9"><span class='ocrx_word' id='word_1_85' title='bbox 347 1166 422 1212; x_wconf 89' lang='lat' dir='ltr'>les,</span> <span class='ocrx_word' id='word_1_86' title='bbox 455 1167 552 1203; x_wconf 90' lang='lat' dir='ltr'><strong>unde</strong></span> <span class='ocrx_word' id='word_1_87' title='bbox 576 1166 736 1204; x_wconf 85' lang='lat' dir='ltr'><strong>secundo</strong></span> <span class='ocrx_word' id='word_1_88' title='bbox 760 1170 845 1202; x_wconf 86' lang='lat' dir='ltr'><strong>ante</strong></span> <span class='ocrx_word' id='word_1_89' title='bbox 869 1164 955 1202; x_wconf 89' lang='lat' dir='ltr'>Chr.</span> <span class='ocrx_word' id='word_1_90' title='bbox 975 1177 1011 1202; x_wconf 90' lang='lat' dir='ltr'><strong>n.</strong></span> 
     </span>
     <span class='ocr_line' id='line_1_17' title="bbox 347 1221 1010 1272; baseline -0.005 -12"><span class='ocrx_word' id='word_1_91' title='bbox 347 1222 493 1260; x_wconf 88' lang='lat' dir='ltr'><strong>saeculo</strong></span> <span class='ocrx_word' id='word_1_92' title='bbox 524 1223 560 1258; x_wconf 93' lang='lat' dir='ltr'><strong>in</strong></span> <span class='ocrx_word' id='word_1_93' title='bbox 591 1227 708 1259; x_wconf 87' lang='lat' dir='ltr'><strong>terras</strong></span> <span class='ocrx_word' id='word_1_94' title='bbox 737 1221 921 1272; x_wconf 88' lang='lat' dir='ltr'><strong>proximas</strong></span> <span class='ocrx_word' id='word_1_95' title='bbox 954 1222 1010 1257; x_wconf 91' lang='lat' dir='ltr'><strong>in-</strong></span> 
     </span>
     <span class='ocr_line' id='line_1_18' title="bbox 347 1277 1010 1328; baseline -0.005 -12"><span class='ocrx_word' id='word_1_96' title='bbox 347 1280 531 1316; x_wconf 81' lang='lat' dir='ltr'>cursiones</span> <span class='ocrx_word' id='word_1_97' title='bbox 552 1279 715 1325; x_wconf 75' lang='lat' dir='ltr'><strong>fecerint,</strong></span> <span class='ocrx_word' id='word_1_98' title='bbox 745 1278 938 1328; x_wconf 86' lang='lat' dir='ltr'><strong>ipsamque</strong></span> <span class='ocrx_word' id='word_1_99' title='bbox 951 1277 1010 1313; x_wconf 92' lang='lat' dir='ltr'><strong>Si-</strong></span> 
     </span>
     <span class='ocr_line' id='line_1_19' title="bbox 346 1333 1007 1384; baseline -0.003 -12"><span class='ocrx_word' id='word_1_100' title='bbox 346 1347 432 1372; x_wconf 85' lang='lat' dir='ltr'><strong>nam</strong></span> <span class='ocrx_word' id='word_1_101' title='bbox 457 1339 595 1372; x_wconf 88' lang='lat' dir='ltr'><strong>terrore</strong></span> <span class='ocrx_word' id='word_1_102' title='bbox 615 1334 862 1384; x_wconf 81' lang='lat' dir='ltr'><strong>impleverint.</strong></span> <span class='ocrx_word' id='word_1_103' title='bbox 922 1333 1007 1376; x_wconf 87' lang='lat' dir='ltr'><strong>Quo</strong></span> 
     </span>
     <span class='ocr_line' id='line_1_20' title="bbox 345 1391 1006 1440; baseline -0.003 -12"><span class='ocrx_word' id='word_1_104' title='bbox 345 1391 401 1429; x_wconf 85' lang='lat' dir='ltr'><strong>vel</strong></span> <span class='ocrx_word' id='word_1_105' title='bbox 429 1391 546 1440; x_wconf 83' lang='lat' dir='ltr'><strong>magis</strong></span> <span class='ocrx_word' id='word_1_106' title='bbox 574 1404 596 1428; x_wconf 91' lang='lat' dir='ltr'><strong>a</strong></span> <span class='ocrx_word' id='word_1_107' title='bbox 617 1403 704 1428; x_wconf 85' lang='lat' dir='ltr'><strong>vero</strong></span> <span class='ocrx_word' id='word_1_108' title='bbox 725 1391 916 1428; x_wconf 86' lang='lat' dir='ltr'><strong>aberrasse</strong></span> <span class='ocrx_word' id='word_1_109' title='bbox 938 1402 1006 1439; x_wconf 91' lang='lat' dir='ltr'><strong>pu-</strong></span> 
     </span>
     <span class='ocr_line' id='line_1_21' title="bbox 346 1446 1006 1496; baseline 0.003 -12"><span class='ocrx_word' id='word_1_110' title='bbox 346 1448 477 1484; x_wconf 87' lang='lat' dir='ltr'><strong>tandus</strong></span> <span class='ocrx_word' id='word_1_111' title='bbox 502 1452 556 1483; x_wconf 92' lang='lat' dir='ltr'><strong>est</strong></span> <span class='ocrx_word' id='word_1_112' title='bbox 575 1447 769 1484; x_wconf 87' lang='lat' dir='ltr'><strong>Reichard.</strong></span> <span class='ocrx_word' id='word_1_113' title='bbox 789 1447 811 1484; x_wconf 85' lang='lat' dir='ltr'><strong>l.</strong></span> <span class='ocrx_word' id='word_1_114' title='bbox 835 1446 858 1483; x_wconf 90' lang='lat' dir='ltr'><strong>l.</strong></span> <span class='ocrx_word' id='word_1_115' title='bbox 881 1460 918 1496; x_wconf 88' lang='lat' dir='ltr'><strong>p.</strong></span> <span class='ocrx_word' id='word_1_116' title='bbox 941 1450 1006 1493; x_wconf 89' lang='lat'><strong>17,</strong></span> 
     </span>
     <span class='ocr_line' id='line_1_22' title="bbox 347 1503 1009 1553; baseline -0.003 -13"><span class='ocrx_word' id='word_1_117' title='bbox 347 1505 410 1553; x_wconf 88' lang='lat' dir='ltr'><strong>qui</strong></span> <span class='ocrx_word' id='word_1_118' title='bbox 431 1504 698 1553; x_wconf 75' lang='lat' dir='ltr'><strong>Arimasporum</strong></span> <span class='ocrx_word' id='word_1_119' title='bbox 723 1516 855 1540; x_wconf 87' lang='lat' dir='ltr'><strong>nomen</strong></span> <span class='ocrx_word' id='word_1_120' title='bbox 891 1503 1009 1539; x_wconf 88' lang='lat' dir='ltr'><strong>adhuc</strong></span> 
     </span>
     <span class='ocr_line' id='line_1_23' title="bbox 350 1559 1009 1610; baseline -0.005 -13"><span class='ocrx_word' id='word_1_121' title='bbox 350 1561 483 1597; x_wconf 88' lang='lat' dir='ltr'><strong>servari</strong></span> <span class='ocrx_word' id='word_1_122' title='bbox 504 1561 692 1596; x_wconf 80' lang='lat' dir='ltr'><strong>contendit</strong></span> <span class='ocrx_word' id='word_1_123' title='bbox 710 1560 747 1596; x_wconf 91' lang='lat' dir='ltr'><strong>in</strong></span> <span class='ocrx_word' id='word_1_124' title='bbox 766 1560 904 1610; x_wconf 87' lang='lat' dir='ltr'><strong>oppido</strong></span> <span class='ocrx_word' id='word_1_125' title='bbox 914 1559 1009 1595; x_wconf 79' lang='lat' dir='ltr'><strong>Ara-</strong></span> 
     </span>
     <span class='ocr_line' id='line_1_24' title="bbox 347 1616 1009 1665; baseline -0.003 -12"><span class='ocrx_word' id='word_1_126' title='bbox 347 1616 534 1653; x_wconf 63' lang='lat' dir='ltr'><strong>masclwws</strong></span> <span class='ocrx_word' id='word_1_127' title='bbox 554 1616 640 1652; x_wconf 68' lang='lat' dir='ltr'><strong>kata</strong></span> <span class='ocrx_word' id='word_1_128' title='bbox 658 1616 825 1665; x_wconf 86' lang='lat' dir='ltr'><strong>gubernii</strong></span> <span class='ocrx_word' id='word_1_129' title='bbox 838 1616 1009 1653; x_wconf 88' lang='lat' dir='ltr'><strong>Permen-</strong></span> 
     </span>
     <span class='ocr_line' id='line_1_25' title="bbox 349 1671 1008 1722; baseline -0.006 -12"><span class='ocrx_word' id='word_1_130' title='bbox 349 1673 408 1710; x_wconf 90' lang='lat' dir='ltr'><strong>sis.</strong></span> <span class='ocrx_word' id='word_1_131' title='bbox 439 1671 593 1710; x_wconf 86' lang='lat' dir='ltr'><strong>Rennel.</strong></span> <span class='ocrx_word' id='word_1_132' title='bbox 611 1685 696 1722; x_wconf 80' lang='lat' dir='ltr'><strong>pag.</strong></span> <span class='ocrx_word' id='word_1_133' title='bbox 717 1671 797 1713; x_wconf 80' lang='lat'><strong>437</strong></span> <span class='ocrx_word' id='word_1_134' title='bbox 818 1673 911 1709; x_wconf 90' lang='lat' dir='ltr'><strong>circa</strong></span> <span class='ocrx_word' id='word_1_135' title='bbox 927 1671 1008 1707; x_wconf 87' lang='lat' dir='ltr'><strong>ludi</strong></span> 
     </span>
     <span class='ocr_line' id='line_1_26' title="bbox 347 1728 1008 1776; baseline -0.003 -11"><span class='ocrx_word' id='word_1_136' title='bbox 347 1730 468 1766; x_wconf 88' lang='lat' dir='ltr'><strong>sontes</strong></span> <span class='ocrx_word' id='word_1_137' title='bbox 506 1729 553 1766; x_wconf 91' lang='lat' dir='ltr'><strong>ad</strong></span> <span class='ocrx_word' id='word_1_138' title='bbox 592 1734 753 1765; x_wconf 90' lang='lat' dir='ltr'><strong>montem</strong></span> <span class='ocrx_word' id='word_1_139' title='bbox 785 1728 897 1774; x_wconf 80' lang='lat' dir='ltr'><strong>Altai,</strong></span> <span class='ocrx_word' id='word_1_140' title='bbox 946 1728 1008 1776; x_wconf 90' lang='lat' dir='ltr'><strong>qui</strong></span> 
     </span>
     <span class='ocr_line' id='line_1_27' title="bbox 348 1786 1008 1836; baseline -0.003 -14"><span class='ocrx_word' id='word_1_141' title='bbox 348 1787 428 1836; x_wconf 84' lang='lat' dir='ltr'><strong>ipse</strong></span> <span class='ocrx_word' id='word_1_142' title='bbox 460 1786 506 1822; x_wconf 85' lang='lat' dir='ltr'><strong>ab</strong></span> <span class='ocrx_word' id='word_1_143' title='bbox 539 1786 616 1822; x_wconf 82' lang='lat' dir='ltr'><strong>auri</strong></span> <span class='ocrx_word' id='word_1_144' title='bbox 641 1786 745 1835; x_wconf 79' lang='lat' dir='ltr'><strong>copia</strong></span> <span class='ocrx_word' id='word_1_145' title='bbox 767 1786 920 1822; x_wconf 85' lang='lat' dir='ltr'><strong>traxerit</strong></span> <span class='ocrx_word' id='word_1_146' title='bbox 941 1797 1008 1820; x_wconf 91' lang='lat' dir='ltr'><strong>no-</strong></span> 
     </span>
     <span class='ocr_line' id='line_1_28' title="bbox 349 1841 1007 1891; baseline -0.003 -12"><span class='ocrx_word' id='word_1_147' title='bbox 349 1854 446 1887; x_wconf 85' lang='lat' dir='ltr'><strong>men,</strong></span> <span class='ocrx_word' id='word_1_148' title='bbox 476 1854 554 1878; x_wconf 91' lang='lat' dir='ltr'><strong>curn</strong></span> <span class='ocrx_word' id='word_1_149' title='bbox 572 1841 661 1878; x_wconf 78' lang='lat' dir='ltr'><strong>Alta</strong></span> <span class='ocrx_word' id='word_1_150' title='bbox 683 1842 781 1891; x_wconf 85' lang='lat' dir='ltr'><strong>apud</strong></span> <span class='ocrx_word' id='word_1_151' title='bbox 794 1841 1007 1878; x_wconf 86' lang='lat' dir='ltr'><strong>Calmuccos</strong></span> 
     </span>
     <span class='ocr_line' id='line_1_29' title="bbox 350 1898 1006 1947; baseline -0.005 -12"><span class='ocrx_word' id='word_1_152' title='bbox 350 1898 621 1947; x_wconf 81' lang='lat' dir='ltr'><strong>Mongolosque</strong></span> <span class='ocrx_word' id='word_1_153' title='bbox 671 1898 823 1934; x_wconf 76' lang='lat' dir='ltr'><strong>denotet</strong></span> <span class='ocrx_word' id='word_1_154' title='bbox 867 1910 1006 1943; x_wconf 77' lang='grc' dir='ltr'><strong>αιινιιηι,</strong></span> 
     </span>
     <span class='ocr_line' id='line_1_30' title="bbox 350 1954 1008 2004; baseline -0.003 -13"><span class='ocrx_word' id='word_1_155' title='bbox 350 1959 481 2004; x_wconf 79' lang='lat' dir='ltr'><strong>gentes</strong></span> <span class='ocrx_word' id='word_1_156' title='bbox 542 1954 726 1991; x_wconf 74' lang='lat' dir='ltr'><strong>habitasse</strong></span> <span class='ocrx_word' id='word_1_157' title='bbox 793 1955 1008 2004; x_wconf 82' lang='lat' dir='ltr'><strong>suspicatur,</strong></span> 
     </span>
     <span class='ocr_line' id='line_1_31' title="bbox 349 2011 1010 2061; baseline -0.003 -13"><span class='ocrx_word' id='word_1_158' title='bbox 349 2023 501 2061; x_wconf 86' lang='lat' dir='ltr'><strong>quarum</strong></span> <span class='ocrx_word' id='word_1_159' title='bbox 542 2023 675 2048; x_wconf 90' lang='lat' dir='ltr'><strong>nomen</strong></span> <span class='ocrx_word' id='word_1_160' title='bbox 714 2023 794 2047; x_wconf 92' lang='lat' dir='ltr'><strong>cum</strong></span> <span class='ocrx_word' id='word_1_161' title='bbox 840 2011 1010 2047; x_wconf 84' lang='lat' dir='ltr'><strong>indicarit</strong></span> 
     </span>
     <span class='ocr_line' id='line_1_32' title="bbox 347 2067 1008 2117; baseline -0.003 -13"><span class='ocrx_word' id='word_1_162' title='bbox 347 2067 532 2114; x_wconf 74' lang='lat' dir='ltr'><strong>wtoculos,</strong></span> <span class='ocrx_word' id='word_1_163' title='bbox 575 2068 786 2117; x_wconf 83' lang='lat' dir='ltr'><strong>Arimaspos</strong></span> <span class='ocrx_word' id='word_1_164' title='bbox 807 2067 892 2104; x_wconf 89' lang='lat' dir='ltr'><strong>inde</strong></span> <span class='ocrx_word' id='word_1_165' title='bbox 911 2067 1008 2115; x_wconf 78' lang='lat' dir='ltr'><strong>Gry-</strong></span> 
     </span>
     <span class='ocr_line' id='line_1_33' title="bbox 347 2124 1009 2175; baseline -0.002 -15"><span class='ocrx_word' id='word_1_166' title='bbox 347 2124 515 2175; x_wconf 88' lang='lat' dir='ltr'><strong>phosque</strong></span> <span class='ocrx_word' id='word_1_167' title='bbox 542 2124 716 2161; x_wconf 86' lang='lat' dir='ltr'><strong>confictos</strong></span> <span class='ocrx_word' id='word_1_168' title='bbox 749 2136 829 2160; x_wconf 89' lang='lat' dir='ltr'><strong>esse</strong></span> <span class='ocrx_word' id='word_1_169' title='bbox 852 2124 1009 2160; x_wconf 87' lang='lat' dir='ltr'><strong>arbitra-</strong></span> 
     </span>
     <span class='ocr_line' id='line_1_34' title="bbox 350 2180 1007 2230; baseline -0.002 -13"><span class='ocrx_word' id='word_1_170' title='bbox 350 2186 420 2218; x_wconf 89' lang='lat' dir='ltr'><strong>tur.</strong></span> <span class='ocrx_word' id='word_1_171' title='bbox 464 2180 521 2217; x_wconf 84' lang='lat' dir='ltr'><strong>Ad</strong></span> <span class='ocrx_word' id='word_1_172' title='bbox 540 2193 648 2230; x_wconf 88' lang='lat' dir='ltr'><strong>quam</strong></span> <span class='ocrx_word' id='word_1_173' title='bbox 668 2181 882 2217; x_wconf 86' lang='lat' dir='ltr'><strong>sententiam</strong></span> <span class='ocrx_word' id='word_1_174' title='bbox 904 2193 1007 2216; x_wconf 84' lang='lat' dir='ltr'><strong>acce-</strong></span> 
     </span>
     <span class='ocr_line' id='line_1_35' title="bbox 349 2236 1008 2286; baseline -0.003 -12"><span class='ocrx_word' id='word_1_175' title='bbox 349 2238 463 2283; x_wconf 90' lang='lat' dir='ltr'><strong>dunt,</strong></span> <span class='ocrx_word' id='word_1_176' title='bbox 494 2249 588 2285; x_wconf 89' lang='lat' dir='ltr'><strong>quae</strong></span> <span class='ocrx_word' id='word_1_177' title='bbox 606 2237 652 2274; x_wconf 87' lang='lat' dir='ltr'><strong>de</strong></span> <span class='ocrx_word' id='word_1_178' title='bbox 671 2236 871 2286; x_wconf 87' lang='lat' dir='ltr'><strong>Arimaspis</strong></span> <span class='ocrx_word' id='word_1_179' title='bbox 892 2249 1008 2286; x_wconf 88' lang='lat' dir='ltr'><strong>nuper</strong></span> 
     </span>
     <span class='ocr_line' id='line_1_36' title="bbox 350 2293 1005 2342; baseline -0.002 -13"><span class='ocrx_word' id='word_1_180' title='bbox 350 2294 522 2330; x_wconf 79' lang='lat' dir='ltr'><strong>disseruit</strong></span> <span class='ocrx_word' id='word_1_181' title='bbox 541 2293 707 2330; x_wconf 67' lang='lat' dir='ltr'><strong>Volcker.</strong></span> <span class='ocrx_word' id='word_1_182' title='bbox 727 2293 844 2342; x_wconf 75' lang='lat' dir='ltr'><strong>Myth.</strong></span> <span class='ocrx_word' id='word_1_183' title='bbox 868 2293 1005 2341; x_wconf 83' lang='lat' dir='ltr'><strong>Geogr.</strong></span> 
     </span>
     <span class='ocr_line' id='line_1_37' title="bbox 349 2348 1006 2399; baseline -0.002 -14"><span class='ocrx_word' id='word_1_184' title='bbox 349 2350 362 2385; x_wconf 90' lang='lat' dir='ltr'><strong>l</strong></span> <span class='ocrx_word' id='word_1_185' title='bbox 383 2362 470 2399; x_wconf 81' lang='lat' dir='ltr'><strong>pag.</strong></span> <span class='ocrx_word' id='word_1_186' title='bbox 496 2350 573 2389; x_wconf 87' lang='lat'><strong>193</strong></span> <span class='ocrx_word' id='word_1_187' title='bbox 592 2362 669 2397; x_wconf 86' lang='lat' dir='ltr'><strong>seq.</strong></span> <span class='ocrx_word' id='word_1_188' title='bbox 707 2349 823 2385; x_wconf 86' lang='lat' dir='ltr'><strong>Aliam</strong></span> <span class='ocrx_word' id='word_1_189' title='bbox 845 2348 1006 2399; x_wconf 81' lang='lat' dir='ltr'><strong>appella-</strong></span> 
     </span>
     <span class='ocr_line' id='line_1_38' title="bbox 349 2405 1006 2442; baseline 0 -1"><span class='ocrx_word' id='word_1_190' title='bbox 349 2405 457 2442; x_wconf 83' lang='lat' dir='ltr'><strong>tionis</strong></span> <span class='ocrx_word' id='word_1_191' title='bbox 522 2418 665 2441; x_wconf 88' lang='lat' dir='ltr'><strong>causam</strong></span> <span class='ocrx_word' id='word_1_192' title='bbox 729 2406 1006 2442; x_wconf 85' lang='lat' dir='ltr'><strong>comminiscitur</strong></span> 
     </span>
     <span class='ocr_line' id='line_1_39' title="bbox 351 2460 1007 2511; baseline 0.002 -14"><span class='ocrx_word' id='word_1_193' title='bbox 351 2461 471 2498; x_wconf 85' lang='lat' dir='ltr'><strong>wahl.</strong></span> <span class='ocrx_word' id='word_1_194' title='bbox 493 2460 658 2510; x_wconf 91' lang='lat' dir='ltr'><strong>(Ostind.</strong></span> <span class='ocrx_word' id='word_1_195' title='bbox 681 2474 766 2511; x_wconf 81' lang='lat' dir='ltr'><strong>pag.</strong></span> <span class='ocrx_word' id='word_1_196' title='bbox 787 2460 910 2509; x_wconf 81' lang='lat'><strong>490),</strong></span> <span class='ocrx_word' id='word_1_197' title='bbox 946 2462 1007 2510; x_wconf 88' lang='lat' dir='ltr'><strong>qui</strong></span> 
     </span>
     <span class='ocr_line' id='line_1_40' title="bbox 352 2516 1008 2568; baseline 0 -15"><span class='ocrx_word' id='word_1_198' title='bbox 352 2516 565 2567; x_wconf 85' lang='lat' dir='ltr'><strong>Arimaspos</strong></span> <span class='ocrx_word' id='word_1_199' title='bbox 586 2530 695 2568; x_wconf 87' lang='lat' dir='ltr'><strong>supra</strong></span> <span class='ocrx_word' id='word_1_200' title='bbox 710 2517 920 2554; x_wconf 84' lang='lat' dir='ltr'><strong>Essedones</strong></span> <span class='ocrx_word' id='word_1_201' title='bbox 934 2517 1008 2555; x_wconf 91' lang='lat' dir='ltr'><strong>col-</strong></span> 
     </span>
     <span class='ocr_line' id='line_1_41' title="bbox 352 2573 1007 2623; baseline 0 -12"><span class='ocrx_word' id='word_1_202' title='bbox 352 2574 447 2612; x_wconf 88' lang='lat' dir='ltr'><strong>locat</strong></span> <span class='ocrx_word' id='word_1_203' title='bbox 482 2573 598 2622; x_wconf 89' lang='lat' dir='ltr'><strong>iisque</strong></span> <span class='ocrx_word' id='word_1_204' title='bbox 627 2575 810 2623; x_wconf 79' lang='lat' dir='ltr'><strong>proximos</strong></span> <span class='ocrx_word' id='word_1_205' title='bbox 848 2575 1007 2611; x_wconf 88' lang='lat' dir='ltr'><strong>tenuisse</strong></span> 
     </span>
     <span class='ocr_line' id='line_1_42' title="bbox 351 2629 1005 2667; baseline -0.002 0"><span class='ocrx_word' id='word_1_206' title='bbox 351 2631 479 2667; x_wconf 82' lang='lat' dir='ltr'><strong>statuit</strong></span> <span class='ocrx_word' id='word_1_207' title='bbox 498 2629 747 2667; x_wconf 88' lang='lat' dir='ltr'><strong>meridionales</strong></span> <span class='ocrx_word' id='word_1_208' title='bbox 763 2631 893 2667; x_wconf 88' lang='lat' dir='ltr'><strong>montis</strong></span> <span class='ocrx_word' id='word_1_209' title='bbox 912 2630 1005 2666; x_wconf 82' lang='lat' dir='ltr'><strong>Altai</strong></span> 
     </span>
     <span class='ocr_line' id='line_1_43' title="bbox 351 2686 1006 2735; baseline -0.003 -11"><span class='ocrx_word' id='word_1_210' title='bbox 351 2690 501 2724; x_wconf 80' lang='lat' dir='ltr'><strong>tractus,</strong></span> <span class='ocrx_word' id='word_1_211' title='bbox 559 2686 654 2723; x_wconf 89' lang='lat' dir='ltr'><strong>Nam</strong></span> <span class='ocrx_word' id='word_1_212' title='bbox 691 2691 839 2735; x_wconf 82' lang='lat' dir='ltr'><strong>gentem</strong></span> <span class='ocrx_word' id='word_1_213' title='bbox 878 2699 1006 2723; x_wconf 85' lang='lat' dir='ltr'><strong>noma-</strong></span> 
     </span>
     <span class='ocr_line' id='line_1_44' title="bbox 351 2742 1006 2780; baseline -0.002 0"><span class='ocrx_word' id='word_1_214' title='bbox 351 2743 469 2780; x_wconf 86' lang='lat' dir='ltr'><strong>dicam</strong></span> <span class='ocrx_word' id='word_1_215' title='bbox 492 2743 577 2780; x_wconf 89' lang='lat' dir='ltr'><strong>inde</strong></span> <span class='ocrx_word' id='word_1_216' title='bbox 595 2743 781 2779; x_wconf 53' lang='lat' dir='ltr'><strong>unat-ulam</strong></span> <span class='ocrx_word' id='word_1_217' title='bbox 810 2742 880 2779; x_wconf 87' lang='lat' dir='ltr'><strong>dici</strong></span> <span class='ocrx_word' id='word_1_218' title='bbox 910 2743 1006 2780; x_wconf 90' lang='lat' dir='ltr'><strong>arbi-</strong></span> 
     </span>
     <span class='ocr_line' id='line_1_45' title="bbox 351 2799 1003 2848; baseline -0.003 -11"><span class='ocrx_word' id='word_1_219' title='bbox 351 2804 488 2846; x_wconf 88' lang='lat' dir='ltr'><strong>tratur,</strong></span> <span class='ocrx_word' id='word_1_220' title='bbox 527 2800 626 2848; x_wconf 92' lang='lat' dir='ltr'><strong>quod</strong></span> <span class='ocrx_word' id='word_1_221' title='bbox 651 2804 778 2836; x_wconf 86' lang='lat' dir='ltr'><strong>contra</strong></span> <span class='ocrx_word' id='word_1_222' title='bbox 803 2799 918 2848; x_wconf 82' lang='lat' dir='ltr'><strong>frigus</strong></span> <span class='ocrx_word' id='word_1_223' title='bbox 941 2812 1003 2835; x_wconf 88' lang='lat' dir='ltr'><strong>ca-</strong></span> 
     </span>
     <span class='ocr_line' id='line_1_46' title="bbox 349 2855 1004 2907; baseline 0 -14"><span class='ocrx_word' id='word_1_224' title='bbox 349 2857 433 2907; x_wconf 89' lang='lat' dir='ltr'><strong>pitis</strong></span> <span class='ocrx_word' id='word_1_225' title='bbox 457 2856 619 2905; x_wconf 84' lang='lat' dir='ltr'><strong>tegmine</strong></span> <span class='ocrx_word' id='word_1_226' title='bbox 643 2869 707 2893; x_wconf 91' lang='lat' dir='ltr'><strong>usa</strong></span> <span class='ocrx_word' id='word_1_227' title='bbox 730 2856 777 2893; x_wconf 90' lang='lat' dir='ltr'><strong>sit</strong></span> <span class='ocrx_word' id='word_1_228' title='bbox 794 2855 874 2902; x_wconf 86' lang='lat' dir='ltr'><strong>tali,</strong></span> <span class='ocrx_word' id='word_1_229' title='bbox 905 2856 1004 2905; x_wconf 87' lang='lat' dir='ltr'><strong>quod</strong></span> 
     </span>
    </p>
   </div>
   <div class='ocr_carea' id='block_1_7' title="bbox 1061 660 1729 2906">
    <p class='ocr_par' dir='ltr' id='par_1_7' title="bbox 1064 660 1729 1665">
     <span class='ocr_line' id='line_1_47' title="bbox 1072 660 1729 709; baseline 0.002 -15"><span class='ocrx_word' id='word_1_230' title='bbox 1072 660 1171 708; x_wconf 88' lang='lat' dir='ltr'><strong>quod</strong></span> <span class='ocrx_word' id='word_1_231' title='bbox 1201 672 1345 696; x_wconf 91' lang='lat' dir='ltr'><strong>arcuum</strong></span> <span class='ocrx_word' id='word_1_232' title='bbox 1374 660 1642 696; x_wconf 84' lang='lat' dir='ltr'><strong>tractandorum</strong></span> <span class='ocrx_word' id='word_1_233' title='bbox 1662 671 1729 709; x_wconf 90' lang='lat' dir='ltr'><strong>pe-</strong></span> 
     </span>
     <span class='ocr_line' id='line_1_48' title="bbox 1071 715 1729 765; baseline -0.002 -14"><span class='ocrx_word' id='word_1_234' title='bbox 1071 716 1242 752; x_wconf 83' lang='lat' dir='ltr'><strong>ritissima</strong></span> <span class='ocrx_word' id='word_1_235' title='bbox 1266 729 1357 765; x_wconf 80' lang='lat' dir='ltr'><strong>gens</strong></span> <span class='ocrx_word' id='word_1_236' title='bbox 1385 717 1422 752; x_wconf 93' lang='lat' dir='ltr'><strong>in</strong></span> <span class='ocrx_word' id='word_1_237' title='bbox 1450 715 1659 760; x_wconf 87' lang='lat' dir='ltr'><strong>iaculando,</strong></span> <span class='ocrx_word' id='word_1_238' title='bbox 1689 717 1729 750; x_wconf 88' lang='lat' dir='ltr'><strong>ut</strong></span> 
     </span>
     <span class='ocr_line' id='line_1_49' title="bbox 1071 770 1729 818; baseline -0.003 -11"><span class='ocrx_word' id='word_1_239' title='bbox 1071 771 1132 818; x_wconf 83' lang='lat' dir='ltr'><strong>fit,</strong></span> <span class='ocrx_word' id='word_1_240' title='bbox 1162 785 1274 810; x_wconf 91' lang='lat' dir='ltr'><strong>unum</strong></span> <span class='ocrx_word' id='word_1_241' title='bbox 1295 770 1437 808; x_wconf 92' lang='lat' dir='ltr'><strong>oculum</strong></span> <span class='ocrx_word' id='word_1_242' title='bbox 1461 771 1652 808; x_wconf 84' lang='lat' dir='ltr'><strong>occludere</strong></span> <span class='ocrx_word' id='word_1_243' title='bbox 1669 783 1729 806; x_wconf 89' lang='lat' dir='ltr'><strong>so-</strong></span> 
     </span>
     <span class='ocr_line' id='line_1_50' title="bbox 1070 827 1728 876; baseline -0.005 -12"><span class='ocrx_word' id='word_1_244' title='bbox 1070 827 1132 864; x_wconf 87' lang='lat' dir='ltr'><strong>lita</strong></span> <span class='ocrx_word' id='word_1_245' title='bbox 1168 829 1225 864; x_wconf 87' lang='lat' dir='ltr'><strong>sit.</strong></span> <span class='ocrx_word' id='word_1_246' title='bbox 1282 828 1337 865; x_wconf 89' lang='lat' dir='ltr'><strong>Ac</strong></span> <span class='ocrx_word' id='word_1_247' title='bbox 1373 829 1531 876; x_wconf 90' lang='lat' dir='ltr'><strong>denique</strong></span> <span class='ocrx_word' id='word_1_248' title='bbox 1563 828 1728 864; x_wconf 85' lang='lat' dir='ltr'><strong>Ritterus</strong></span> 
     </span>
     <span class='ocr_line' id='line_1_51' title="bbox 1071 881 1727 934; baseline 0.015 -15"><span class='ocrx_word' id='word_1_249' title='bbox 1071 884 1260 933; x_wconf 86' lang='lat' dir='ltr'><strong>(Vorhalle</strong></span> <span class='ocrx_word' id='word_1_250' title='bbox 1287 897 1372 934; x_wconf 85' lang='lat' dir='ltr'><strong>pag.</strong></span> <span class='ocrx_word' id='word_1_251' title='bbox 1405 886 1487 925; x_wconf 81' lang='lat'><strong>282</strong></span> <span class='ocrx_word' id='word_1_252' title='bbox 1517 896 1593 932; x_wconf 72' lang='lat' dir='ltr'><strong>seq·</strong></span> <span class='ocrx_word' id='word_1_253' title='bbox 1625 881 1727 929; x_wconf 88' lang='lat'>305)</span> 
     </span>
     <span class='ocr_line' id='line_1_52' title="bbox 1069 939 1728 991; baseline -0.005 -14"><span class='ocrx_word' id='word_1_254' title='bbox 1069 940 1302 991; x_wconf 87' lang='lat' dir='ltr'><strong>Arimaspos,</strong></span> <span class='ocrx_word' id='word_1_255' title='bbox 1342 941 1555 986; x_wconf 85' lang='lat' dir='ltr'><strong>Issedones,</strong></span> <span class='ocrx_word' id='word_1_256' title='bbox 1585 939 1728 976; x_wconf 85' lang='lat' dir='ltr'><strong>Massa-</strong></span> 
     </span>
     <span class='ocr_line' id='line_1_53' title="bbox 1069 995 1728 1045; baseline -0.003 -12"><span class='ocrx_word' id='word_1_257' title='bbox 1069 1001 1174 1045; x_wconf 84' lang='lat' dir='ltr'><strong>getas</strong></span> <span class='ocrx_word' id='word_1_258' title='bbox 1207 998 1254 1034; x_wconf 88' lang='lat' dir='ltr'><strong>ad</strong></span> <span class='ocrx_word' id='word_1_259' title='bbox 1285 996 1559 1033; x_wconf 87' lang='lat' dir='ltr'><strong>meridionalem</strong></span> <span class='ocrx_word' id='word_1_260' title='bbox 1583 995 1655 1032; x_wconf 81' lang='lat' dir='ltr'><strong>Oxi</strong></span> <span class='ocrx_word' id='word_1_261' title='bbox 1679 995 1728 1031; x_wconf 90' lang='lat' dir='ltr'><strong>ri-</strong></span> 
     </span>
     <span class='ocr_line' id='line_1_54' title="bbox 1067 1051 1728 1103; baseline -0.005 -13"><span class='ocrx_word' id='word_1_262' title='bbox 1067 1066 1152 1103; x_wconf 87' lang='lat' dir='ltr'><strong>pam</strong></span> <span class='ocrx_word' id='word_1_263' title='bbox 1187 1054 1224 1090; x_wconf 92' lang='lat' dir='ltr'><strong>in</strong></span> <span class='ocrx_word' id='word_1_264' title='bbox 1257 1054 1410 1102; x_wconf 87' lang='lat' dir='ltr'><strong>antiqua</strong></span> <span class='ocrx_word' id='word_1_265' title='bbox 1444 1052 1592 1090; x_wconf 86' lang='lat' dir='ltr'><strong>Bactria</strong></span> <span class='ocrx_word' id='word_1_266' title='bbox 1624 1051 1728 1089; x_wconf 88' lang='lat' dir='ltr'><strong>habi-</strong></span> 
     </span>
     <span class='ocr_line' id='line_1_55' title="bbox 1067 1108 1727 1160; baseline -0.005 -14"><span class='ocrx_word' id='word_1_267' title='bbox 1067 1115 1164 1147; x_wconf 84' lang='lat' dir='ltr'><strong>tasse</strong></span> <span class='ocrx_word' id='word_1_268' title='bbox 1196 1122 1360 1160; x_wconf 81' lang='lat' dir='ltr'><strong>ponenS,</strong></span> <span class='ocrx_word' id='word_1_269' title='bbox 1401 1110 1499 1159; x_wconf 88' lang='lat' dir='ltr'><strong>ipsos</strong></span> <span class='ocrx_word' id='word_1_270' title='bbox 1526 1108 1727 1158; x_wconf 75' lang='lat' dir='ltr'><strong>Arimaspos</strong></span> 
     </span>
     <span class='ocr_line' id='line_1_56' title="bbox 1066 1165 1726 1216; baseline -0.002 -14"><span class='ocrx_word' id='word_1_271' title='bbox 1066 1179 1133 1216; x_wconf 91' lang='lat' dir='ltr'><strong>pro</strong></span> <span class='ocrx_word' id='word_1_272' title='bbox 1163 1178 1235 1202; x_wconf 87' lang='lat' dir='ltr'><strong>una</strong></span> <span class='ocrx_word' id='word_1_273' title='bbox 1260 1166 1356 1202; x_wconf 88' lang='lat' dir='ltr'><strong>tribu</strong></span> <span class='ocrx_word' id='word_1_274' title='bbox 1383 1165 1578 1201; x_wconf 84' lang='lat' dir='ltr'><strong>Medorum</strong></span> <span class='ocrx_word' id='word_1_275' title='bbox 1601 1165 1726 1201; x_wconf 81' lang='lat' dir='ltr'><strong>Cadu-</strong></span> 
     </span>
     <span class='ocr_line' id='line_1_57' title="bbox 1067 1220 1724 1270; baseline -0.002 -12"><span class='ocrx_word' id='word_1_276' title='bbox 1067 1222 1248 1258; x_wconf 86' lang='lat' dir='ltr'><strong>siorumve</strong></span> <span class='ocrx_word' id='word_1_277' title='bbox 1284 1220 1395 1258; x_wconf 89' lang='lat' dir='ltr'><strong>nobili</strong></span> <span class='ocrx_word' id='word_1_278' title='bbox 1427 1220 1561 1267; x_wconf 87' lang='lat' dir='ltr'><strong>habet,</strong></span> <span class='ocrx_word' id='word_1_279' title='bbox 1607 1233 1724 1270; x_wconf 81' lang='lat' dir='ltr'><strong>eaque</strong></span> 
     </span>
     <span class='ocr_line' id='line_1_58' title="bbox 1067 1276 1726 1326; baseline -0.002 -11"><span class='ocrx_word' id='word_1_280' title='bbox 1067 1277 1216 1324; x_wconf 71' lang='lat' dir='ltr'><strong>bellica,</strong></span> <span class='ocrx_word' id='word_1_281' title='bbox 1266 1290 1346 1314; x_wconf 90' lang='lat' dir='ltr'><strong>cum</strong></span> <span class='ocrx_word' id='word_1_282' title='bbox 1385 1276 1576 1314; x_wconf 83' lang='lat' dir='ltr'><strong>Issedones</strong></span> <span class='ocrx_word' id='word_1_283' title='bbox 1615 1280 1726 1326; x_wconf 87' lang='lat' dir='ltr'><strong>atque</strong></span> 
     </span>
     <span class='ocr_line' id='line_1_59' title="bbox 1065 1332 1727 1384; baseline -0.003 -13"><span class='ocrx_word' id='word_1_284' title='bbox 1065 1334 1300 1384; x_wconf 73' lang='lat' dir='ltr'><strong>Hyperborei</strong></span> <span class='ocrx_word' id='word_1_285' title='bbox 1321 1332 1431 1384; x_wconf 83' lang='lat' dir='ltr'><strong>plane</strong></span> <span class='ocrx_word' id='word_1_286' title='bbox 1455 1333 1588 1370; x_wconf 82' lang='lat' dir='ltr'><strong>diversi</strong></span> <span class='ocrx_word' id='word_1_287' title='bbox 1608 1333 1727 1383; x_wconf 86' lang='lat' dir='ltr'><strong>pacis-</strong></span> 
     </span>
     <span class='ocr_line' id='line_1_60' title="bbox 1066 1389 1726 1440; baseline -0.003 -13"><span class='ocrx_word' id='word_1_288' title='bbox 1066 1403 1138 1440; x_wconf 88' lang='lat' dir='ltr'><strong>que</strong></span> <span class='ocrx_word' id='word_1_289' title='bbox 1156 1394 1194 1427; x_wconf 88' lang='lat' dir='ltr'><strong>et</strong></span> <span class='ocrx_word' id='word_1_290' title='bbox 1214 1391 1345 1427; x_wconf 90' lang='lat' dir='ltr'><strong>artium</strong></span> <span class='ocrx_word' id='word_1_291' title='bbox 1367 1390 1467 1440; x_wconf 89' lang='lat' dir='ltr'><strong>pacis</strong></span> <span class='ocrx_word' id='word_1_292' title='bbox 1489 1389 1726 1427; x_wconf 87' lang='lat' dir='ltr'><strong>amantissimi</strong></span> 
     </span>
     <span class='ocr_line' id='line_1_61' title="bbox 1064 1447 1726 1494; baseline -0.002 -10"><span class='ocrx_word' id='word_1_293' title='bbox 1064 1448 1221 1493; x_wconf 74' lang='lat' dir='ltr'><strong>suerint,</strong></span> <span class='ocrx_word' id='word_1_294' title='bbox 1243 1447 1402 1494; x_wconf 87' lang='lat' dir='ltr'><strong>indeque</strong></span> <span class='ocrx_word' id='word_1_295' title='bbox 1419 1447 1526 1483; x_wconf 87' lang='lat' dir='ltr'><strong>etiam</strong></span> <span class='ocrx_word' id='word_1_296' title='bbox 1546 1459 1609 1483; x_wconf 87' lang='lat' dir='ltr'><strong>eos</strong></span> <span class='ocrx_word' id='word_1_297' title='bbox 1627 1459 1726 1483; x_wconf 87' lang='lat' dir='ltr'><strong>corn-</strong></span> 
     </span>
     <span class='ocr_line' id='line_1_62' title="bbox 1065 1502 1726 1553; baseline 0 -14"><span class='ocrx_word' id='word_1_298' title='bbox 1065 1504 1171 1553; x_wconf 90' lang='lat' dir='ltr'><strong>ponit</strong></span> <span class='ocrx_word' id='word_1_299' title='bbox 1204 1516 1282 1540; x_wconf 92' lang='lat' dir='ltr'><strong>cum</strong></span> <span class='ocrx_word' id='word_1_300' title='bbox 1309 1502 1487 1552; x_wconf 53' lang='lat' dir='ltr'><strong>llfizspizk,</strong></span> <span class='ocrx_word' id='word_1_301' title='bbox 1526 1503 1573 1540; x_wconf 89' lang='lat' dir='ltr'><strong>de</strong></span> <span class='ocrx_word' id='word_1_302' title='bbox 1596 1503 1726 1552; x_wconf 90' lang='lat' dir='ltr'><strong>quibus</strong></span> 
     </span>
     <span class='ocr_line' id='line_1_63' title="bbox 1064 1559 1372 1605; baseline -0.006 -8"><span class='ocrx_word' id='word_1_303' title='bbox 1064 1559 1204 1597; x_wconf 87' lang='lat' dir='ltr'><strong>Noster</strong></span> <span class='ocrx_word' id='word_1_304' title='bbox 1226 1559 1255 1605; x_wconf 80' lang='lat'><strong>1,</strong></span> <span class='ocrx_word' id='word_1_305' title='bbox 1282 1559 1372 1600; x_wconf 80' lang='lat'><strong>125.</strong></span> 
     </span>
     <span class='ocr_line' id='line_1_64' title="bbox 1245 1614 1546 1665; baseline -0.003 -14"><span class='ocrx_word' id='word_1_306' title='bbox 1245 1616 1350 1665; x_wconf 87' lang='lat' dir='ltr'><strong>Cap.</strong></span> <span class='ocrx_word' id='word_1_307' title='bbox 1381 1614 1546 1651; x_wconf 72' lang='lat' dir='ltr'><strong>XXVlll.</strong></span> 
     </span>
    </p>

    <p class='ocr_par' dir='ltr' id='par_1_8' title="bbox 1061 1666 1726 2906">
     <span class='ocr_line' id='line_1_65' title="bbox 1123 1666 1723 1722; baseline -0.008 -12"><span class='ocrx_word' id='word_1_308' title='bbox 1123 1671 1386 1722; x_wconf 78' lang='grc' dir='ltr'><em>Λυσχείμερος</em></span> <span class='ocrx_word' id='word_1_309' title='bbox 1408 1668 1449 1709; x_wconf 79' lang='grc' dir='ltr'><strong>δὲ</strong></span> <span class='ocrx_word' id='word_1_310' title='bbox 1468 1666 1568 1720; x_wconf 74' lang='grc' dir='ltr'><strong><em>αὕτη</em></strong></span> <span class='ocrx_word' id='word_1_311' title='bbox 1587 1684 1662 1708; x_wconf 83' lang='grc' dir='ltr'>κ.τ.</span> <span class='ocrx_word' id='word_1_312' title='bbox 1675 1667 1723 1718; x_wconf 84' lang='grc' dir='ltr'><strong>λ.]</strong></span> 
     </span>
     <span class='ocr_line' id='line_1_66' title="bbox 1067 1726 1726 1772; baseline -0.005 -8"><span class='ocrx_word' id='word_1_313' title='bbox 1067 1729 1172 1772; x_wconf 83' lang='lat' dir='ltr'><strong>Quae</strong></span> <span class='ocrx_word' id='word_1_314' title='bbox 1204 1729 1417 1765; x_wconf 82' lang='lat' dir='ltr'><strong>Herodotus</strong></span> <span class='ocrx_word' id='word_1_315' title='bbox 1447 1728 1494 1764; x_wconf 90' lang='lat' dir='ltr'><strong>de</strong></span> <span class='ocrx_word' id='word_1_316' title='bbox 1525 1727 1634 1763; x_wconf 89' lang='lat' dir='ltr'><strong>nimio</strong></span> <span class='ocrx_word' id='word_1_317' title='bbox 1664 1726 1726 1762; x_wconf 89' lang='lat' dir='ltr'><strong>sri-</strong></span> 
     </span>
     <span class='ocr_line' id='line_1_67' title="bbox 1066 1783 1725 1834; baseline -0.006 -13"><span class='ocrx_word' id='word_1_318' title='bbox 1066 1798 1157 1834; x_wconf 87' lang='lat' dir='ltr'><strong>gore</strong></span> <span class='ocrx_word' id='word_1_319' title='bbox 1175 1785 1271 1821; x_wconf 89' lang='lat' dir='ltr'><strong>hisce</strong></span> <span class='ocrx_word' id='word_1_320' title='bbox 1294 1786 1330 1820; x_wconf 89' lang='lat' dir='ltr'><strong>in</strong></span> <span class='ocrx_word' id='word_1_321' title='bbox 1351 1783 1560 1832; x_wconf 86' lang='lat' dir='ltr'><strong>regionibus</strong></span> <span class='ocrx_word' id='word_1_322' title='bbox 1573 1783 1725 1832; x_wconf 83' lang='lat' dir='ltr'><strong>perscri-</strong></span> 
     </span>
     <span class='ocr_line' id='line_1_68' title="bbox 1066 1839 1725 1888; baseline -0.005 -10"><span class='ocrx_word' id='word_1_323' title='bbox 1066 1842 1140 1888; x_wconf 89' lang='lat' dir='ltr'><strong>bit,</strong></span> <span class='ocrx_word' id='word_1_324' title='bbox 1171 1853 1214 1878; x_wconf 88' lang='lat' dir='ltr'><strong>ea</strong></span> <span class='ocrx_word' id='word_1_325' title='bbox 1238 1841 1385 1877; x_wconf 90' lang='lat' dir='ltr'><strong>modum</strong></span> <span class='ocrx_word' id='word_1_326' title='bbox 1412 1840 1517 1876; x_wconf 90' lang='lat' dir='ltr'><strong>nimis</strong></span> <span class='ocrx_word' id='word_1_327' title='bbox 1547 1839 1725 1876; x_wconf 82' lang='lat' dir='ltr'><strong>excedere</strong></span> 
     </span>
     <span class='ocr_line' id='line_1_69' title="bbox 1066 1895 1722 1947; baseline -0.006 -13"><span class='ocrx_word' id='word_1_328' title='bbox 1066 1898 1141 1934; x_wconf 79' lang='lat' dir='ltr'><strong>vult</strong></span> <span class='ocrx_word' id='word_1_329' title='bbox 1159 1897 1311 1935; x_wconf 88' lang='lat' dir='ltr'><strong>Rennel.</strong></span> <span class='ocrx_word' id='word_1_330' title='bbox 1335 1909 1421 1947; x_wconf 84' lang='lat' dir='ltr'><strong>pag.</strong></span> <span class='ocrx_word' id='word_1_331' title='bbox 1450 1895 1554 1942; x_wconf 82' lang='lat'><strong>443,</strong></span> <span class='ocrx_word' id='word_1_332' title='bbox 1595 1907 1722 1946; x_wconf 85' lang='lat' dir='ltr'><strong>parum</strong></span> 
     </span>
     <span class='ocr_line' id='line_1_70' title="bbox 1065 1952 1722 2001; baseline -0.006 -10"><span class='ocrx_word' id='word_1_333' title='bbox 1065 1954 1122 1991; x_wconf 94' lang='lat' dir='ltr'><strong>ille</strong></span> <span class='ocrx_word' id='word_1_334' title='bbox 1142 1967 1279 1991; x_wconf 91' lang='lat' dir='ltr'><strong>memor</strong></span> <span class='ocrx_word' id='word_1_335' title='bbox 1301 1966 1422 1990; x_wconf 91' lang='lat' dir='ltr'><strong>eorum</strong></span> <span class='ocrx_word' id='word_1_336' title='bbox 1435 1982 1447 1999; x_wconf 89' lang='lat'>‚</span> <span class='ocrx_word' id='word_1_337' title='bbox 1492 1965 1585 2001; x_wconf 89' lang='lat' dir='ltr'><strong>quae</strong></span> <span class='ocrx_word' id='word_1_338' title='bbox 1602 1952 1722 1988; x_wconf 82' lang='lat' dir='ltr'><strong>Hero-</strong></span> 
     </span>
     <span class='ocr_line' id='line_1_71' title="bbox 1065 2007 1722 2048; baseline -0.006 -1"><span class='ocrx_word' id='word_1_339' title='bbox 1065 2011 1184 2048; x_wconf 86' lang='lat' dir='ltr'><strong>doteis</strong></span> <span class='ocrx_word' id='word_1_340' title='bbox 1208 2010 1406 2047; x_wconf 90' lang='lat' dir='ltr'><strong>consimilia</strong></span> <span class='ocrx_word' id='word_1_341' title='bbox 1427 2010 1576 2046; x_wconf 86' lang='lat' dir='ltr'><strong>tradunt</strong></span> <span class='ocrx_word' id='word_1_342' title='bbox 1588 2007 1722 2044; x_wconf 89' lang='lat' dir='ltr'><strong>Strabo</strong></span> 
     </span>
     <span class='ocr_line' id='line_1_72' title="bbox 1064 2064 1721 2117; baseline -0.002 -14"><span class='ocrx_word' id='word_1_343' title='bbox 1064 2067 1146 2111; x_wconf 73' lang='grc' dir='ltr'>ΥΙΙ,</span> <span class='ocrx_word' id='word_1_344' title='bbox 1162 2068 1188 2107; x_wconf 85' lang='grc'>3</span> <span class='ocrx_word' id='word_1_345' title='bbox 1206 2080 1243 2117; x_wconf 92' lang='lat' dir='ltr'><strong>p.</strong></span> <span class='ocrx_word' id='word_1_346' title='bbox 1266 2069 1346 2107; x_wconf 78' lang='lat'><strong>307</strong></span> <span class='ocrx_word' id='word_1_347' title='bbox 1368 2079 1395 2102; x_wconf 91' lang='lat' dir='ltr'><strong>s.</strong></span> <span class='ocrx_word' id='word_1_348' title='bbox 1414 2066 1496 2106; x_wconf 80' lang='lat'><strong>472</strong></span> <span class='ocrx_word' id='word_1_349' title='bbox 1516 2064 1559 2103; x_wconf 92' lang='lat' dir='ltr'><strong>A.</strong></span> <span class='ocrx_word' id='word_1_350' title='bbox 1574 2093 1585 2112; x_wconf 93' lang='lat'>‚</span> <span class='ocrx_word' id='word_1_351' title='bbox 1612 2069 1721 2113; x_wconf 83' lang='lat' dir='ltr'><strong>atque</strong></span> 
     </span>
     <span class='ocr_line' id='line_1_73' title="bbox 1065 2121 1722 2161; baseline -0.006 -1"><span class='ocrx_word' id='word_1_352' title='bbox 1065 2124 1218 2161; x_wconf 83' lang='lat' dir='ltr'><strong>Ovidius</strong></span> <span class='ocrx_word' id='word_1_353' title='bbox 1238 2125 1273 2160; x_wconf 92' lang='lat' dir='ltr'><strong>in</strong></span> <span class='ocrx_word' id='word_1_354' title='bbox 1283 2123 1393 2160; x_wconf 86' lang='lat' dir='ltr'><strong>Ponti</strong></span> <span class='ocrx_word' id='word_1_355' title='bbox 1411 2122 1540 2158; x_wconf 81' lang='lat' dir='ltr'><strong>Euxini</strong></span> <span class='ocrx_word' id='word_1_356' title='bbox 1559 2121 1622 2157; x_wconf 70' lang='lat' dir='ltr'><strong>ora</strong></span> <span class='ocrx_word' id='word_1_357' title='bbox 1642 2121 1722 2157; x_wconf 88' lang='lat' dir='ltr'><strong>diu-</strong></span> 
     </span>
     <span class='ocr_line' id='line_1_74' title="bbox 1063 2177 1720 2223; baseline 0 -7"><span class='ocrx_word' id='word_1_358' title='bbox 1063 2181 1133 2216; x_wconf 88' lang='lat' dir='ltr'><strong>tius</strong></span> <span class='ocrx_word' id='word_1_359' title='bbox 1150 2184 1402 2217; x_wconf 83' lang='lat' dir='ltr'><strong>commoratus.</strong></span> <span class='ocrx_word' id='word_1_360' title='bbox 1431 2178 1488 2214; x_wconf 84' lang='lat' dir='ltr'><strong>Ex</strong></span> <span class='ocrx_word' id='word_1_361' title='bbox 1505 2178 1612 2214; x_wconf 89' lang='lat' dir='ltr'><strong>Pont.</strong></span> <span class='ocrx_word' id='word_1_362' title='bbox 1634 2177 1660 2223; x_wconf 89' lang='lat' dir='ltr'><strong>l,</strong></span> <span class='ocrx_word' id='word_1_363' title='bbox 1680 2177 1720 2222; x_wconf 86' lang='lat'><strong>3,</strong></span> 
     </span>
     <span class='ocr_line' id='line_1_75' title="bbox 1064 2233 1717 2288; baseline -0.012 -12"><span class='ocrx_word' id='word_1_364' title='bbox 1064 2239 1129 2276; x_wconf 81' lang='lat'><strong>37.</strong></span> <span class='ocrx_word' id='word_1_365' title='bbox 1169 2236 1232 2283; x_wconf 92' lang='lat' dir='ltr'><strong>lll,</strong></span> <span class='ocrx_word' id='word_1_366' title='bbox 1256 2239 1291 2282; x_wconf 87' lang='lat'><strong>1,</strong></span> <span class='ocrx_word' id='word_1_367' title='bbox 1317 2236 1379 2276; x_wconf 85' lang='lat'><strong>15.</strong></span> <span class='ocrx_word' id='word_1_368' title='bbox 1418 2235 1480 2281; x_wconf 73' lang='lat' dir='ltr'><strong>IV,</strong></span> <span class='ocrx_word' id='word_1_369' title='bbox 1501 2238 1539 2281; x_wconf 89' lang='lat'><strong>9,</strong></span> <span class='ocrx_word' id='word_1_370' title='bbox 1566 2233 1624 2288; x_wconf 59' lang='grc' dir='ltr'><strong>84Υ</strong></span> <span class='ocrx_word' id='word_1_371' title='bbox 1640 2244 1717 2280; x_wconf 89' lang='lat' dir='ltr'><strong>seq.</strong></span> 
     </span>
     <span class='ocr_line' id='line_1_76' title="bbox 1063 2291 1719 2343; baseline -0.008 -14"><span class='ocrx_word' id='word_1_372' title='bbox 1063 2297 1130 2329; x_wconf 88' lang='lat' dir='ltr'><strong>etc.</strong></span> <span class='ocrx_word' id='word_1_373' title='bbox 1182 2293 1395 2343; x_wconf 89' lang='lat' dir='ltr'><strong>Hippocrat.</strong></span> <span class='ocrx_word' id='word_1_374' title='bbox 1427 2291 1485 2327; x_wconf 92' lang='lat' dir='ltr'><strong>De</strong></span> <span class='ocrx_word' id='word_1_375' title='bbox 1509 2303 1581 2327; x_wconf 88' lang='lat' dir='ltr'><strong>aer.</strong></span> <span class='ocrx_word' id='word_1_376' title='bbox 1603 2301 1660 2338; x_wconf 89' lang='lat' dir='ltr'><strong>aq.</strong></span> <span class='ocrx_word' id='word_1_377' title='bbox 1683 2292 1719 2325; x_wconf 90' lang='lat' dir='ltr'><strong>et</strong></span> 
     </span>
     <span class='ocr_line' id='line_1_77' title="bbox 1063 2344 1719 2399; baseline -0.008 -14"><span class='ocrx_word' id='word_1_378' title='bbox 1063 2349 1149 2386; x_wconf 86' lang='lat' dir='ltr'><strong>loce.</strong></span> <span class='ocrx_word' id='word_1_379' title='bbox 1176 2347 1213 2399; x_wconf 60' lang='grc' dir='ltr'><strong>ἓ.</strong></span> <span class='ocrx_word' id='word_1_380' title='bbox 1237 2350 1310 2395; x_wconf 85' lang='grc'><strong>96,</strong></span> <span class='ocrx_word' id='word_1_381' title='bbox 1349 2348 1408 2384; x_wconf 88' lang='lat' dir='ltr'><strong>ubi</strong></span> <span class='ocrx_word' id='word_1_382' title='bbox 1430 2347 1522 2384; x_wconf 87' lang='lat' dir='ltr'><strong>adeo</strong></span> <span class='ocrx_word' id='word_1_383' title='bbox 1554 2346 1643 2382; x_wconf 86' lang='lat' dir='ltr'><strong>haec</strong></span> <span class='ocrx_word' id='word_1_384' title='bbox 1667 2344 1719 2381; x_wconf 91' lang='lat' dir='ltr'><strong>le-</strong></span> 
     </span>
     <span class='ocr_line' id='line_1_78' title="bbox 1063 2397 1717 2453; baseline -0.003 -12"><span class='ocrx_word' id='word_1_385' title='bbox 1063 2410 1197 2453; x_wconf 82' lang='lat' dir='ltr'><strong>guntur</strong></span> <span class='ocrx_word' id='word_1_386' title='bbox 1229 2406 1275 2442; x_wconf 90' lang='lat' dir='ltr'><strong>de</strong></span> <span class='ocrx_word' id='word_1_387' title='bbox 1304 2403 1470 2452; x_wconf 68' lang='lat' dir='ltr'><strong>Scythia:</strong></span> <span class='ocrx_word' id='word_1_388' title='bbox 1510 2425 1596 2448; x_wconf 87' lang='lat'><strong>,‚——</strong></span> <span class='ocrx_word' id='word_1_389' title='bbox 1621 2397 1717 2439; x_wconf 76' lang='grc' dir='ltr'><em>ὥστε</em></span> 
     </span>
     <span class='ocr_line' id='line_1_79' title="bbox 1063 2454 1716 2511; baseline -0.008 -11"><span class='ocrx_word' id='word_1_390' title='bbox 1063 2458 1133 2500; x_wconf 69' lang='grc' dir='ltr'><strong>τόν</strong></span> <span class='ocrx_word' id='word_1_391' title='bbox 1155 2458 1226 2511; x_wconf 76' lang='grc' dir='ltr'><strong>μὲν</strong></span> <span class='ocrx_word' id='word_1_392' title='bbox 1245 2462 1418 2510; x_wconf 79' lang='grc' dir='ltr'><strong><em>χειμῶνα</em></strong></span> <span class='ocrx_word' id='word_1_393' title='bbox 1440 2458 1515 2497; x_wconf 77' lang='grc' dir='ltr'><strong><em>αἰεὶ</em></strong></span> <span class='ocrx_word' id='word_1_394' title='bbox 1538 2455 1651 2503; x_wconf 77' lang='grc' dir='ltr'><strong><em>εἶναι,</em></strong></span> <span class='ocrx_word' id='word_1_395' title='bbox 1672 2454 1716 2496; x_wconf 78' lang='grc' dir='ltr'><strong>τό</strong></span> 
     </span>
     <span class='ocr_line' id='line_1_80' title="bbox 1065 2511 1718 2568; baseline -0.008 -12"><span class='ocrx_word' id='word_1_396' title='bbox 1065 2515 1106 2556; x_wconf 79' lang='grc' dir='ltr'><strong>δὲ</strong></span> <span class='ocrx_word' id='word_1_397' title='bbox 1140 2516 1259 2568; x_wconf 79' lang='grc' dir='ltr'><em>θέρος</em></span> <span class='ocrx_word' id='word_1_398' title='bbox 1297 2513 1427 2567; x_wconf 74' lang='grc' dir='ltr'><strong><em>ὀλίγας</em></strong></span> <span class='ocrx_word' id='word_1_399' title='bbox 1463 2513 1612 2566; x_wconf 68' lang='grc' dir='ltr'><strong><em>ἡμέρας</em></strong></span> <span class='ocrx_word' id='word_1_400' title='bbox 1650 2511 1718 2552; x_wconf 84' lang='grc' dir='ltr'><strong>καὶ</strong></span> 
     </span>
     <span class='ocr_line' id='line_1_81' title="bbox 1062 2569 1718 2623; baseline -0.008 -11"><span class='ocrx_word' id='word_1_401' title='bbox 1062 2569 1207 2619; x_wconf 83' lang='grc' dir='ltr'><strong><em>ταύτας</em></strong></span> <span class='ocrx_word' id='word_1_402' title='bbox 1245 2569 1299 2623; x_wconf 71' lang='grc' dir='ltr'><strong>μή</strong></span> <span class='ocrx_word' id='word_1_403' title='bbox 1337 2573 1477 2621; x_wconf 56' lang='lat' dir='ltr'><strong>Mur-‘⁶</strong></span> <span class='ocrx_word' id='word_1_404' title='bbox 1535 2572 1589 2608; x_wconf 87' lang='lat' dir='ltr'><strong>Ac</strong></span> <span class='ocrx_word' id='word_1_405' title='bbox 1618 2574 1718 2608; x_wconf 85' lang='lat' dir='ltr'><strong>recte</strong></span> 
     </span>
     <span class='ocr_line' id='line_1_82' title="bbox 1063 2627 1717 2676; baseline -0.002 -9"><span class='ocrx_word' id='word_1_406' title='bbox 1063 2643 1211 2667; x_wconf 89' lang='lat' dir='ltr'><strong>monere</strong></span> <span class='ocrx_word' id='word_1_407' title='bbox 1233 2630 1374 2665; x_wconf 75' lang='lat' dir='ltr'><strong>videtur</strong></span> <span class='ocrx_word' id='word_1_408' title='bbox 1397 2628 1553 2666; x_wconf 86' lang='lat' dir='ltr'><strong>Heeren.</strong></span> <span class='ocrx_word' id='word_1_409' title='bbox 1578 2627 1606 2673; x_wconf 89' lang='grc'><strong>1,</strong></span> <span class='ocrx_word' id='word_1_410' title='bbox 1633 2629 1660 2666; x_wconf 81' lang='grc'>2</span> <span class='ocrx_word' id='word_1_411' title='bbox 1680 2640 1717 2676; x_wconf 89' lang='lat' dir='ltr'><strong>p.</strong></span> 
     </span>
     <span class='ocr_line' id='line_1_83' title="bbox 1063 2683 1716 2734; baseline -0.009 -9"><span class='ocrx_word' id='word_1_412' title='bbox 1063 2689 1144 2729; x_wconf 80' lang='lat'><strong>297</strong></span> <span class='ocrx_word' id='word_1_413' title='bbox 1166 2687 1364 2734; x_wconf 89' lang='lat' dir='ltr'><strong>antiquitus</strong></span> <span class='ocrx_word' id='word_1_414' title='bbox 1392 2686 1505 2721; x_wconf 85' lang='lat' dir='ltr'><strong>maius</strong></span> <span class='ocrx_word' id='word_1_415' title='bbox 1526 2683 1640 2722; x_wconf 86' lang='lat' dir='ltr'><strong>videri</strong></span> <span class='ocrx_word' id='word_1_416' title='bbox 1659 2684 1716 2720; x_wconf 89' lang='lat' dir='ltr'><strong>su-</strong></span> 
     </span>
     <span class='ocr_line' id='line_1_84' title="bbox 1061 2739 1717 2791; baseline -0.006 -11"><span class='ocrx_word' id='word_1_417' title='bbox 1061 2744 1133 2780; x_wconf 91' lang='lat' dir='ltr'><strong>isse</strong></span> <span class='ocrx_word' id='word_1_418' title='bbox 1159 2744 1196 2779; x_wconf 92' lang='lat' dir='ltr'><strong>in</strong></span> <span class='ocrx_word' id='word_1_419' title='bbox 1225 2742 1277 2779; x_wconf 86' lang='lat' dir='ltr'><strong>his</strong></span> <span class='ocrx_word' id='word_1_420' title='bbox 1305 2742 1513 2790; x_wconf 80' lang='lat' dir='ltr'><strong>regionibus</strong></span> <span class='ocrx_word' id='word_1_421' title='bbox 1537 2754 1603 2791; x_wconf 89' lang='lat' dir='ltr'><strong>per</strong></span> <span class='ocrx_word' id='word_1_422' title='bbox 1628 2739 1717 2787; x_wconf 81' lang='lat' dir='ltr'><strong>hye-</strong></span> 
     </span>
     <span class='ocr_line' id='line_1_85' title="bbox 1061 2798 1716 2847; baseline -0.006 -11"><span class='ocrx_word' id='word_1_423' title='bbox 1061 2812 1155 2837; x_wconf 88' lang='lat' dir='ltr'><strong>mem</strong></span> <span class='ocrx_word' id='word_1_424' title='bbox 1177 2800 1310 2847; x_wconf 84' lang='lat' dir='ltr'><strong>srigus‚</strong></span> <span class='ocrx_word' id='word_1_425' title='bbox 1349 2811 1457 2847; x_wconf 82' lang='lat' dir='ltr'><strong>quarn</strong></span> <span class='ocrx_word' id='word_1_426' title='bbox 1490 2798 1609 2835; x_wconf 87' lang='lat' dir='ltr'><strong>adbuc</strong></span> <span class='ocrx_word' id='word_1_427' title='bbox 1637 2808 1716 2833; x_wconf 82' lang='lat' dir='ltr'><strong>esse</strong></span> 
     </span>
     <span class='ocr_line' id='line_1_86' title="bbox 1062 2852 1716 2906; baseline -0.005 -14"><span class='ocrx_word' id='word_1_428' title='bbox 1062 2856 1213 2901; x_wconf 63' lang='lat' dir='ltr'><strong>dicitur,</strong></span> <span class='ocrx_word' id='word_1_429' title='bbox 1250 2860 1289 2892; x_wconf 91' lang='lat' dir='ltr'><strong>ut</strong></span> <span class='ocrx_word' id='word_1_430' title='bbox 1316 2854 1467 2906; x_wconf 86' lang='lat' dir='ltr'><strong>pellibus</strong></span> <span class='ocrx_word' id='word_1_431' title='bbox 1494 2866 1581 2892; x_wconf 88' lang='lat' dir='ltr'><strong>sane</strong></span> <span class='ocrx_word' id='word_1_432' title='bbox 1602 2852 1716 2891; x_wconf 85' lang='lat' dir='ltr'><strong>maxi-</strong></span> 
     </span>
    </p>
   </div>
  </div>
 </body>
</html>
