1904 3304
422 252 508 292 590
814 249 1284 289 HERODOTi

424 356 557 410 οὗτος
594 357 639 409 ἐς
676 359 834 414 λίμνην
872 357 1062 415 μεγάλην
1096 360 1359 413 Τριτωνίδα·

368 580 416 617 de
441 576 664 627 Argonautis
684 577 845 614 narratio
865 578 928 624 lv,
951 580 1030 618 179

366 638 639 673 commonstret.
708 634 814 677 Quae
854 647 931 670 cum
981 636 1031 670 ita

370 693 441 727 sint
456 720 466 738 ‚
505 692 582 727 iure
602 702 780 740 quaeras,
811 691 873 738 qui
898 692 943 726 sit
965 692 1033 726 ssu-

368 748 445 784 vius
461 746 519 784 ille
535 759 689 795 magnus
702 746 828 783 Triton
839 747 1032 783 Herodoto

367 808 696 849 commemoratus,
727 816 806 839 cum
826 803 942 839 nullus
965 803 1033 838 ho-

369 862 503 909 dieque
545 859 613 896 illic
648 860 850 910 reperiatur
890 860 1032 904 fluvius,

370 918 434 966 qui
469 929 622 964 magnus
657 916 930 965 quodammodo
967 928 1032 965 ap-

370 973 497 1024 pellari
518 977 641 1022 queat.
690 974 1032 1010 Commemorantur

370 1031 518 1078 quidem
541 1030 612 1065 duo
632 1029 720 1075 rivi,
759 1042 911 1077 quorum
939 1028 1031 1066 alte-

372 1100 450 1123 rum
488 1086 605 1123 Kabes
640 1086 709 1121 huc
750 1087 863 1122 refert
899 1085 1031 1130 Shaw;

371 1155 596 1192 quamquam
625 1142 685 1191 qui
719 1143 755 1177 in
783 1142 900 1192 ipsum
933 1154 1032 1178 mare

371 1199 447 1236 exit
469 1199 620 1245 rivulus,
660 1199 776 1234 lacum
801 1198 946 1234 minime
966 1210 1032 1247 po-

367 1256 438 1292 tuit
461 1260 625 1304 tangere.
682 1254 722 1290 ln
744 1253 894 1290 alterum
916 1254 1030 1290 rivum

366 1311 421 1348 El
449 1310 629 1348 Hammali
656 1309 782 1346 incidit
808 1309 962 1347 Rennel.
992 1323 1030 1359 p.

367 1370 472 1413 6823
513 1368 575 1417 qui
601 1381 622 1405 e
642 1365 877 1417 complurium
899 1365 1032 1403 rivulo-

367 1437 445 1461 rum
465 1424 719 1462 coniunctione
740 1427 862 1469 ortus,
893 1424 930 1459 in
950 1423 1031 1472 ipsa

367 1493 479 1518 arena
507 1482 628 1531 perire
667 1480 805 1516 dicitur.
864 1480 1031 1523 Quocum

369 1544 499 1574 neutro
534 1549 735 1586 sanequam
766 1537 936 1573 convenit
956 1548 1031 1572 ma-

368 1604 486 1643 gnas,
526 1595 588 1643 qui
617 1595 663 1631 ab
686 1593 877 1630 Herodoto
901 1592 1030 1642 appel-

369 1650 466 1687 latur
501 1651 636 1694 amnis3
676 1649 743 1685 nisi
765 1650 886 1699 potius
908 1649 954 1685 ad
977 1648 1031 1685 lu-

371 1707 488 1744 dibria
508 1712 699 1757 poetarum
712 1732 723 1750 ‚
744 1705 817 1754 1qui
839 1705 1031 1752 Argonau-

371 1768 491 1800 tarum
527 1776 584 1800 res
620 1762 778 1800 carmine
818 1761 1034 1798 celebrarint

370 1819 605 1869 Libycasque
620 1831 677 1855 res
690 1818 795 1855 valde
814 1817 1032 1862 exornarint‚

371 1875 441 1913 hoc
475 1875 640 1913 retuleris
685 1875 846 1923 indeque
884 1874 1033 1911 fluxisse

371 1936 511 1969 statuas
533 1932 749 1969 Herodotea
774 1944 853 1967 cum
872 1931 1032 1968 Heeren.

372 1988 485 2026 ldeen
504 1988 550 2035 ll,
579 1991 596 2028 1
620 2000 654 2037 p.
674 1989 729 2028 36
749 1987 827 2024 coll.
849 1986 1033 2024 Mannert.

372 2045 420 2091 X,
440 2047 466 2084 2
484 2058 520 2096 p.
543 2042 636 2084 164.
673 2043 753 2081 Nec
770 2044 946 2080 minorem
966 2044 1033 2080 de-

371 2101 484 2151 nique
511 2100 762 2138 difficultatem
791 2099 910 2136 insula
934 2099 1034 2137 exhi-

371 2158 437 2195 bet
461 2156 556 2194 Plila
572 2186 582 2204 ‚
614 2170 709 2206 quae
730 2156 875 2193 Shawio
889 2157 1033 2193 videtur

372 2227 454 2252 esse
501 2226 635 2263 magna
682 2214 861 2263 quaedam
904 2212 1033 2260 insula,

371 2284 466 2321 quae
484 2272 683 2309 etiamnum
700 2271 735 2307 in
753 2268 834 2307 lacu
848 2269 1033 2306 Lowdeah

370 2328 613 2378 conspicitur3
644 2327 720 2363 aliis
741 2339 850 2374 vero,
877 2331 916 2362 ut
932 2325 1034 2362 Hee-

371 2384 472 2420 renio
498 2383 520 2419 l.
547 2382 568 2418 Ι.
598 2396 639 2420 ac
659 2383 837 2419 Rennelio
871 2395 907 2432 p.
937 2384 1033 2427 681,

371 2451 468 2476 nunc
489 2439 547 2476 illa
569 2439 714 2476 videtur
732 2452 811 2476 cum
833 2439 1033 2476 continenti

372 2501 491 2542 terra,
531 2508 626 2545 quae
656 2496 752 2532 inter
787 2495 900 2533 lacum
936 2494 1033 2531 illum

371 2565 543 2602 mareque
590 2552 765 2597 interest,
830 2551 1033 2588 coniuncta.

371 2608 566 2646 Mannerto
591 2608 646 2653 X,
671 2611 696 2647 2
715 2621 801 2657 pag.
823 2610 912 2648 166.
939 2609 1031 2648 168.

377 2668 455 2705 178
485 2678 591 2714 seqq.
634 2663 752 2701 insula
798 2666 925 2701 eadem
964 2668 1032 2711 est,

373 2733 467 2770 quae
485 2721 592 2770 vulgo
611 2720 766 2758 Blenina·
783 2726 942 2765 vocatur,
959 2719 1034 2757 Lo-

376 2778 621 2828 tophagorum
639 2778 747 2815 sedes
768 2777 858 2822 (vid.
877 2780 970 2812 nott.
987 2776 1034 2812 ad

377 2834 439 2881 lV,
472 2835 605 2882 177),
645 2835 796 2884 ipseque
835 2832 1034 2869 Tritonidis

376 2890 476 2929 lacus
494 2896 550 2930 est
565 2890 688 2942 Syrtis
705 2893 817 2929 minor
833 2890 1034 2941 importuo-

1419 360 1465 403 ἐν
1503 360 1549 404 δὲ
1579 359 1690 417 αὐτῇ
1703 367 1747 402 95

1089 591 1151 625 sa,
1182 591 1203 616 e
1221 578 1321 614 cuius
1343 579 1512 614 tortuosis
1531 579 1747 627 ambagibus

1088 637 1145 671 vix
1170 647 1211 671 ac
1243 647 1288 671 ne
1310 634 1366 670 vix
1395 635 1541 682 quidem
1568 637 1747 684 navigan-

1090 696 1146 727 tes
1177 703 1216 727 se
1247 691 1418 739 expedire
1447 692 1651 740 potuerint3
1698 692 1747 727 ita

1091 752 1151 793 ut,
1181 758 1419 797 quaecunque
1438 747 1484 783 de
1502 745 1578 783 lacu
1598 747 1747 784 tradan-

1089 809 1170 849 tur,
1201 816 1221 840 e
1239 808 1427 851 poetarum
1451 803 1606 851 ingeniis
1633 804 1748 841 ssuxe-

1090 860 1173 896 rint.
1218 858 1339 908 Atque
1359 858 1633 895 Schlichthorst.
1660 873 1746 909 pag.

1093 916 1192 962 147,
1251 915 1311 964 qui
1361 916 1407 951 de
1456 914 1600 952 Tritone
1650 928 1748 952 amne

1088 972 1222 1009 Shawii
1288 971 1454 1020 sequitur
1517 972 1749 1019 sententiam,

1089 1029 1210 1066 omnia
1240 1029 1410 1077 expedita
1447 1029 1526 1065 fore
1557 1029 1749 1075 existimat,

1089 1086 1118 1121 si
1137 1085 1365 1121 Herodotum
1386 1085 1594 1121 confudisse
1607 1090 1748 1122 statua-

1088 1154 1167 1178 mus
1191 1140 1391 1177 Tritonidis
1412 1141 1527 1177 lacum
1551 1154 1628 1177 cum
1648 1141 1748 1190 Syrti

1088 1197 1237 1242 minori,
1268 1210 1361 1244 quae
1385 1198 1566 1234 interdum
1586 1197 1750 1246 paludis,

1088 1266 1117 1289 s.
1139 1255 1248 1289 maris
1266 1252 1465 1289 Tritonidis
1488 1253 1660 1289 obveniat
1681 1266 1749 1289 no-

1089 1310 1196 1347 mine.
1231 1309 1269 1346 {n
1292 1323 1401 1357 quam
1420 1309 1636 1347 sententiam
1660 1310 1748 1346 scri-

1090 1367 1140 1403 bit
1150 1379 1296 1415 quoque
1308 1366 1471 1403 Vaut-ker.
1482 1365 1598 1414 Myth.
1610 1366 1748 1415 Geogr.

1090 1423 1103 1458 Ι
1124 1436 1159 1473 p.
1180 1424 1233 1463 35
1254 1423 1364 1459 videri
1384 1435 1500 1471 usque
1516 1423 1563 1458 ad
1577 1422 1748 1459 Herodo-

1088 1484 1163 1516 tum
1184 1480 1300 1529 ipsam
1321 1480 1456 1528 Syrtim
1484 1479 1659 1515 minorem
1679 1479 1748 1516 sub

1089 1535 1284 1572 Tritonide
1307 1535 1418 1573 suisse
1437 1535 1746 1585 comprehensam.

1087 1591 1205 1628 Nobis
1241 1592 1357 1639 magis
1401 1592 1537 1628 arridet
1577 1591 1746 1628 Rennelii

1087 1652 1200 1696 atque
1227 1647 1399 1685 Heerenii
1429 1648 1631 1694 sententia,
1677 1648 1749 1697 qua

1089 1703 1174 1741 olim
1196 1703 1426 1740 Tritonidem
1452 1703 1568 1741 lacum
1601 1716 1643 1740 ac
1660 1704 1749 1752 Syr-

1089 1762 1153 1797 tim
1190 1760 1302 1797 fuisse
1340 1761 1496 1797 iunctum
1538 1762 1749 1809 pronuntia-

1089 1829 1194 1862 mus;
1243 1817 1434 1866 ipsamque
1463 1816 1616 1853 insuiam
1646 1815 1749 1863 Phia,

1089 1878 1173 1911 ante
1213 1873 1309 1909 lacus
1347 1873 1476 1909 ostium
1510 1872 1593 1909 olim
1629 1873 1748 1918 sitam,

1090 1942 1185 1966 nunc
1200 1942 1333 1966 arenae
1348 1928 1494 1966 afflatae
1515 1934 1553 1966 et
1573 1933 1750 1978 aggestae

1089 1985 1186 2023 mole
1238 1998 1318 2022 cum
1377 1986 1456 2035 ipsa
1500 1990 1598 2022 terra
1641 1985 1750 2035 plane

1090 2042 1265 2079 coaluisse
1311 2042 1471 2091 indeque
1511 2042 1657 2079 fluvium
1703 2041 1750 2078 El

1089 2098 1285 2144 Hammah,
1304 2098 1366 2147 qui
1386 2111 1453 2149 pro
1468 2097 1624 2136 Tritone
1642 2111 1750 2136 amne

1089 2155 1302 2200 habendus,
1346 2155 1382 2192 in
1412 2167 1456 2192 ea
1484 2155 1564 2205 ipsa
1589 2155 1750 2201 interire,

1089 2225 1169 2249 cum
1188 2212 1235 2248 ob
1264 2212 1411 2248 nimiam
1431 2223 1564 2249 arenae
1585 2211 1749 2249 obiectae

1089 2269 1232 2318 copiam
1264 2268 1312 2305 ad
1334 2268 1450 2317 ipsum
1471 2267 1588 2305 lacum
1617 2279 1748 2318 perve-

1089 2325 1168 2362 nire
1197 2329 1368 2374 nequeat.
1427 2324 1476 2360 Et
1503 2327 1676 2374 poterunt
1709 2323 1746 2358 in

1089 2381 1313 2419 Herodoteis
1335 2379 1505 2417 nonnulla
1526 2391 1614 2417 sane
1632 2378 1746 2415 aliun-

1091 2438 1159 2483 de,
1199 2442 1388 2487 poetarum
1413 2436 1551 2473 iiiorum
1583 2435 1692 2472 credo
1723 2448 1743 2472 e

1091 2494 1322 2539 carminibus,
1346 2493 1474 2529 hausta
1491 2492 1616 2537 videri,
1637 2503 1745 2541 prae-

1091 2551 1214 2588 sertim
1239 2550 1268 2587 si
1291 2549 1337 2586 ad
1355 2561 1416 2586 eas
1441 2561 1555 2596 usque
1576 2549 1747 2596 regiones

1089 2608 1208 2657 ipsum
1240 2606 1454 2655 scriptorem
1490 2605 1546 2640 vix
1576 2617 1748 2654 progres-

1090 2676 1167 2700 sum
1195 2675 1276 2700 esse
1302 2661 1565 2698 existimemus:
1606 2661 1653 2698 de
1675 2672 1750 2709 quo

1093 2720 1185 2757 cons.
1212 2722 1304 2754 nott.
1331 2718 1378 2753 ad
1403 2717 1462 2762 lV,
1489 2719 1579 2757 168.
1628 2718 1749 2754 Verba

1093 2775 1243 2815 ἐκδιδοῖ
1259 2770 1301 2811 δὲ
1325 2767 1489 2818 οὗτοςκ.
1509 2788 1540 2811 τ.
1561 2776 1593 2811 λ.
1613 2774 1748 2810 excitat

1092 2830 1255 2869 Eustath.
1275 2829 1322 2866 ad
1333 2830 1484 2878 Dionys.
1496 2830 1639 2879 Perieg.
1651 2831 1746 2870 267.

1091 2887 1219 2939 Steph.
1236 2886 1327 2936 Byz.
1351 2900 1388 2937 p.
1410 2887 1505 2928 739.
