1904 3304
408 239 492 279 288
811 238 1278 279 HERODOTI

408 346 539 404 ἡλίου
568 345 818 391 ἀνατολέων
848 346 1093 404 ἀρξάμενον
1121 352 1204 405 γῆν
1233 349 1331 404 περὶ
1368 351 1516 393 πᾶσαν
1549 349 1679 404 ῥέειν,
1696 357 1739 392 15

383 419 527 476 δέ’ργῳ
566 418 612 462 δὲ
651 417 734 461 οὐκ
773 416 1070 464 ἀποδεικνῦσι.
1129 420 1332 464 ἐνθεῦτεν
1362 421 1440 465 τὸν
1464 420 1682 475 ‘Homul-{oc

413 488 651 533 ἀπικέσθαι
687 489 729 539 ἐς
765 489 844 546 τήν
878 494 965 534 νῦν
991 493 1198 547 Σκυθίην
1225 492 1374 550 χώρην
1402 491 1680 549 καλεομένην.

383 563 676 616 ὁκαταλαβεῖν
726 560 809 616 γὰρ
859 561 995 606 αὐτὸν
1041 561 1233 619 χειμῶνά
1279 579 1324 607 τε
1367 563 1441 607 καὶ
1489 563 1679 620 κρυμόν·

413 629 754 686 ἐπειρυσάμενον
785 631 831 674 δὲ
860 632 938 688 τὴν
964 637 1167 690 λεοντῆν,
1197 639 1494 678 κατυπνῶσαι·
1528 634 1606 686 τοὶς
1633 635 1679 678 δέ
1745 632 1826 676 284

412 705 456 746 οἱ
477 704 639 752 ἵππους
658 700 734 752 τὰς
765 700 850 746 ἀπὸ
872 707 952 747 τοῦ
975 704 1166 760 ἅρματος
1188 706 1428 763 νεμομένας
1457 705 1505 749 ἐν
1534 705 1675 763 τούτῳ
1689 713 1734 746 20

320 781 352 825 9
409 777 470 831 τῷ
498 772 663 830 χρόνῳ,
698 772 1001 831 ἀφανισθῆναι
1022 778 1121 833 θείῃ
1141 776 1263 834 τύχῃ.
1320 776 1397 829 ἵΩς
1428 776 1471 822 δ’
1502 777 1680 833 ἐγερθῆ-

79 844 263 915 ξξέζξιῗωθζῑ
265 845 356 906 Εξξῖ
412 862 486 888 ναι
514 844 592 889 τὸν
616 844 851 901 ’[Ῑρακλέα,
888 848 1101 903 δίζησθαι.
1159 848 1302 892 πάντα
1333 850 1378 893 δὲ
1407 848 1460 892 τὰ
1491 853 1567 906 τῆς
1596 848 1677 906 χιό-

414 933 492 973 ρης
524 916 830 970 ἐπεξελθόντα,
874 918 996 970 τέλος
1038 919 1271 964 οἷπικέσθαι
1309 922 1351 972 ἐς
1389 919 1471 977 τήν
1505 919 1681 977 Ὑλαίην

78 912 107 939 ‹11
109 921 137 939 ia
182 921 356 949 procreasse

81 946 230 982 Agathyrna
217 955 279 974 um
272 947 320 980 1,(
325 955 355 973 e-

322 989 354 1015 ³*
385 988 685 1045 ἓκαλεομένην
702 994 798 1046 γῆν.
847 989 1041 1034 ἐνθαῦτα
1064 991 1109 1034 δὲ
1134 991 1270 1036 αὐτὸν
1292 992 1436 1047 εὑρεῖν
1460 991 1507 1036 ἐν
1536 991 1679 1051 ἄντρῳ

78 980 128 1007 lon
111 988 179 1007 num
218 984 248 1008 et
281 967 320 1009 Sc

78 1013 177 1042 tham.

354 1144 442 1176 τος,
483 1126 528 1176 ὸς
559 1124 635 1169 ov’n
667 1124 898 1181 αποδέχεται
924 1147 1018 1179 τους

355 1201 599 1239 γραφοντας,
616 1201 687 1226 τον
711 1183 892 1227 ω’κεανον
913 1187 1017 1239 ῥέειν

355 1241 468 1295 πέριξ
490 1245 562 1293 τῆς
578 1245 662 1295 γῆς.
696 1243 809 1283 Unde
823 1245 1017 1283 Herodoto

355 1299 591 1352 probabiliter
630 1300 770 1337 restitui
802 1315 911 1352 posse
940 1304 1018 1354 γῆν

355 1354 468 1407 πέριξ
502 1356 587 1406 (pro
608 1358 685 1408 γῆν
714 1357 828 1409 περὶ)
858 1363 1021 1396 autumat

354 1412 571 1463 Bernhardy
592 1413 640 1450 ad
658 1412 830 1453 Eustath.
851 1415 873 1452 l.
892 1415 914 1453 l.
929 1428 1017 1467 pag.

410 1526 649 1577 καταλαβεῖν
680 1523 754 1579 γαρ
785 1522 918 1578 αὐτὸν]
958 1527 1018 1566 De

354 1595 444 1620 voce
487 1583 724 1634 καταλαβεῖν
758 1586 854 1622 conf.
893 1589 1019 1621 notata

357 1639 405 1677 ad
427 1638 489 1685 ΙΙΙ,
512 1639 566 1680 42
593 1643 629 1677 et
651 1640 698 1677 de
717 1640 901 1678 locutione
921 1641 1017 1694 θείη

357 1710 457 1748 τυχῃ
495 1700 587 1732 nott.
615 1697 665 1733 ad
698 1696 770 1743 111,
808 1697 886 1737 153
922 1702 957 1735 et
990 1697 1018 1742 l,

362 1753 441 1793 126
465 1752 544 1799 (ubi
566 1765 633 1802 pro
658 1754 714 1799 V,
738 1755 786 1800 3,
819 1756 872 1795 92
906 1754 1017 1792 refin-

358 1808 519 1858 gendum
540 1809 586 1855 V,
611 1811 673 1851 92
703 1808 738 1860 §.
768 1811 827 1859 3).
886 1811 928 1847 In
962 1811 1018 1856 iis,

358 1877 454 1913 quae
482 1866 647 1915 proxime
674 1868 917 1917 antecedunt,
948 1864 1018 1905 τόν

356 1918 549 1972 Ἡρακλέα
586 1917 808 1972 α’φικέσθαι
845 1922 892 1969 ἐς
929 1920 1018 1974 τήν

358 1979 452 2016 νῦν
475 1980 663 2029 Σκυθίην
680 1975 815 2030 χώρην
831 1978 1020 2031 καλεομέ-

357 2049 455 2084 νην,
495 2036 635 2072 cautius
657 2036 834 2074 Nostrum
861 2036 1018 2074 locutum

357 2103 440 2128 esse
459 2096 583 2129 monet
606 2093 758 2130 Stanlei.
779 2094 826 2130 ad
849 2092 1018 2143 Aeschyl.

358 2146 540 2184 Prometh.
572 2152 619 2196 2,
650 2162 753 2197 cum,
796 2163 891 2199 quae
923 2164 1020 2187 nunc

358 2208 509 2241 vocetur
539 2205 710 2253 Scythia,
750 2206 936 2244 Herodoti
969 2220 1017 2244 sc.

359 2263 503 2307 aetate,
549 2263 711 2299 nondum
749 2263 800 2299 sic
838 2262 1021 2313 appellata

360 2320 478 2363 esset,
526 2330 599 2366 quo
631 2322 795 2368 tempore
824 2320 1021 2357 Herculem

360 2373 495 2410 adiisse
517 2373 718 2422 fingebant.
759 2374 891 2424 Neque
911 2376 1021 2412 talem

362 2429 566 2466 cautionem
619 2430 782 2467 adhibuit
825 2431 1021 2480 Aeschylus

363 2484 384 2521 l.
404 2484 426 2521 l.
444 2485 628 2533 Scythiam
646 2487 834 2537 appellans
853 2493 1021 2537 tempore

362 2540 593 2589 Promethei,
632 2555 741 2590 quem
764 2548 885 2581 aetate
911 2544 1022 2580 multo

364 2596 557 2635 Herculem
582 2600 819 2637 antecessisse
848 2602 943 2637 sama
967 2604 1023 2637 tu-

363 2652 465 2691 lerat.

589 2710 698 2760 Cap.
732 2711 793 2748 IX.

419 2765 622 2817 δίζησθαι]
649 2768 705 2803 lta
722 2767 799 2805 iure
817 2767 1022 2804 melioribus

367 2835 388 2861 e
412 2822 510 2860 libris
538 2836 632 2860 nunc
652 2824 852 2874 repositum
876 2837 942 2873 pro
967 2824 1024 2861 δι’·

368 2880 516 2926 ζεσθαι.
546 2880 629 2917 Vid.
649 2884 741 2917 nott.
760 2881 807 2918 ad
828 2880 855 2926 Ι,
874 2880 939 2921 65.
956 2878 1023 2928 94,

1075 1132 1155 1170 coll.
1177 1133 1248 1179 IV,
1282 1134 1361 1174 139
1397 1134 1479 1182 fin.,
1524 1134 1584 1171 ubi
1608 1132 1735 1171 melius

1076 1190 1166 1227 dare
1192 1189 1351 1238 neglexit
1376 1191 1564 1227 Matthiae.

1134 1244 1173 1292 ἐς
1195 1243 1269 1295 τὴν
1288 1243 1452 1296 ἽἎαίην
1471 1244 1732 1297 καλεομένην]

1076 1301 1217 1339 Terrae
1235 1301 1401 1352 Hylaeae
1419 1302 1555 1340 Noster
1574 1303 1738 1341 meminit

1076 1357 1139 1406 IV,
1157 1360 1219 1398 18.
1244 1361 1307 1398 19.
1329 1358 1396 1400 55.
1418 1362 1470 1400 76
1493 1361 1653 1409 itemque
1664 1359 1738 1396 Pli-

1075 1415 1155 1452 nius
1174 1415 1222 1451 H.
1243 1414 1292 1452 N.
1311 1415 1360 1453 IV
1374 1416 1469 1464 (26)
1483 1446 1492 1463 ,
1520 1420 1590 1458 12:
1621 1415 1737 1463 „inde

1074 1471 1257 1520 sylvestris
1285 1472 1388 1521 regio
1412 1473 1594 1522 Hylaeum
1623 1485 1735 1519 mare,

1074 1541 1147 1576 quo
1195 1527 1366 1574 alluitur,
1420 1529 1736 1578 cognominavit.“

1074 1584 1155 1621 Nec
1167 1584 1249 1629 alia,
1271 1585 1413 1634 opInor,
1438 1587 1537 1634 regio
1555 1586 1735 1622 indicatur

1074 1640 1279 1690 Pomponio
1301 1641 1421 1678 Melae
1442 1642 1496 1688 ll,
1528 1645 1573 1688 1,
1597 1640 1650 1682 45
1681 1641 1734 1678 his

1074 1697 1216 1734 verbis:
1251 1697 1558 1748 ‚,-Hypacaris
1581 1712 1646 1748 per
1656 1697 1737 1735 No·-

1075 1750 1204 1790 madas
1219 1753 1406 1791 evolvitur.
1447 1754 1579 1803 Sylvae
1601 1755 1736 1792 deinde

1076 1814 1181 1855 sunt,
1215 1822 1306 1858 quas
1330 1811 1504 1847 maximas
1530 1811 1597 1848 hae
1618 1816 1736 1848 terrae

1075 1867 1240 1903 ferunt.“
1270 1865 1386 1903 Anon.
1410 1867 1543 1917 Peripl.
1563 1865 1600 1918 ἓ.
1620 1869 1646 1909 3
1665 1866 1732 1917 (Τ.

1076 1923 1124 1959 ΙΙΙ
1147 1936 1182 1973 p.
1205 1925 1286 1963 209
1306 1923 1421 1970 Gail.)
1451 1925 1626 1961 orientem
1655 1937 1734 1961 ver-

1077 1992 1136 2016 sus
1186 1980 1450 2028 Borysthenem
1503 1986 1735 2030 transgresso

1076 2035 1204 2072 obvios
1235 2049 1316 2074 esse
1347 2037 1523 2086 Scythas,
1564 2038 1625 2086 qui
1652 2036 1734 2085 Hy-

1077 2092 1193 2129 laeam
1223 2098 1386 2130 vocatam
1418 2094 1642 2139 inhabitent,
1682 2097 1736 2130 te-

1077 2153 1207 2186 statur.
1240 2149 1457 2198 Intelligitur
1474 2155 1595 2187 autem
1613 2151 1642 2186 is
1662 2154 1736 2186 ter-

1078 2218 1140 2242 rae
1162 2210 1321 2249 tractus,
1363 2207 1425 2255 qui
1449 2206 1546 2243 haud
1569 2204 1693 2256 procul
1713 2216 1735 2240 a

1078 2261 1235 2299 Taurica
1290 2262 1522 2300 Chersoneso
1579 2262 1736 2310 cingitur

1078 2318 1309 2368 Borysthene
1327 2347 1337 2362 ‚
1406 2319 1524 2355 Ponto
1570 2318 1734 2363 Euxino,

1080 2375 1263 2412 Carcinite
1295 2375 1375 2411 sinu
1404 2379 1439 2411 et
1460 2374 1648 2423 Hypacyri
1669 2375 1736 2410 flu-

1079 2431 1137 2467 vio
1181 2430 1363 2479 sylvisque
1404 2430 1562 2479 (quibus
1600 2430 1737 2479 reliqua

1079 2486 1239 2535 Scythia,
1256 2487 1425 2523 arborum
1441 2488 1595 2524 maxime
1617 2488 1736 2536 inops,

1080 2549 1199 2589 caret,
1230 2544 1273 2579 cf.
1298 2543 1358 2588 lv,
1383 2544 1456 2589 61)
1485 2542 1624 2593 repleta
1646 2543 1737 2579 dici-

1080 2604 1161 2635 tur:
1209 2612 1252 2635 ex
1282 2612 1354 2647 quo
1393 2599 1473 2648 ipso
1507 2613 1639 2637 nomen
1669 2599 1738 2635 ‹lu-

1081 2659 1176 2691 ctum
1213 2668 1319 2691 nemo
1358 2667 1430 2691 non
1474 2656 1581 2693 videt.
1630 2655 1738 2692 Nunc

1080 2711 1169 2748 haec
1180 2724 1326 2759 quoque
1345 2712 1444 2760 regio
1463 2712 1651 2749 arboribus
1668 2724 1737 2747 nu-

1080 2769 1188 2811 data3
1230 2780 1450 2816 quamquam
1491 2768 1644 2816 vestigia
1683 2767 1737 2804 di-

1081 2828 1209 2860 cuntur
1238 2837 1449 2873 superesse,
1498 2825 1627 2874 quibus
1652 2823 1737 2860 olim

1080 2891 1159 2918 eam
1206 2880 1317 2917 fuisse
1369 2885 1502 2918 tectam
1549 2884 1737 2931 appareat.
