1904 3304
105 897 205 945 1-15
376 893 464 937 Τόν
489 893 623 938 αὐτὸν
642 895 687 938 δὲ
707 898 866 938 τοῦτον
886 894 1050 949 χρόνον
1072 894 1232 948 ἐγίνετο
1257 894 1323 936 ἐπὶ
1342 893 1514 949 Λιβύην

540 273 1087 314 MELPOMENE
1141 276 1202 313 IV.
1429 279 1511 317 521

254 399 444 454 θόμενος
474 399 539 450 δὲ,
586 399 670 455 ἔφη
700 400 1026 454 Καλχηδονίους
1054 402 1215 442 τοῦτον
1246 397 1323 441 τὸν
1352 397 1516 454 χρόνον

250 468 477 525 τυγχάνειν
506 469 658 521 ἐόντας
691 470 907 525 τυφλούς·
948 468 1002 513 ου’
1032 470 1115 526 γαρ
1147 471 1201 513 ἂν
1232 473 1311 513 τοῦ
1342 471 1519 512 καλλίο-

251 558 329 591 νος
377 540 617 594 παρεόντος
661 544 817 594 κτίζειν
864 539 1036 596 χώρου,
1083 540 1162 584 τόν
1201 541 1396 595 αἰσχίονα
1434 539 1519 583 ἑλέ,

222 616 383 662 Βσθαι,
415 613 450 654 εἰ
479 611 537 667 μὴ
565 606 676 666 ἦσαν
708 614 882 667 τυφλοί.
927 607 1055 662 οὗτος
1086 612 1138 667 δὴ
1171 606 1234 654 ὦν
1262 611 1357 654 τότε
1386 610 1409 654 ὁ
1432 615 1520 654 Me,

250 681 439 736 γάβαζος
467 683 704 739 στρατηγὸς
733 684 928 737 λειφθεὶς
960 684 1008 726 ἐν
1036 686 1090 737 τῇ
1118 680 1236 737 χώρῃ
1262 681 1515 737 Ἑλλησπον-
1531 690 1576 723 90

250 754 380 804 τίων,
410 752 516 803 τούς
544 753 600 809 μή
630 755 888 809 μηδίζοντας
915 753 1237 808 κατεστρέφετο.
1283 747 1412 804 οὗτος
1442 752 1521 808 μέν

250 839 335 866 νυν
364 828 500 866 ταῦτα
530 825 726 880 ἔπρησσε.

1571 890 1730 925 Expeditio
1761 890 1852 924 Liby⁴

1571 924 1738 991 ix³i313⁰ad0⁶2¹¹
1748 933 1779 984 ³5
1785 925 1853 992 i‘ssssff

1576 999 1734 1019 llaut'vll'llssl
1756 998 1853 1026 ''0310-

251 1036 333 1091 ἐγώ
373 1035 669 1093 ἀπηγήσομαι,
709 1035 1116 1092 προδιηγησάμενος
1145 1036 1361 1090 πρότερον
1393 1035 1561 1078 τάδε.95
1576 1026 1853 1098 {jggingg-cgssssffi

221 1114 244 1147 2
262 1111 361 1150 Τῶν
388 1107 435 1150 ἐκ
464 1111 541 1164 τῆς
568 1107 749 1164 Ἀργοῦς
778 1107 1016 1163 ἐπιβατέων
1044 1109 1215 1151 παίδων
1243 1109 1403 1158 παῖδες,
1434 1106 1518 1159 ἐξε-
1574 1093 1775 1188 ὲᾏῗῖξιὲῗιῖἓιὶῑῑέ
1795 1093 1853 1153 liii]

1573 1169 1628 1196 cep
1645 1170 1664 1189 1.

252 963 380 1015 ἄλλος
425 969 626 1021 στρατιῆς
660 965 792 1021 μέγας
832 964 1007 1016 στόλος,
1055 964 1128 1007 διὰ
1168 964 1396 1019 πρόφασιν
1437 965 1517 1019 τήν

196 1219 272 1251 tum
302 1215 447 1252 demum
475 1215 511 1251 in
530 1214 749 1263 Byzantium
769 1226 857 1251 con-

197 1271 357 1308 dendam
384 1272 542 1308 incidere
573 1276 857 1308 consentaneum

197 1328 328 1373 suerit,
369 1328 581 1377 praesertim
611 1341 692 1364 cum
720 1339 859 1364 merca-

198 1388 279 1419 tura
302 1384 351 1420 ad
375 1383 535 1421 boreales
558 1384 726 1432 regiones
748 1383 859 1420 Ponti

198 1440 314 1488 magis
337 1441 526 1489 magisque
539 1441 669 1477 florere
681 1440 860 1489 incoepis-

199 1500 274 1541 set,
312 1497 463 1545 ipseque
489 1497 659 1544 Byzantii
685 1501 814 1546 portus
839 1508 860 1532 e

197 1553 349 1588 meridie
388 1552 645 1589 accedentibus
681 1551 860 1588 difficilior

198 1615 295 1644 esset
314 1608 436 1653 aditu,
472 1620 579 1655 quain
599 1612 635 1645 et
654 1607 861 1645 Chalcedo-

197 1664 252 1700 nis
274 1668 311 1701 et
331 1664 555 1713 Selymbriae
577 1669 723 1714 portus3
763 1665 860 1701 unde

197 1720 355 1770 perspici
397 1733 505 1770 posse
547 1721 749 1767 existimat,
797 1733 860 1757 cur

198 1778 235 1813 in
292 1776 562 1814 Chalcedonem
629 1778 858 1814 condendam

200 1833 334 1870 Graeci
355 1834 401 1869 ad
421 1833 484 1869 has
506 1833 674 1882 regiones
695 1834 860 1870 conversi

200 1894 237 1926 et
262 1901 284 1925 a
315 1890 463 1926 meridie
493 1890 635 1926 advecti
653 1892 751 1939 prius
773 1890 861 1927 inci-

201 1946 330 1982 derint.
362 1945 410 1981 At
429 1946 475 1982 de
493 1946 564 1981 situ
574 1946 742 1995 Byzantii
761 1960 860 1983 com-

201 2002 362 2038 modisve
392 2003 460 2038 loci
484 2002 608 2048 huius,
639 2015 733 2051 quae
752 2003 862 2039 refert

201 2057 332 2106 Polyb.
355 2057 424 2103 IV,
456 2057 530 2104 44,
561 2059 622 2106 qui
649 2060 860 2108 respexerit,

201 2115 420 2150 confiteatur
464 2127 611 2151 necesse
657 2119 734 2161 est,
782 2115 861 2151 loco

202 2170 316 2206 multo
354 2170 495 2219 aptiore
537 2169 722 2218 multoque
758 2170 862 2219 plura

201 2227 404 2276 praebente
428 2227 620 2263 commoda
643 2226 861 2274 Byzantium

200 2283 310 2319 fuisse
327 2283 536 2327 conditum;
577 2283 613 2318 id
631 2283 729 2331 quod
752 2284 861 2331 vulgo

202 2340 366 2376 referunt
403 2339 450 2375 ad
480 2338 628 2387 Olymp.
656 2339 782 2385 XXX,
822 2341 862 2385 3,

203 2408 283 2431 cum
323 2395 534 2432 Chalcedon
571 2396 716 2431 condita
740 2396 862 2445 perhi-

203 2452 333 2488 beatur
363 2451 510 2500 Olymp.
539 2451 683 2497 XXVI,
715 2455 752 2492 2.
802 2452 862 2488 Cf.

205 2509 315 2544 etiam
333 2508 374 2544 C.
398 2509 443 2544 O.
464 2506 606 2544 Miiller.
626 2508 716 2545 Dor.
740 2509 757 2544 I
777 2521 862 2558 pag.

208 2565 298 2601 120.
318 2585 372 2589 ——
410 2564 591 2601 Dissentit
607 2568 729 2601 autem
753 2565 788 2601 iu
809 2580 861 2599 se-

202 2619 397 2667 ptendecim
418 2632 596 2656 annorum
612 2633 775 2667 numero,
799 2621 862 2669 qui

207 2675 252 2710 ab
273 2674 461 2711 Herodoto
479 2677 670 2726 proditur,
700 2677 859 2726 Hesych.

203 2729 366 2766 Milesius
421 2735 522 2769 Rerr.
574 2733 860 2782 Constantinop.

205 2799 290 2835 pag.
326 2787 402 2831 48,
444 2801 584 2836 ponens
616 2802 731 2826 annos
760 2790 861 2835 XIX,

207 2847 243 2877 ut
260 2842 473 2891 ll'esseling.
490 2848 653 2882 annotat.
678 2847 862 2884 Herodoti

205 2899 455 2936 auctoritatem
474 2903 595 2937 tuetur
608 2901 773 2941 Eustath.
794 2902 862 2940 h.1.

1101 1213 1132 1250 C
1144 1226 1165 1249 a
1177 1226 1212 1263 p.
1244 1213 1392 1251 CXLV.

976 1277 1056 1320 Τὸν
1070 1275 1192 1319 αὐτὸν
1208 1279 1249 1319 δὲ
1267 1283 1411 1320 τοῦτον
1429 1276 1575 1331 χρόνον

915 1352 950 1376 κ.
970 1352 1001 1375 τ.
1024 1336 1072 1387 t]
1106 1337 1235 1373 Incidit
1256 1337 1366 1385 igitur
1384 1338 1474 1375 haec
1486 1338 1575 1374 Per-

916 1407 1035 1431 sarum
1070 1394 1253 1443 expeditio
1274 1395 1311 1429 in
1330 1393 1484 1442 Libyam
1510 1394 1578 1431 ad-

915 1464 1044 1487 versus
1069 1451 1211 1486 Barcen
1232 1455 1401 1499 suscepta
1420 1452 1457 1487 in
1477 1450 1575 1487 idem

915 1508 990 1544 fere
1015 1512 1183 1556 tempus,
1229 1519 1300 1555 quo
1330 1506 1574 1556 Megabyzus,

916 1564 952 1600 in
982 1562 1143 1600 Thracia
1170 1562 1313 1599 relictus
1344 1567 1429 1611 post
1457 1563 1576 1599 infeli-

918 1632 995 1656 cem
1014 1619 1115 1656 Darii
1136 1619 1171 1655 in
1191 1619 1345 1666 Scythas
1373 1619 1579 1668 expeditio-

917 1688 1012 1724 nem,
1033 1675 1212 1712 Thraciae
1226 1680 1354 1723 gentes
1370 1675 1576 1723 subigebat.

918 1734 1023 1776 Quae
1050 1731 1153 1768 Darii
1180 1731 1366 1781 expeditio
1412 1745 1492 1769 cum
1529 1732 1578 1768 ad

917 1801 1051 1824 annum
1073 1789 1154 1828 508
1174 1800 1207 1824 a.
1227 1788 1311 1824 Chr.
1333 1801 1368 1825 n,
1387 1788 1578 1834 referatur,

916 1846 1006 1882 haec
1034 1845 1113 1894 ipsa
1145 1845 1181 1880 in
1212 1845 1354 1881 Barcen
1390 1845 1577 1894 expeditio

917 1901 1088 1938 continuo
1128 1904 1212 1950 post
1252 1901 1420 1937 instituta
1461 1900 1578 1936 videri

917 1958 1042 1995 debet.
1073 1957 1148 1994 Sed
1167 1958 1213 1993 cf.
1233 1961 1325 1993 nott.
1345 1958 1391 1993 ad
1410 1957 1580 2003 1V‚162.

975 2031 1347 2086 προδιηγησάμενος
1368 2030 1579 2085 πρότερον]

918 2093 1058 2129 Eadem
1107 2092 1282 2128 sermonis
1339 2092 1576 2137 abundantia,

919 2161 1026 2197 quam
1047 2161 1157 2197 supra
1175 2148 1221 2183 ad
1243 2148 1314 2193 ΙΙΙ,
1347 2151 1397 2188 16
1419 2147 1578 2185 adverti-

918 2217 1007 2241 mus.
1053 2204 1226 2252 Sequitur
1244 2204 1312 2239 hoc
1335 2203 1415 2240 loco
1434 2203 1579 2251 longior

919 2262 966 2297 de
986 2261 1148 2310 Cyrenes
1168 2260 1275 2296 rebus
1297 2260 1517 2310 disputatio,
1542 2260 1580 2295 in

918 2330 1027 2364 quam
1070 2317 1284 2353 Herodotus
1299 2345 1309 2362 ‚
1367 2317 1414 2353 de
1462 2315 1580 2352 altera

919 2372 1113 2410 Persarum
1165 2372 1399 2421 expeditione
1456 2372 1580 2420 (quae

918 2429 1124 2477 Scythicum
1145 2428 1276 2466 bellum
1293 2430 1465 2465 continuo
1485 2429 1581 2465 exci-

917 2486 1041 2534 piebat
1053 2486 1236 2534 tempore)
1248 2485 1282 2521 in
1293 2485 1446 2532 Libyam
1458 2497 1579 2520 susce-

916 2547 980 2591 pta
1013 2542 1189 2579 relaturus
1222 2542 1321 2588 (vid.
1351 2541 1422 2587 lv,
1457 2538 1577 2590 167),

918 2603 1048 2648 sponte
1067 2598 1255 2634 inciderat.
1275 2597 1410 2640 Quales
1433 2597 1578 2644 digres-

918 2655 1038 2691 siones
1057 2654 1102 2691 ab
1115 2654 1299 2690 Herodoti
1319 2666 1417 2690 more
1432 2665 1504 2688 non
1514 2653 1579 2687 ab·

917 2710 1064 2748 horrere
1085 2709 1275 2758 aliquoties
1287 2710 1502 2746 monuimus.
1532 2708 1580 2744 Et

918 2768 963 2805 cf.
980 2768 1017 2804 in
1036 2767 1238 2803 universum
1257 2770 1381 2801 notata
1399 2766 1444 2801 ad
1464 2765 1492 2810 l,
1512 2766 1576 2802 23.

981 2847 1070 2883 Τῶν
1099 2843 1141 2882 ἐκ
1161 2846 1231 2893 τῆς
1252 2839 1415 2894 Ἀργοῦς
1440 2841 1577 2891 ἐπιβα-

921 2898 1018 2943 τέων
1042 2901 1197 2940 παίδων
1219 2899 1373 2950 παῖδες]
1416 2900 1438 2935 i.
1459 2912 1490 2936 e.
1519 2910 1575 2934 ne=
