1904 3304
540 203 1224 244 MELPOMENE.1V.
1424 209 1508 249 455

1560 317 1703 345 Getarum
1733 318 1832 354 opinio

1560 350 1596 378 de
1626 352 1832 380 immortalita-

1575 388 1623 411 te:
1653 385 1814 413 Zalmoxis:

130 322 194 365 94
251 330 341 359 κων
363 311 501 362 ἐόντες
531 310 828 366 ἀνδρειότατοι
857 313 929 356 καὶ
958 311 1233 357 δικαιότατοι.
1278 311 1502 358 Ἀθανατί-

253 389 373 438 ζουσι
402 382 446 426 δὲ
469 382 594 426 τόνδε
615 384 691 426 τὸν
717 383 899 438 τρόπον·
945 383 1043 428 οὔτε
1074 382 1369 441 ἀποθνήσκειν
1397 385 1503 429 ἑωυ-

249 453 352 504 τούς
386 455 634 508 νομίζουσι,
683 455 794 498 ἰέναι
836 471 880 497 τε
924 454 1002 498 τὸν
1043 453 1342 510 ἀπολλύμενον
1381 456 1500 511 παρά

248 522 462 578 Ζάλμοξιν
480 527 679 580 δαίμονα.
739 527 781 569 οἱ
809 525 854 569 δὲ
885 522 1032 568 αὐτῶν
1060 526 1139 570 τόν
1169 524 1305 570 αὐτὸν
1331 531 1489 571 τοῦτον
1500 517 1645 578 ’ῖοῇξξξῗε
1664 522 1829 587 ἷξὲεἰυιζῖἷζ

218 596 471 649 ἓνομίζουσι
501 597 750 653 Γεβελέιζιν.
798 595 883 638 Διά
914 599 1214 652 πεντετηρίδος
1243 597 1289 641 δὲ
1316 596 1394 641 τὸν
1422 597 1499 641 πά·
1556 588 1643 664 ξὲΐ
1661 586 1753 613 ⁰³⁸¹⁰⁶

245 669 306 721 λῳ
334 665 521 721 λαχόντα
557 669 640 710 αἰεί
677 679 824 723 σφεων
862 664 1009 709 αὐτῶν
1044 667 1353 725 ἀποπέμπουσι
1383 667 1500 725 3721&-

243 741 323 780 λον
351 736 469 791 παρὰ
497 738 574 780 τὸν
605 736 841 792 Ζάλμοξιν,
872 736 1169 792 ἐντελλόμενοι
1198 741 1286 782 τῶν
1316 738 1371 782 ἂν
1400 738 1496 783 ἑκά-

216 813 369 850 3στοτε
409 806 599 850 δέωνται.
657 807 874 863 πέμπουσι
913 808 959 850 δὲ
998 803 1107 851 οἶδε·
1157 811 1201 851 οἱ
1236 809 1314 864 μὲν
1353 808 1554 854 αὐτῶν75

242 878 489 933 ταχθέντες,
521 876 698 920 ἀκόντια
717 879 815 932 τρία
836 877 998 933 ἔχουσι·
1041 876 1164 922 ἄλλοι
1193 877 1239 922 δὲ
1269 879 1495 935 διαλαβόν-

1559 417 1743 445 Gcbeleizis:
1769 427 1829 446 mos

1558 451 1653 478 nuntii
1695 452 1830 479 mittendi

1574 484 1611 524 ad
1643 485 1812 512 Zalinoxin:

379 1028 489 1080 Cap.
520 1030 652 1068 XCIV.

243 1079 521 1135 ἀποθνήσκειν
543 1083 714 1134 ἑωυτούς
726 1087 837 1137 νομί-

187 1142 316 1191 ζουσι]
354 1142 415 1179 Ob
448 1144 611 1180 additum
638 1156 838 1193 pronomen

896 1030 1088 1081 δαίμονα,
1124 1043 1204 1069 eam
1234 1033 1271 1069 in
1293 1033 1451 1082 antiquis
1471 1035 1552 1082 qui-

895 1087 1047 1125 busdam
1094 1088 1312 1126 editionibus
1366 1090 1550 1137 omissam,

895 1143 974 1180 libri
1034 1144 1157 1194 scripti
1203 1145 1331 1182 merito
1378 1146 1548 1183 retinent.

186 1195 358 1245 ἑωυτούς
377 1200 471 1236 conf.
494 1204 586 1236 nott.
605 1201 651 1236 ad
668 1200 713 1247 Il,
733 1203 769 1240 2.
784 1223 838 1227 —

185 1254 256 1291 Pro
284 1253 383 1293 ἰέναι
403 1269 451 1293 τε
470 1255 687 1305 Wesseling.
714 1256 840 1293 maluit

188 1309 288 1348 ἰέναι
321 1311 391 1358 δές
431 1313 509 1349 sine
528 1324 657 1357 causa,
686 1318 724 1349 ut
740 1313 841 1350 vide-

185 1372 252 1403 tur.
310 1366 405 1404 Nam
449 1369 646 1416 iunguntur
683 1369 838 1406 crebrius

185 1420 412 1472 Οὔτε-τε,-
448 1425 542 1461 conf.
573 1424 608 1470 Ι,
643 1427 718 1465 161
751 1425 837 1474 ibiq.

183 1484 274 1515 nott.
295 1479 368 1525 Ill,
401 1478 491 1520 144.
520 1481 609 1521 146.
642 1481 713 1525 IV,
747 1480 836 1520 125.

186 1536 277 1574 180.
294 1534 507 1572 Stallbaum.
521 1537 568 1572 ad
582 1535 673 1573 Plat.
696 1535 835 1574 Phileb.

180 1602 266 1641 pag.
290 1591 357 1632 50.

241 1642 455 1698 Ζάλμοξιν]
475 1647 528 1684 lta
545 1648 715 1685 edentem
727 1647 836 1685 Wes-

181 1703 369 1752 selingium
416 1709 566 1741 recentt.
603 1705 686 1742 edd.
723 1705 836 1741 secuti

181 1764 275 1796 sunt.
319 1761 360 1796 In
386 1759 619 1808 Florentino,
649 1760 832 1806 Mediceo‚

180 1815 258 1853 aliis
288 1820 407 1853 exstat
436 1812 660 1866 Σάλμοξιν,
689 1817 726 1853 in
756 1816 832 1853 aliis

183 1867 390 1921 Ζάμολξιν.
431 1872 533 1910 Conf.
558 1873 715 1921 Hesych.
746 1885 774 1909 s.
798 1885 831 1909 v.

182 1922 377 1977 Ζάλμοξις
406 1928 435 1974 (Ι
456 1942 491 1978 p.
514 1930 640 1977 1575)
671 1929 832 1976 Photius,

179 1984 312 2021 Suidas
342 1989 380 2021 et
408 1984 565 2033 Etymol.
594 1998 714 2034 magn.
741 1997 770 2021 S.
797 1997 830 2022 v.

179 2038 234 2077 Ac
252 2036 494 2091 Ζαλμὸξιδος
512 2042 547 2077 in
556 2041 720 2078 Platonis
738 2053 830 2088 quo-

179 2109 252 2145 que
270 2097 454 2134 Charmid.
485 2110 521 2147 p.
549 2098 626 2138 158
646 2097 689 2133 B.
730 2096 831 2133 Bod-

176 2152 314 2190 leianas
327 2153 553 2190 membranas
572 2153 702 2190 afferre
719 2156 830 2189 testa-

176 2209 428 2246 turGaisford.
460 2209 580 2259 Ipsum
590 2222 735 2255 nomen,
758 2221 829 2257 quo

170 2267 393 2315 peregrinum
438 2266 525 2314 quid
558 2266 708 2302 indicari
746 2269 830 2301 sunt

177 2321 237 2370 qui
264 2322 506 2367 contendant,
544 2326 636 2359 teste
665 2321 831 2370 Porphy-

176 2378 229 2413 rio
255 2377 329 2414 Vit.
357 2378 461 2427 Pyth.
491 2376 527 2428 ᾗ.
558 2377 607 2419 14
639 2378 782 2414 ductum
808 2389 828 2414 e

178 2432 356 2471 Thracica
390 2447 479 2472 voce
514 2430 689 2484 Ζαλμός,
735 2445 828 2482 quae

174 2488 277 2537 pellis
293 2491 416 2527 ursina
438 2495 515 2537 est,
546 2490 733 2536 Zalmoxi,
770 2502 827 2526 re-

179 2556 262 2581 cens
290 2550 399 2592 nato,
434 2559 528 2595 quae
556 2547 665 2584 fuerit
682 2546 826 2584 iniecta.

179 2599 277 2643 Quin
293 2600 349 2637 alii
361 2601 536 2640 Thaletem
552 2608 717 2641 vocatum
731 2602 828 2639 illum

179 2668 258 2693 esse
286 2663 450 2694 asserunt
477 2664 514 2697 et
540 2673 606 2709 pro
630 2658 788 2697 Hercule
808 2670 830 2695 a

178 2711 376 2750 Thracibus
407 2726 486 2752 esse
515 2715 661 2753 cultum.
722 2715 830 2752 Conf.

178 2767 348 2806 Creuzer.
378 2769 540 2817 Symbol.
570 2771 603 2808 ΙΙ
631 2784 715 2822 pag.
748 2773 828 2813 301

176 2829 251 2862 not.
272 2827 338 2867 20.
362 2849 408 2854 —
452 2826 555 2870 Quae
575 2829 735 2878 sequitur
762 2840 832 2866 vox

895 1199 990 1237 Nam
1022 1201 1069 1237 ab
1095 1199 1173 1237 aliis
1197 1213 1344 1250 quoque
1362 1202 1549 1252 scriptori-

896 1255 963 1292 bus
999 1255 1182 1294 Zalmoxis
1220 1257 1422 1295 celebratur
1457 1258 1547 1295 deus

895 1312 1097 1349 divinorum
1137 1313 1313 1350 honorum
1352 1314 1546 1364 particeps,

895 1381 986 1417 quos
1008 1381 1070 1405 cur
1091 1374 1277 1406 assecutus
1297 1370 1364 1415 sit,
1400 1371 1547 1420 exponit

894 1425 1028 1461 Strabo
1041 1453 1050 1471 ‚
1083 1425 1144 1473 qui
1162 1425 1295 1462 multus
1316 1430 1373 1463 est
1393 1427 1439 1463 de
1460 1426 1546 1463 Zal-

893 1481 989 1517 moxi
1015 1480 1081 1517 Vll
1109 1493 1192 1530 pag.
1220 1483 1302 1522 297
1332 1494 1360 1518 s.
1392 1482 1472 1522 456
1504 1483 1549 1521 C.

893 1549 970 1585 seq.
992 1535 1187 1573 Maximum
1200 1538 1298 1587 apud
1310 1538 1427 1575 Getas
1440 1539 1548 1575 deum

893 1604 973 1630 esse
1002 1591 1191 1629 Zalmoxin
1217 1596 1344 1629 auctor
1381 1597 1436 1630 est
1456 1593 1550 1631 lam-

892 1647 1029 1685 blichus
1057 1648 1129 1685 Vit.
1162 1648 1270 1698 Pyth.
1303 1647 1340 1699 ἓ.
1363 1651 1462 1695 173,
1493 1650 1548 1686 cui

890 1705 1001 1753 iunge
1028 1704 1186 1753 Diogen.
1212 1704 1333 1742 Laert.
1366 1704 1472 1751 VIII,
1510 1708 1545 1744 1.

891 1760 1031 1798 Platon.
1056 1760 1119 1797 l.1.
1141 1765 1231 1808 etc.,
1261 1761 1321 1798 ubi
1348 1757 1440 1808 θεός
1466 1761 1545 1799 lau-

889 1817 1007 1853 datur.
1050 1817 1245 1868 Respexit,
1279 1821 1430 1855 notante
1463 1817 1543 1866 Cr„

888 1873 1070 1910 Herodoti
1089 1873 1204 1910 locum
1224 1873 1385 1912 Eudocia
1402 1874 1439 1911 in
1453 1874 1542 1912 Vio-

887 1928 950 1965 lar.
970 1942 1004 1979 p.
1029 1929 1106 1970 194
1125 1929 1201 1966 coll.
1232 1929 1364 1980 Appul.
1382 1928 1539 1981 Apolog.

886 1985 932 2023 T.
953 1985 1032 2035 llp.
1058 1984 1135 2025 451
1157 1986 1216 2022 ed.
1235 1985 1384 2022 Bossch.

944 2043 979 2078 Γ
976 2039 1174 2091 εβελέϊζιν]
1197 2042 1228 2078 Ε
1245 2041 1369 2090 lingua
1386 2040 1539 2079 Lithua-

885 2097 966 2134 nica
990 2096 1148 2135 afferunt
1178 2110 1272 2147 gyra
1302 2097 1428 2148 leysis,
1461 2099 1483 2135 i.
1505 2111 1536 2136 e.

886 2156 1059 2189 auctorem
1086 2156 1118 2189 et
1148 2155 1252 2203 quasi
1270 2154 1425 2190 datorem
1442 2156 1538 2204 quie-

887 2210 943 2248 tis.
963 2231 1018 2236 —-
1049 2202 1182 2248 αὐτῶν
1201 2222 1268 2261 pro
1290 2205 1439 2248 αὐτέων
1459 2224 1539 2248 cum

886 2266 1001 2302 Gaisf.
1024 2265 1121 2303 dedi.

941 2318 1007 2360 διά
1047 2320 1343 2373 πεντετηρίδος]
1384 2321 1538 2370 singulis

885 2380 989 2415 annis
1030 2374 1137 2425 (κατ’
1170 2376 1270 2428 ἔτος)
1309 2379 1378 2415 hoc
1402 2379 1537 2415 factum

884 2447 963 2473 esse
983 2439 1104 2471 narrat
1126 2434 1296 2473 Clemens
1315 2433 1418 2471 Alex.
1434 2435 1539 2470 Stro-

883 2495 970 2527 mat.
1002 2490 1049 2527 lv
1084 2503 1169 2540 pag.
1197 2490 1278 2531 590
1313 2490 1359 2529 T.
1388 2491 1404 2526 Ι
1439 2490 1539 2527 Pott.

882 2547 1002 2595 alium,
1017 2551 1056 2584 ut
1067 2548 1222 2592 videtur,
1241 2551 1424 2585 auctorem
1436 2559 1538 2583 secu-

884 2607 954 2640 tus.
985 2622 1040 2631 —
1095 2603 1156 2641 Ad
1184 2604 1295 2641 verba
1321 2599 1390 2643 τὸν
1423 2597 1537 2654 πάλῳ

885 2655 1052 2709 λαχόντα
1081 2661 1176 2697 conf.
1203 2663 1292 2696 nott.
1312 2660 1359 2697 ad
1381 2659 1452 2705 Ill,
1484 2660 1537 2699 83

887 2720 922 2754 et
943 2715 1012 2762 IV,
1046 2716 1136 2757 153.

944 2771 984 2810 οἱ
1023 2769 1094 2823 μὲν
1134 2767 1267 2811 αὐτῶν
1305 2768 1539 2822 ταχθέντες]

887 2828 1112 2879 Requirebat
1148 2827 1350 2878 Schweigh.
1391 2826 1432 2867 οἱ
1467 2824 1538 2876 μὲν
