1904 3304
435 248 518 288 498
850 243 1323 285 HERODOTI

436 354 514 399 τὸν
540 352 705 397 Τάναϊν
734 351 954 408 ποταμὸν,
985 354 1030 396 οἱ
1059 353 1225 409 Πέρσαι
1254 354 1550 410 ἐπιδιαβάντες
1578 354 1699 399 ἐδίω-

435 438 541 469 κον·
584 424 626 474 ἐς
652 422 679 466 ὃ
705 427 793 467 τῶν
822 423 1147 479 Σαυροματέων
1175 424 1254 481 τὴν
1282 425 1428 481 χώρην
1458 426 1698 478 διεξελθόν-

276 500 375 545 123
433 513 523 547 τες,
555 494 764 538 ἀπίκοντο
795 494 838 546 ἐς
867 494 948 550 τὴν
976 498 1064 537 τῶν
1090 496 1334 538 Βουδίνων.
1381 495 1519 539 ΓὈσον
1544 497 1623 551 μὲν
1644 495 1697 551 δή

106 565 325 632 {13.b5}}g·]¹'g¹fp
317 573 381 625 *ᾚἾ
437 565 601 621 χρόνον
631 567 675 608 οἱ
705 566 873 621 Πέρσαι
901 563 1031 621 ἤϊσαν
1060 565 1131 609 διοὶ
1162 569 1240 622 τῆς
1269 568 1496 620 Σκυθικῆς
1525 567 1598 608 καὶ
1627 570 1700 621 τῆς
1713 571 1758 605 80

106 636 203 693 sarm
222 634 301 700 ³¹ch
303 633 382 693 ¹2iu‘
366 667 380 700 ]
440 634 777 691 Σαυρομάτιδος
805 636 966 693 χώρης,
1008 636 1052 678 οἱ
1081 635 1126 679 ὁὲ
1155 633 1271 690 εἶχον
1301 633 1430 677 οὐδὲν
1467 636 1699 688 σινέεσθαι,

1763 639 1847 682 335
1886 659 1890 667 ·

383 801 520 837 tionem
554 800 737 848 sequitur,
781 798 878 837 conf.
906 796 1040 834 Matth.

384 855 421 907 ᾗ.
445 858 523 897 591
547 868 579 891 a.
599 869 633 906 p.
659 857 779 895 1180.
833 854 930 891 Add.
952 858 1041 890 nott.

384 914 433 951 ad
451 913 590 949 Herod.
615 911 779 957 11,121
815 915 851 948 et
877 911 1041 948 Passow.

384 970 422 1006 in
455 938 1043 1017 lahn.Anriall.philoll.1827

386 1025 417 1061 ΙΙ
439 1039 476 1075 p.
498 1024 549 1064 65
571 1037 647 1072 seq.
661 1052 672 1071 ‚
712 1023 772 1059 ubi
793 1025 901 1061 eti-un
923 1024 969 1060 de
991 1022 1044 1059 lo-

385 1082 531 1118 cutione
549 1078 646 1131 πρὸς
668 1074 753 1128 η’ὦ,
789 1079 985 1116 Homerica
1003 1078 1046 1115 il-

387 1137 421 1174 Ιι
444 1137 611 1185 quidem,
644 1136 842 1172 admonuit.
893 1134 952 1172 De
973 1146 1046 1183 qua

388 1193 448 1230 Tu
470 1193 564 1229 conf.
598 1195 690 1227 nott.
721 1191 768 1227 ad
793 1190 864 1237 1V,
892 1189 958 1229 44.
1006 1190 1046 1225 Ιῃ

389 1261 492 1296 seqq.
530 1242 806 1297 ἐπιδιαβάντες
844 1250 916 1283 est:
969 1249 1047 1295 post

386 1305 468 1341 illos
496 1305 649 1340 traiecti.
709 1303 768 1339 Cf.
797 1302 925 1339 similia
954 1315 1048 1351 quae

387 1360 491 1398 attuli
525 1361 572 1396 ad
608 1359 787 1395 Plutarch.
821 1358 1047 1408 Philopoem.

387 1431 424 1468 p.
447 1419 484 1457 6.
516 1415 686 1452 Exoritur
706 1428 792 1452 vero
809 1414 880 1452 h.l.
901 1415 1048 1463 gravior

387 1473 577 1522 quaestio,
619 1473 681 1521 qui
713 1471 849 1508 scilicet
875 1471 952 1508 fieri
980 1483 1049 1520 po-

388 1529 517 1574 tuerit,
568 1531 607 1564 ut
636 1533 710 1564 tam
750 1527 851 1564 brevi
883 1531 1049 1576 tempore

388 1585 583 1622 Persarum
614 1584 741 1634 copiae
761 1582 906 1620 Tanain
936 1582 1048 1618 traie-

390 1641 528 1688 ceriut‚
569 1653 650 1676 cum
677 1639 723 1675 ab
740 1638 832 1675 Istro
852 1639 900 1675 ad
921 1637 1050 1675 Maeo-

389 1697 504 1734 tidem
537 1709 652 1744 usque
679 1695 808 1743 viginti
838 1695 977 1732 dierum
1003 1693 1050 1730 sit

390 1754 460 1790 iter
484 1753 562 1788 viro
590 1752 678 1788 satis
715 1751 905 1800 expedito,
953 1755 1050 1787 teste

390 1809 585 1846 Herodoto
614 1807 684 1853 lv,
721 1809 823 1854 101,
861 1805 1049 1854 multoque

390 1865 501 1913 igitur
520 1864 662 1912 longius
684 1864 752 1900 iter
771 1864 931 1911 agmini,
958 1862 1051 1899 mul-

391 1922 438 1958 tis
488 1920 758 1969 impedimentis
807 1932 882 1955 non
934 1920 1050 1955 minus

392 1989 504 2026 quam
528 1981 708 2026 perpetuo
731 1976 807 2012 sere
829 1975 956 2012 timore
983 1975 1051 2011 ho-

394 2034 502 2070 stium
531 2031 803 2069 advenientium
827 2035 970 2069 retento
995 2031 1051 2067 in-

393 2090 515 2138 deque
539 2089 655 2125 minus
680 2087 872 2134 velociter,
914 2091 952 2124 ut
975 2100 1053 2125 cre-

392 2145 504 2182 dibile
526 2149 604 2191 est,
632 2145 893 2194 progredienti.
923 2145 1052 2192 ltaque

391 2201 593 2238 Palmerius
633 2201 805 2238 Exercitt.
839 2201 887 2237 ad
918 2201 1051 2237 Graec.

393 2256 498 2294 Auct.
522 2271 556 2306 p.
578 2259 653 2298 21:
702 2257 891 2304 ,‚Darius,
921 2257 1051 2305 inquit,

393 2313 570 2362 Hypanin
592 2317 657 2350 aut
676 2314 770 2350 sorte
789 2312 1050 2363 Borysthenem,

397 2369 550 2406 Tamum
574 2382 652 2406 esse
676 2370 853 2415 credidit,
890 2369 946 2406 vel
976 2382 1053 2406 cre-

393 2427 483 2463 dere
508 2438 546 2462 se
567 2425 770 2470 simulavit,
810 2430 849 2462 ut
867 2438 954 2462 suae
974 2424 1053 2473 glo-

394 2483 470 2519 riae
491 2482 619 2518 audaci
642 2481 830 2518 mendacio
850 2483 1052 2519 velificare-

396 2542 467 2575 tur.
478 2540 503 2557 “
553 2538 632 2574 Nec
652 2550 734 2586 mag
723 2538 766 2573 ἰ5
786 2538 975 2587 probabile
1002 2538 1053 2574 xi-

397 2595 505 2631 detur
537 2567 939 2644 Re11neli0⁰l.1.pag.
971 2594 1054 2635 424

397 2663 475 2699 seq.
516 2654 552 2687 et
590 2650 819 2687 Dahlmanno
854 2662 939 2700 pag.
974 2653 1050 2690 161

396 2706 475 2743 fieri
504 2710 688 2756 potuisse,
733 2711 773 2742 ut
794 2705 926 2743 Darius
947 2720 1051 2743 sexa-

395 2763 501 2811 ginta
537 2763 675 2799 dierum
710 2762 840 2799 itincre
877 2763 1052 2799 immensa

396 2819 486 2855 haec
508 2820 625 2868 spatia
647 2819 692 2856 ab
714 2818 796 2855 lstri
815 2819 914 2854 ostiis
938 2831 1052 2867 usque

396 2875 445 2911 ad
476 2875 630 2924 Volgum
653 2888 771 2926 prope
800 2875 964 2912 Saratow
999 2875 1051 2911 bis

1098 797 1295 848 permearit
1319 797 1590 849 progrediendo
1623 811 1667 836 ac
1697 812 1757 837 re-

1100 854 1322 903 grediend0‚
1354 855 1464 902 idque
1485 867 1557 891 non
1578 856 1758 902 rectavia,

1100 911 1167 947 sed
1189 911 1381 959 ambagum
1403 910 1511 960 plena
1527 922 1569 947 ac
1581 915 1758 948 tortuosa.

1098 965 1254 1003 Addunt
1287 980 1396 1017 porro
1431 967 1546 1003 victus
1585 968 1760 1017 inopiam,

1100 1023 1273 1071 vitaeque
1309 1023 1569 1059 sustentandae
1606 1022 1762 1059 difficul-

1100 1082 1214 1116 tatem
1232 1079 1267 1114 in
1289 1083 1362 1115 tam
1389 1080 1564 1116 immenso
1592 1079 1760 1125 exercitu,

1103 1134 1193 1181 alia,
1232 1146 1327 1183 quae
1355 1136 1500 1183 singula
1528 1135 1662 1172 referre
1688 1147 1763 1171 non

1103 1193 1221 1226 vacat.
1251 1190 1433 1238 Equidem
1452 1192 1485 1227 in
1505 1191 1649 1235 talibus,
1667 1202 1761 1238 quae

1105 1247 1162 1282 vix
1180 1258 1341 1294 unquam
1359 1247 1408 1282 ad
1426 1245 1599 1294 liquidum
1612 1246 1762 1296 perduci

1103 1314 1214 1352 posse
1235 1307 1384 1352 putem,
1425 1302 1620 1339 decernere
1650 1302 1762 1338 nolim

1105 1370 1224 1407 eaque
1242 1357 1362 1394 malim
1382 1357 1418 1393 in
1437 1358 1557 1395 medio
1578 1357 1762 1407 relinque-

1103 1427 1166 1460 re,
1213 1426 1324 1462 quam
1367 1415 1510 1451 incertis
1548 1414 1762 1452 coniecturis

1104 1471 1300 1508 incertiora
1335 1471 1429 1507 adeo
1468 1470 1622 1508 reddere
1651 1474 1763 1519 atque

1106 1527 1328 1563 obscuriora.
1376 1526 1460 1563 Hoc
1485 1540 1594 1563 unum
1614 1528 1763 1573 addam,

1103 1583 1219 1619 videri
1236 1582 1337 1619 Darii
1357 1583 1551 1619 exercitum
1571 1583 1677 1619 solito
1701 1596 1764 1620 ve-

1104 1637 1217 1675 locius
1237 1650 1492 1688 progressum‚
1530 1639 1560 1674 si
1579 1639 1725 1687 quidem
1742 1650 1763 1676 e

1105 1694 1290 1731 locutione
1311 1690 1567 1743 παυσάμενος
1586 1697 1657 1733 τοῦ
1672 1690 1762 1746 δρό-

1106 1765 1183 1800 μου
1204 1750 1266 1797 lV,
1290 1750 1379 1790 124.
1399 1753 1475 1790 126
1498 1751 1571 1788 tale
1587 1751 1674 1800 quid
1692 1751 1764 1787 col-

1106 1807 1220 1855 ligere
1258 1806 1391 1843 licebit.
1423 1827 1479 1834 —
1531 1808 1603 1844 Pro
1635 1806 1674 1853 ἐς
1706 1803 1764 1854 td,

1107 1863 1208 1911 quod
1226 1862 1429 1911 Schweigh.
1449 1868 1485 1900 et
1497 1864 1615 1899 Gaisf.
1636 1876 1656 1900 e
1676 1863 1765 1899 Flo-

1106 1920 1249 1955 rentino
1269 1919 1470 1965 dederant,
1516 1919 1643 1956 reduxi
1666 1918 1706 1964 ἐς
1731 1914 1765 1958 ”ο’.

1108 1975 1165 2012 Tu
1189 1975 1261 2011 vid.
1282 1980 1376 2012 nott.
1395 1976 1442 2011 ad
1459 1975 1518 2022 IV,
1543 1978 1606 2015 12.

1276 2032 1389 2081 Cap.
1420 2031 1591 2069 CXXIII.

1165 2086 1206 2126 οἱ
1222 2083 1263 2125 δὲ
1285 2083 1389 2136 εἶχον
1409 2083 1527 2126 ου’ὂὲν
1545 2084 1763 2137 σινέεσθαι]

1107 2143 1166 2181 De
1183 2144 1358 2194 particula
1374 2141 1435 2191 δὲ,
1468 2157 1562 2193 quae
1581 2145 1636 2182 hic
1654 2145 1691 2181 in
1713 2144 1766 2180 lo-

1109 2213 1188 2237 cum
1203 2200 1380 2250 repetitae
1395 2201 1588 2250 particulae
1604 2198 1675 2250 5052)
1685 2213 1765 2237 suc-

1110 2256 1230 2301 cessit,
1250 2257 1292 2293 cf.
1317 2257 1470 2294 Werser.
1490 2257 1526 2292 in
1547 2256 1643 2293 Actt.
1666 2256 1764 2306 phill.

1109 2312 1275 2349 Monacc.
1296 2312 1309 2347 l
1330 2326 1365 2362 p.
1381 2313 1432 2353 95
1457 2313 1578 2360 ibique
1597 2312 1705 2350 allata
1721 2325 1765 2349 ex

1108 2369 1315 2405 Herodoto,
1351 2390 1406 2396 —
1449 2367 1652 2408 σινέεσθαι
1683 2382 1763 2406 cum

1110 2425 1276 2473 Schwgh.
1295 2429 1330 2461 et
1344 2425 1457 2461 Gaisf.
1472 2425 1557 2461 dedi
1576 2438 1642 2474 pro
1664 2426 1765 2463 σίνε-

1112 2485 1222 2528 σθαι,
1246 2482 1346 2530 quod
1366 2482 1512 2517 retinuit
1534 2481 1665 2518 Matth.
1703 2482 1765 2517 In-

1111 2539 1166 2574 sra
1186 2538 1233 2582 V,
1257 2539 1331 2578 81:
1364 2535 1573 2575 ἕσινέοντο.
1604 2537 1668 2584 lx,
1694 2539 1764 2578 13:

1111 2591 1288 2632 ἐσινὲετο.
1326 2615 1380 2619 ——
1423 2593 1460 2629 ln
1489 2606 1592 2642 seqq.
1614 2593 1764 2644 χέρσος,

1111 2650 1308 2699 interprete
1327 2649 1512 2697 Hesychio
1534 2650 1564 2686 ll
1583 2662 1618 2699 p.
1645 2651 1764 2695 1550,

1108 2705 1237 2742 dicitur
1265 2721 1290 2755 η
1329 2705 1476 2757 ἐοημος
1497 2721 1544 2757 γη
1577 2703 1644 2743 καὶ
1674 2720 1764 2756 τρα-

1108 2765 1211 2812 χεῖα,
1250 2759 1317 2799 καὶ
1349 2774 1456 2800 πασα
1494 2778 1543 2814 γη
1587 2759 1765 2813 ἄκαρπος

1107 2816 1174 2855 καὶ
1203 2813 1321 2869 εἷνέξνη
1325 2831 1450 2864 αστος.
1509 2819 1600 2856 Item
1629 2819 1665 2854 in
1691 2817 1762 2854 Μ5.

1107 2873 1199 2912 Bibl.
1221 2874 1331 2912 Cois.l
1358 2889 1395 2926 p.
1431 2874 1513 2917 454
1541 2873 1675 2928 χέρσα·
1715 2888 1761 2911 τα
