1904 3304
33 901 132 946 184

470 249 1154 290 MELPOMENE.1V.

181 373 312 407 ποισι.

1355 253 1439 291 605

371 362 414 404 οῖ
448 360 532 416 γὰρ
579 360 888 416 Τρωγλοδύται
919 360 1125 409 Αἰθίοπες
1161 356 1299 408 πόδας
1330 357 1497 413 mixi-90

181 446 275 477 στοι
314 431 560 485 ἀνθρώπων
598 433 774 474 πάντων
812 431 914 480 εἶσὶ,
954 434 1042 473 τῶν
1080 428 1200 485 ἡμεῖς
1238 429 1339 483 πὲρι
1372 429 1441 471 λό-

152 511 174 543 6
184 520 289 559 γους
339 501 699 558 ἀποφερομένους
748 501 886 545 α’κούο
894 517 983 555 μεν.

1053 500 1267 543 σιτέονται
1312 499 1357 542 δὲ
1396 501 1439 543 οἱ

184 574 491 629 Τρωγλοδύται
539 576 639 630 ὄφις
685 574 758 616 καὶ
810 572 996 625 σαύρας,
1044 571 1117 613 καὶ
1162 570 1214 612 τὰ
1260 574 1440 613 τοιαῦτα

179 649 267 687 τῶν
312 644 511 698 ἑρπετῶν.

575 648 775 700 γλῶσσαν
824 644 868 686 δὲ
919 640 1102 697 οὐδεμιῇ
1156 640 1261 695 ἄλλῃ
1311 657 1443 695 παρο-

179 714 308 768 μοίην
344 717 617 772 νενομίκασι,
654 714 762 759 ἄλλοὲ
802 716 1036 770 τετρίγασι,
1076 711 1265 766 κατάπερ
1298 713 1344 755 αἱ
1370 728 1446 755 νυ-

177 786 378 838 πτερίδες.

180 966 312 1020 ὁδοῦ,
344 969 473 1020 ἄλλος
503 969 605 1020 ἁλός
633 985 676 1012 τε
705 967 923 1021 κολωνος,
954 967 1027 1010 καὶ
1055 966 1195 1020 ὕδωρ·

292 895 393 942 Ἀπὸ
424 899 470 943 δὲ
492 898 793 955 Γαραμάντων
829 896 891 942 δι’
923 896 1088 940 ἀλλέων
1117 895 1220 939 δέκα
1240 895 1542 961 fflcaepicovffim
1516 903 1654 928 Arsame
1703 901 1755 928 ho-

1582 944 1771 962 1161111111111-

1255 969 1328 1010 καὶ
1359 967 1438 1010 α’ν-
1495 977 1653 1029 Ιέῐ
1657 944 1754 1029 0ΡῖΞῇ
1724 977 1770 995 ¹¹¹¹'

175 1043 350 1094 θρωποι
395 1041 492 1097 περὶ
541 1040 677 1084 αὐτὸν
716 1040 935 1092 οἰκέουσι,
981 1043 1094 1082 τοῖσι
1136 1035 1308 1093 οὔνομά
1346 1037 1435 1082 ἐστι
1490 1041 1687 1104 ,ζυξζξὸᾘξη
1695 1012 1771 1105 1ζὲ

121 1248 196 1272 rum
224 1249 327 1273 usum
352 1237 502 1285 attinet,
528 1237 572 1275 cf.
604 1237 671 1286 lv,
702 1239 781 1278 193

125 1291 206 1329 coll.
240 1295 317 1333 170
354 1293 494 1342 (ibique
525 1294 650 1342 nott).
690 1296 779 1334 189.

123 1348 192 1385 His
219 1349 311 1386 enim
333 1355 471 1387 mature
492 1363 639 1400 operam
659 1351 782 1387 dedis-

123 1417 163 1441 se
191 1406 356 1442 videntur
383 1405 523 1454 Libyae
554 1409 781 1457 septentrio-

122 1460 214 1497 nalis
245 1467 394 1510 gentes,
427 1475 521 1511 quae
542 1463 598 1499 vel
616 1463 780 1499 Cartha-

121 1518 303 1565 ginienses
346 1523 564 1555 armatorum
613 1532 780 1555 curruum

122 1574 344 1610 edocuerunt
365 1587 479 1619 usum,
510 1575 579 1610 nisi
602 1575 637 1611 hi
657 1576 779 1624 potius

120 1641 142 1665 a
175 1629 414 1666 Phoenicibus
445 1630 532 1667 talia
561 1632 776 1680 acceperint.

120 1686 204 1721 vid.
237 1686 396 1723 Heeren.
421 1685 443 1722 l.
471 1687 494 1722 l.
522 1699 559 1736 p.
588 1687 668 1727 265
699 1686 775 1724 coll.

119 1741 289 1779 Viilcker.
317 1742 432 1792 Iapet.
470 1755 555 1793 pag.
589 1745 671 1784 220
702 1750 776 1780 not.

120 1799 216 1839 278.
272 1799 369 1842 Quin
399 1799 497 1848 ipsos
524 1800 620 1848 apud
652 1798 775 1849 Aegy-

119 1854 214 1904 ptios
235 1867 356 1891 currus
371 1853 498 1892 bellico
513 1856 591 1891 usui
604 1856 776 1893 destinati

119 1910 368 1959 reperiuntur,
413 1912 516 1959 bigae
549 1911 776 1961 plerumque,

119 1966 235 2002 rarius
276 1967 495 2015 quadrigae,
548 1980 642 2015 quae
677 1969 776 2018 apud

120 2021 321 2059 Homerum
348 2036 494 2072 quoque
521 2024 633 2059 rarius
652 2036 776 2060 occur-

121 2083 215 2114 runt.
272 2078 332 2115 Tu
361 2080 444 2116 vide
471 2080 616 2128 copiose
648 2080 693 2116 (le
720 2080 774 2116 his

57 2152 60 2157 ¹
121 2140 363 2184 exponentem
390 2134 560 2172 Minutoli
582 2135 774 2173 Abhandll.

121 2190 337 2228 Vermischt.
360 2191 494 2228 Inhalts
513 2191 556 2238 ΙΙ,
590 2193 607 2229 1
637 2205 673 2240 p.
698 2194 775 2232 129

121 2259 225 2295 seqq.
264 2249 353 2287 139.
383 2261 461 2296 seq.
519 2248 778 2297 Schulzeitung

122 2305 231 2345 1832
261 2316 315 2340 nr.
336 2306 384 2345 19
412 2318 449 2354 p.
474 2305 554 2345 150
582 2309 659 2341 not.
687 2308 777 2346 116.

175 2388 256 2425 τῶν
276 2385 391 2437 ’ἡμεῖς
410 2385 499 2437 πέρι
521 2383 664 2440 λόγους
678 2382 777 2426 α’πο-

122 2442 369 2493 φερομένους
410 2440 632 2494 ἀκούομεν]
679 2444 702 2483 i.
743 2458 774 2482 e.

123 2498 164 2533 (Ie
197 2501 318 2548 quihus
341 2514 403 2537 nos
429 2501 594 2537 audimus
613 2514 776 2537 sermones

122 2554 273 2601 relatos,
303 2570 331 2593 s.
362 2570 505 2606 quorum
531 2557 578 2593 acl
598 2570 657 2592 uos
667 2557 776 2606 fama

118 2614 282 2658 pervenit.
321 2613 361 2649 In
389 2626 492 2663 seqq.
520 2609 671 2660 σαύρας
696 2627 776 2650 cum

124 2666 239 2703 Gaisf.
253 2668 394 2714 retinui,
405 2671 595 2707 addicente
610 2669 775 2709 Eustath,

121 2723 168 2758 ad
180 2722 293 2770 Dion)
303 2736 329 2759 S.
342 2725 481 2774 Perieg.
498 2728 589 2766 180.
609 2726 776 2774 Schwgh.

122 2791 143 2815 e
176 2778 356 2814 nonnullis
389 2780 486 2817 libris
510 2783 654 2819 refinxit
682 2779 776 2819 σαύ-

122 2848 227 2883 ρους.
239 2834 290 2871 Ac
299 2848 387 2872 sane
397 2837 566 2873 videntur
577 2839 707 2874 Graeci
720 2838 776 2873 di-

121 2890 216 2928 xisse
240 2893 385 2943 σαῦρος
405 2896 443 2930 et
462 2895 602 2946 σαῦρα.
640 2893 775 2944 Attigit

838 1235 1023 1274 U'eichert
1041 1233 1099 1271 De
1117 1231 1254 1271 Laevio
1276 1232 1380 1272 Poet.
1409 1232 1445 1285 ἓ.
1469 1236 1496 1275 8

839 1293 978 1342 (Poett.
1011 1290 1110 1327 Latt.
1131 1291 1278 1340 Reliqq.
1299 1304 1383 1340 pag.
1408 1291 1495 1339 52),

837 1350 899 1386 ubi
919 1350 1003 1386 citat
1015 1347 1209 1395 Kiessling.
1234 1349 1281 1383 ad
1294 1348 1493 1384 Theocritt.

837 1405 937 1453 ldyll.
957 1405 1011 1450 ll,
1044 1405 1096 1444 58
1115 1416 1198 1453 pag.
1221 1405 1285 1443 80.
1318 1403 1379 1441 Tu
1400 1404 1493 1441 conf.

835 1467 926 1498 nott.
949 1461 997 1498 ad
1014 1460 1154 1497 Herod.
1177 1460 1243 1507 lv,
1279 1462 1373 1500 192.

892 1547 1073 1597 γλῶσσαν
1093 1541 1134 1583 ὁὲ
1154 1540 1320 1597 ου’δεμιῇ
1340 1541 1438 1598 ἄλλῃ
1457 1559 1491 1583 π.

834 1617 866 1640 τ.
886 1601 941 1652 λ.]
981 1602 1087 1638 Facit
1114 1601 1182 1636 huc
1204 1601 1324 1638 Melae
1343 1601 1440 1637 locus
1460 1602 1491 1648 I,

835 1661 874 1705 8,
896 1657 967 1699 45:
998 1656 1298 1706 „Troglodytae‚
1318 1657 1494 1694 nullarum

834 1728 944 1764 opum
988 1715 1144 1759 domini,
1184 1714 1335 1749 strident
1375 1715 1492 1761 magis

834 1784 943 1820 quam
982 1772 1199 1819 loquuntur,
1240 1783 1370 1819 specus
1407 1771 1492 1807 sub-

834 1831 942 1873 eunt,
971 1826 1188 1874 alunturque
1221 1827 1492 1876 serpentibus.“

834 1884 909 1920 Ubi
928 1884 988 1921 Tu
1015 1884 1138 1920 confer
1156 1884 1203 1918 sis
1223 1882 1438 1920 Tzschucke
1455 1884 1492 1919 in

832 1944 922 1976 nott.
935 1952 1062 1987 exegg.
1079 1952 1113 1988 p.
1126 1941 1219 1978 228.
1253 1938 1329 1974 Vol.
1345 1939 1397 1974 111
1414 1939 1451 1975 P.
1464 1939 1491 1975 I.

832 1996 885 2032 Ac
902 1995 1037 2031 Plinius
1068 2007 1213 2043 quoque
1233 1994 1279 2030 H.
1302 1993 1351 2031 Ν.
1379 1995 1434 2041 V,
1465 1996 1491 2034 8

833 2050 1072 2100 Troglodytis
1125 2051 1303 2087 stridorem
1352 2051 1490 2097 tribuit,

832 2120 905 2143 non
929 2120 1075 2152 vocem3
1106 2108 1166 2143 ubi
1183 2107 1224 2143 L.
1239 2107 1383 2143 Marcus
1403 2120 1487 2157 pag.

835 2166 915 2204 190
941 2162 1070 2199 Arabis
1101 2164 1234 2199 dictum
1265 2163 1387 2210 affert,
1418 2164 1488 2199 lin-

834 2232 943 2268 guam
969 2219 1151 2256 hominum
1178 2219 1342 2256 Fellatah
1371 2232 1488 2268 aeque

833 2283 947 2324 atque
980 2275 1179 2324 Anglorum
1222 2276 1372 2313 similem
1408 2289 1490 2314 esse

834 2333 951 2369 avium
964 2332 1117 2368 stridori.
1148 2331 1228 2368 Nec
1239 2331 1341 2369 aliter
1353 2331 1489 2380 Nigro-

833 2402 912 2424 rum
932 2389 1081 2425 istorum
1102 2388 1259 2436 linguam
1278 2389 1395 2425 avium
1408 2389 1490 2424 stri-

833 2445 912 2481 dori
945 2445 1094 2482 similem
1123 2445 1198 2480 aliis
1229 2445 1341 2481 visam
1373 2449 1409 2481 et
1433 2445 1490 2480 di·-

832 2506 925 2538 ctam
954 2513 1032 2538 esse
1053 2514 1095 2538 ex
1114 2501 1376 2537 Hornemannii
1399 2500 1489 2538 Dia-

832 2558 886 2593 rio
909 2562 1032 2594 enotat
1049 2558 1206 2594 Heeren.
1231 2557 1284 2593 Id.
1308 2558 1364 2602 ll,
1407 2560 1424 2596 1
1451 2570 1487 2605 p.

833 2615 925 2654 232.
986 2612 1044 2650 Ad
1075 2613 1306 2662 νενομίκασι
1337 2613 1432 2649 conf.
1461 2612 1490 2659 I,

836 2667 1024 2710 131.142
1058 2670 1146 2718 ibiq.
1168 2673 1259 2705 nott.
1284 2669 1354 2714 lv,
1386 2670 1490 2714 1913

832 2726 879 2762 ad
899 2726 1092 2778 τετρίγασι
1120 2730 1210 2762 nott.
1234 2727 1282 2762 ad
1304 2725 1377 2771 llI,
1411 2727 1490 2765 110

833 2786 870 2818 et
899 2781 1037 2819 Aelian.
1071 2781 1119 2819 N.
1149 2780 1193 2817 A.
1226 2781 1296 2827 IV,
1333 2781 1385 2821 41
1421 2780 1491 2816 ibi-

831 2850 903 2886 que
920 2839 1056 2874 Iacobs.
1077 2851 1112 2887 p.
1135 2837 1323 2884 229.V11,
1354 2838 1379 2878 8
1401 2836 1487 2884 ibiq.

830 2894 956 2933 Iacobs
971 2906 1057 2946 pag.
1076 2893 1168 2935 251.
