1904 3304
114 622 249 657 Zopyrus
267 622 391 651 uarium

115 663 178 696 per·
195 656 270 696 duan
332 692 337 698 ¹

116 694 224 726 recipit
241 699 271 719 a.
340 711 347 720 .

308 663 390 685 ortas

448 234 534 277 27⁰

845 234 1318 275 HERODOTI

451 342 734 399 συγκειμένας
769 343 954 399 ἡμέρας,
992 343 1169 401 ἐξήγαγε
1206 346 1249 397 ές
1278 345 1327 391 τὸ
1368 345 1746 402 προειρημένον·6

449 415 524 459 καὶ
568 413 906 470 κυκλωσάμενος
954 416 1249 473 κατεφόνευσε
1302 418 1405 470 τούς
1456 430 1717 474 τετρακισχι-

421 488 589 538 6λίους.
648 484 707 536 ὦς
737 485 783 529 δὲ
813 487 882 529 καὶ
915 492 1045 532 τοῦτο
1074 489 1360 544 κατέργαστο,
1398 490 1540 533 πάντα
1572 490 1625 545 δὴ
1663 484 1720 546 ἦν

290 557 390 604 158
448 557 496 601 ἐν
539 563 652 601 τοῖσι
690 560 1015 613 Βαβυλωνίοισι
1053 559 1294 614 Ζώπυρος,
1335 560 1409 603 καὶ
1451 561 1720 618 στρατάρχης

448 644 492 672 τε
523 627 652 679 ούτός
681 640 760 683 σφι
790 629 863 673 καὶ
891 631 1151 687 τειχοφύλαξ
1188 630 1460 677 ἀπεδέδεκτο.
1519 636 1715 688 Προσβο-
1734 639 1777 673 10

448 699 531 756 λὴν
578 700 623 744 δὲ
664 702 861 754 Δαρείου
900 703 1010 747 κατὰ
1047 702 1101 747 τοὶ
1150 705 1407 759 συγκείμενα
1453 704 1719 757 ποιευμένου

449 771 572 826 πέριξ
617 771 666 816 τὸ
708 777 869 828 τεῖχος,
910 775 1104 820 ἐνθαῦτα
1144 775 1197 832 δὴ
1226 774 1370 819 πάντα
1409 774 1487 818 τὸν
1526 774 1662 819 δόλον
1695 773 1719 818 ὁ

424 849 446 882 2
459 841 673 897 Ζώπυρος
711 844 920 901 ἐξέφαινε.

981 848 1024 890 οἱ
1063 847 1143 902 μὲν
1180 846 1263 902 γὰρ
1298 846 1577 904 Βαβυλώνιοι
1616 844 1720 890 ἀνα-

454 914 608 971 βάντες
637 915 708 959 έπὶ
737 917 785 961 τὸ
816 923 971 974 τεῖχος,
1007 917 1230 974 ἠμύνοντο
1260 917 1340 974 τὴν
1368 919 1563 973 Δαρείου
1592 930 1720 972 στρα-

450 985 549 1042 τιὴν
578 987 968 1044 προσβάλλουσαν·
999 987 1023 1033 ὁ
1055 990 1100 1033 δὲ
1124 988 1340 1044 Ζώπυρος
1368 988 1444 1041 τάς
1474 1005 1518 1033 τε
1539 990 1723 1041 Κισσίας
1738 995 1779 1030 15

442 1127 576 1170 πάντα
598 1129 649 1182 δή
676 1126 731 1183 ἦν
759 1148 794 1172 κ.
824 1148 854 1172 τ.
877 1135 933 1185 λ.]
973 1135 995 1171 i.
1026 1148 1057 1173 e.

395 1191 547 1225 omnium
571 1191 683 1239 primo
714 1190 786 1227 loco
809 1192 908 1241 apud
932 1191 1059 1241 Baby-

396 1246 506 1282 Ionios
527 1246 729 1283 censebatur
743 1251 775 1283 et
788 1247 972 1284 dicebatur
984 1248 1058 1284 Zo-

390 1315 516 1353 pyrus.
576 1302 617 1339 ln
638 1316 711 1352 qua
731 1303 934 1351 locutione,
957 1306 1059 1354 quod

394 1358 437 1398 έν
458 1363 542 1396 ante
562 1362 665 1398 τοῖσι
686 1359 812 1397 melius
831 1361 950 1398 omitti
970 1375 1059 1399 cen-

395 1420 452 1454 set
473 1415 600 1453 Valek.
624 1416 692 1463 (ad
714 1417 804 1464 VII,
832 1417 945 1465 156),
968 1418 1058 1455 satis

396 1473 528 1509 iustam
557 1473 728 1521 equidem
768 1486 842 1511 non
877 1475 1058 1525 perspicio

396 1542 554 1567 causam.
578 1528 627 1566 At
641 1542 725 1567 vero
738 1531 859 1567 omisit
871 1531 1061 1581 praeposi-

394 1585 534 1623 tionem
558 1586 748 1623 Matthiae.
778 1586 838 1623 Tu
853 1588 896 1624 cf.
913 1592 1062 1636 praeter

395 1642 485 1689 Vll,
519 1642 598 1683 156
631 1642 739 1679 etiam
771 1656 881 1694 supra
912 1644 947 1691 I,
980 1647 1060 1686 122

396 1699 484 1748 ibiq.
505 1697 629 1737 laudd.
689 1698 770 1737 Alia
789 1699 911 1737 attulit
929 1701 976 1737 ad
995 1714 1060 1738 no-

396 1759 511 1792 strum
531 1755 647 1793 locum
669 1755 888 1806 W'esseling.

457 1807 801 1863 στρατάρχης]
876 1813 932 1850 Ita
979 1827 1060 1851 cum

401 1867 606 1917 Schweigh.
624 1875 662 1906 et
672 1869 788 1906 Gaisf.
804 1870 960 1918 exhibui,
981 1883 1061 1907 cum

400 1924 524 1974 plures
549 1925 630 1963 libri
652 1923 920 1977 στρατιάρχης.
961 1927 1063 1964 Lau-

401 1981 491 2017 dant
526 1981 747 2032 interpretes
786 1984 924 2020 Herod.
963 1984 1061 2031 vul,

402 2036 467 2078 44.
507 2036 638 2076 Athen.
661 2038 672 2074 I
703 2052 738 2088 p.
764 2042 825 2078 11.
850 2039 953 2077 Philo
983 2040 1061 2076 Iud.

400 2106 430 2130 c.
454 2093 571 2131 Flacc.
592 2109 628 2146 p.
649 2097 743 2136 981.
774 2095 1061 2134 Pindar.Isthm.

398 2149 445 2198 V,
465 2152 530 2192 30.

579 2207 688 2257 Cap.
720 2207 884 2245 CLVIII.

456 2259 556 2301 κατά
599 2261 646 2302 τοὶ
685 2263 947 2316 συγκείμενα]
979 2266 1000 2302 i.
1032 2278 1063 2303 e.

400 2320 590 2356 secundum
621 2334 673 2368 ea,
698 2334 786 2370 quae
818 2335 894 2358 cum
922 2323 1064 2372 Zopyro

402 2381 643 2414 convenerant.
692 2378 882 2428 Expressit
912 2378 1065 2416 locutio-

403 2444 487 2469 nem
511 2433 668 2470 Pausan.
692 2433 790 2481 wll,
813 2438 862 2475 10
883 2433 920 2485 ἓ.
936 2434 975 2481 4,
1003 2436 1063 2472 ubi

403 2488 476 2525 vid.
498 2487 633 2526 Siebel.
664 2489 720 2526 De
745 2504 832 2528 voce
851 2490 963 2541 πέριξ
989 2492 1061 2528 vid.

404 2549 498 2581 nott.
527 2546 575 2582 ad
603 2545 670 2592 1V‚
706 2546 768 2586 15.
800 2570 850 2576 —
888 2548 929 2583 In
959 2560 1062 2596 seqq.

404 2600 530 2651 scripsi
548 2615 625 2638 cum
648 2602 815 2651 Schwgh.
830 2607 868 2640 et
887 2604 1002 2641 Gaiss.
1026 2602 1067 2642 οἷ

407 2654 480 2708 μὲν
515 2654 589 2709 γάρ
619 2659 735 2708 Βαβ.,
771 2659 917 2704 delens,
953 2671 1063 2709 quam

406 2713 517 2762 vulgo
544 2715 730 2760 inserunt,
761 2715 975 2765 particulam
1013 2712 1063 2766 δή

407 2776 495 2821 post
511 2766 596 2821 γάρ.
618 2791 674 2798 —
693 2770 751 2809 De
772 2771 862 2807 lovis
875 2771 952 2808 Beli
971 2776 1064 2808 tem-

409 2826 469 2877 plo
486 2827 557 2864 vid.
577 2831 671 2863 nott.
694 2828 742 2864 ad
763 2827 789 2875 Ι,
806 2830 897 2868 181.
920 2848 975 2855 —
1007 2827 1064 2864 Ad

409 2894 532 2922 vocem
563 2882 726 2930 ἕκαστος
753 2885 798 2921 cf.
829 2883 962 2921 Matth.
995 2884 1061 2921 Gr.

1116 1135 1182 1172 Gr.
1208 1148 1245 1185 p.
1272 1136 1355 1175 602
1387 1138 1425 1171 et
1452 1146 1561 1185 supra
1591 1133 1654 1179 III,
1686 1133 1776 1174 150.

1115 1192 1265 1229 Ctesiae
1291 1192 1320 1227 si
1347 1191 1577 1236 confidimus,
1606 1203 1663 1227 res
1690 1203 1779 1226 con-

1114 1248 1210 1284 secta
1243 1252 1298 1284 est
1329 1259 1401 1284 non
1423 1246 1577 1296 Zopyri,
1609 1246 1674 1284 sed
1696 1246 1778 1283 Me-

1115 1304 1247 1352 gabyzi
1273 1303 1397 1354 opera.
1429 1303 1539 1341 Conf.
1560 1301 1682 1340 Perss.
1705 1303 1779 1340 Ex-

1117 1364 1244 1410 cerptt.
1265 1358 1301 1411 §.
1325 1362 1390 1401 22.

1172 1412 1245 1463 τάς
1263 1431 1303 1456 τε
1324 1415 1492 1462 Κισσίας
1510 1412 1578 1453 καὶ
1610 1413 1780 1466 Βηλίδας

1116 1472 1357 1524 καλεομένας
1385 1469 1538 1522 πύλας]
1575 1472 1780 1522 Utramque

1116 1535 1262 1582 portam
1288 1530 1323 1566 in
1352 1529 1519 1567 orientali
1550 1529 1648 1566 urbis
1675 1532 1779 1579 parte

1116 1587 1228 1624 fuisse
1263 1586 1348 1623 inde
1385 1586 1525 1634 colligit
1549 1584 1704 1623 Rennel.
1739 1598 1777 1635 p.

1118 1643 1214 1689 543,
1245 1643 1344 1691 quod
1373 1642 1489 1679 Cz'ssz‘a
1516 1645 1624 1692 porta
1652 1640 1779 1692 procul

1118 1700 1229 1737 dubio
1249 1701 1345 1736 Susa
1363 1700 1539 1737 orientem
1560 1711 1684 1736 versus
1711 1699 1780 1735 ‹lu-

1116 1758 1230 1802 xerit3
1260 1756 1345 1793 Beli
1368 1759 1532 1805 portam,
1563 1768 1583 1792 e
1609 1768 1684 1804 qua
1703 1755 1779 1791 Ba-

1117 1812 1254 1861 bylonii
1282 1813 1318 1849 in
1341 1812 1421 1849 Beli
1453 1811 1647 1861 templum,
1678 1811 1779 1860 quod

1119 1869 1255 1906 scilicet
1284 1870 1486 1919 proximum
1508 1868 1620 1905 fuisse
1646 1868 1780 1918 proba-

1119 1925 1191 1963 bile
1215 1930 1285 1971 est,
1317 1926 1559 1974 confugerint,
1590 1925 1628 1961 in
1650 1924 1779 1962 eadem

1120 1986 1226 2032 parte
1261 1984 1372 2020 fuisse
1410 1983 1506 2019 idem
1537 1985 1684 2028 censet,
1724 1981 1781 2017 in-

1121 2039 1241 2088 deque
1277 2040 1386 2076 etiam
1418 2043 1674 2087 argumentum
1711 2050 1779 2087 pe-

1119 2095 1175 2142 tit,
1205 2108 1278 2144 quo
1302 2097 1419 2146 ipsum
1438 2095 1516 2132 Beli
1542 2093 1715 2144 templum
1743 2094 1780 2129 in

1120 2152 1289 2189 orientali
1313 2152 1411 2188 urbis
1439 2155 1543 2202 parte
1565 2151 1671 2186 situm
1693 2150 1782 2186 suis·

1121 2221 1160 2246 se
1184 2213 1456 2246 commonstret.
1524 2206 1641 2244 Nobis
1673 2205 1722 2242 ad
1748 2205 1780 2253 I,

1122 2266 1199 2305 181
1218 2264 1440 2316 probabilior
1459 2265 1536 2301 visa
1556 2267 1613 2300 est
1631 2275 1674 2299 ea
1695 2274 1781 2299 sen-

1120 2323 1248 2368 tentia,
1272 2321 1344 2369 qua
1364 2321 1399 2357 in
1420 2318 1637 2357 occidentali
1656 2318 1781 2367 Baby-

1118 2378 1210 2415 lonis
1233 2382 1339 2426 parte
1369 2376 1437 2413 hoc
1466 2374 1641 2424 templum
1671 2374 1782 2411 collo-

1122 2435 1195 2471 cari
1223 2434 1366 2470 debeat.
1405 2453 1461 2460 —
1502 2431 1598 2469 Nini
1624 2434 1778 2481 portam,

1120 2490 1311 2527 Herodoto
1335 2492 1668 2534 commemoratam,
1699 2500 1779 2525 cum

1121 2545 1279 2584 Niniven
1299 2545 1463 2590 duxerit,
1493 2546 1538 2582 ad
1563 2544 1782 2595 septentrio-

1121 2615 1204 2639 nem
1233 2606 1419 2651 spectasse
1448 2601 1602 2639 Rennel.
1639 2600 1780 2647 statuit,

1123 2658 1355 2695 Chaldaicam
1388 2662 1547 2707 portam,
1592 2657 1780 2695 meridiem

1120 2728 1255 2760 versus,
1279 2713 1523 2751 Semiramidis
1549 2717 1701 2765 portam,
1723 2726 1780 2751 se-

1120 2772 1362 2821 ptentrionem
1381 2776 1418 2808 et
1441 2772 1618 2809 orientem
1639 2782 1777 2808 versus,

1121 2827 1245 2876 Atque
1273 2829 1416 2864 omnino
1440 2841 1462 2865 a
1484 2832 1590 2878 parte
1611 2828 1780 2864 occiden-

1121 2883 1184 2921 tali
1211 2884 1307 2921 uulla
1328 2884 1526 2933 Babylonis
1554 2884 1667 2923 videri
1691 2883 1779 2920 fuis-
