1904 3304
412 211 496 252 378

818 213 1289 255 HERODOTI

380 320 496 363 3εἰσὶ
527 319 573 364 δὲ
604 321 695 364 οἵδε
726 322 771 364 οἱ
798 321 935 377 μέγαν
964 321 1102 366 αὐτὸν
1131 328 1377 376 ποιεῦντες·
1428 325 1500 369 διὰ
1529 326 1608 382 μέν
1638 344 1685 384 γε

411 395 490 446 τῆς
520 394 752 446 Σκυθικῆς
780 391 924 449 χώρης
952 393 1077 438 πέντε
1106 395 1186 450 μὲν
1216 397 1260 439 οἱ
1291 396 1489 450 ῥέοντες,
1527 398 1605 442 τόν
1635 406 1713 443 τε5

411 462 592 506 Σκύθαι
629 462 814 517 Πόρατα
855 465 1084 518 καλέουσι,
1125 465 1332 522 ’Έλληνες
1372 467 1418 511 δὲ
1460 469 1684 523 Πυρετόν·

406 534 480 576 καὶ
510 532 658 585 ἄλλος,
705 536 974 590 Τιαραντός·
1016 537 1088 580 καὶ
1113 536 1297 592 Ἀραρός
1326 555 1391 590 τε,
1425 540 1497 582 καὶ
1528 540 1681 584 Νάπα-

380 609 497 657 4ρις,
529 605 601 648 καὶ
628 603 880 662 Ὀρδησσός.
940 606 963 652 ὁ
995 608 1074 664 μὲν
1103 613 1276 663 πρῶτος
1301 611 1464 665 λεχθεὶς
1488 615 1576 654 τῶν
1606 628 1682 655 πο-

407 679 583 730 ταμῶν,
613 676 768 732 μέγας,
799 679 873 722 καὶ
896 680 1007 734 πρὸς
1036 678 1102 736 ἠῶ
1133 681 1246 735 ῥέων
1276 679 1590 725 ἀνακοινοῦται
1619 687 1680 742 τῷ

397 745 551 805 Ἴστρῳ
581 747 630 792 τὸ
662 747 809 806 ὕδωρ·
852 748 875 794 ὁ
901 752 947 795 δὲ
970 751 1174 807 δεύτερος
1198 752 1387 807 λεχθεὶς,
1425 752 1680 806 Τιαραντὸς,
1696 762 1738 794 10

376 817 521 873 5πρός
560 819 743 876 ἑσπέρης
780 837 825 865 τε
861 827 1049 877 μᾶλλον,
1092 823 1166 867 καὶ
1205 823 1413 867 ἐλάσσων.
1475 822 1498 867 ὁ
1544 823 1589 867 δὲ
1628 824 1681 880 δὴ

404 889 582 944 Ἀραρός
619 908 664 935 τε
701 893 775 935 καὶ
817 891 841 936 ὁ
884 893 1090 948 Νάπαρις
1130 895 1203 937 καὶ
1243 893 1266 938 ὁ
1301 891 1559 950 Ὀρδησσὸς,
1606 893 1680 938 δια

403 961 541 1016 μέσου
581 963 752 1008 τούτων
792 964 951 1016 ἰόντες,
1005 964 1267 1021 ἐσβάλλουσι
1302 965 1346 1017 ἐς
1383 966 1463 1009 τόν
1491 965 1679 1020 Ἴστρον.

374 1027 533 1077 δοῦτοι
581 1035 662 1090 μὲν
706 1035 948 1092 αὐτιγενέες
985 1037 1172 1092 ποταμοὶ
1211 1038 1434 1081 Σκυθικοὶ
1488 1041 1677 1093 συμπλη-

277 1098 344 1143 49
400 1104 570 1149 θύουσι
602 1105 753 1150 αὐτόν.
808 1106 881 1151 Ἐκ
912 1107 958 1151 δὲ
986 1106 1270 1163 Ἀγαθύρσων
1300 1107 1453 1164 Μάρις
1482 1108 1679 1164 ποταμὸς

340 1275 396 1306 rat
439 1266 577 1321 μόνοι,
629 1271 731 1319 quod
779 1275 1008 1322 receperunt.

339 1326 443 1365 Reiz.
463 1331 502 1365 et
519 1327 701 1365 Borheck.

395 1434 587 1490 Πόρατω]
620 1440 738 1478 Prave
767 1439 804 1477 in
825 1440 1009 1477 Sancrofti

337 1495 433 1532 libro
455 1501 574 1534 exstat
599 1492 794 1545 Τώρατα,·
830 1497 1009 1545 quemad-

342 1553 492 1590 modum
512 1554 611 1605 apud
626 1553 763 1591 Melam
788 1554 824 1598 I,
861 1555 921 1594 19.
953 1554 1008 1593 87

341 1606 517 1646 IlIaeotz'ci
545 1608 731 1647 Toreatae.
775 1609 884 1647 Nunc
916 1610 1007 1646 satis

340 1666 510 1703 convenit
534 1667 604 1703 dici
630 1665 760 1703 Prutle.
800 1666 882 1702 Vid.
904 1665 1007 1703 Ren-

340 1722 411 1759 nel.
445 1736 480 1772 p.
510 1724 604 1763 405-
645 1723 842 1761 Reichard.
872 1736 909 1773 p.
939 1722 1003 1762 41.

339 1778 525 1816 Mannert.
564 1779 613 1816 lv
649 1793 686 1829 p.
716 1781 770 1821 73
800 1784 871 1816 etc.
932 1780 1004 1817 Pro

340 1829 507 1885 Πόρατα
539 1836 695 1883 mavult,
726 1840 881 1873 notante
915 1835 1003 1883 Cr„

339 1889 532 1941 Πούρατα
553 1892 762 1930 Demetrius
776 1892 1002 1943 Philippides

335 1946 378 1986 ἒν
401 1951 452 2002 τῇ
482 1948 636 2003 ἱστορία
654 1952 728 1997 τῆς
751 1950 1003 1999 Ρουμουνίας

333 2003 436 2055 Lips.
461 2008 647 2047 1816.-—
682 2006 895 2052 Tz'arantus,
921 2006 1002 2057 plu-

333 2061 433 2098 ribus
471 2062 556 2099 vin's
595 2063 714 2100 doctis
748 2063 895 2100 videtur
921 2076 1002 2102 esse

332 2118 458 2155 Alata.
488 2118 540 2156 Et
557 2120 630 2156 vid.
651 2133 799 2169 quoque
821 2120 1000 2158 Niebuhr.

333 2173 549 2212 vermischt.
570 2175 719 2213 Schrift.
749 2177 766 2213 Ι
798 2190 884 2225 pag.
903 2177 1000 2219 356.

331 2230 560 2268 Reichardus
582 2233 628 2270 de
643 2233 755 2270 fluvio
780 2231 922 2270 Tlaeisse
941 2235 999 2270 in-

330 2287 485 2336 telligit3
515 2287 698 2326 Mannert.
729 2288 750 2325 l.
771 2289 794 2325 l.
817 2290 864 2327 de
887 2291 999 2327 fluvio

333 2342 403 2393 Syl
458 2344 493 2380 in
545 2344 721 2382 Valachia
769 2346 999 2384 occidentali.

331 2399 472 2436 Ararus
510 2400 692 2439 Rennelio
742 2401 895 2451 aliisque
944 2407 999 2441 est

331 2457 448 2493 amnis
470 2456 591 2494 Siretle
616 2471 643 2494 s.
664 2456 778 2504 Seret,
800 2457 999 2497 Mannerto

331 2525 374 2550 ac
393 2513 599 2551 Reichardo
620 2514 750 2551 fluvius
774 2514 907 2559 Alam
937 2516 998 2565 qui

331 2569 440 2606 iidem
473 2568 642 2620 Naparin
670 2583 737 2620 pro
769 2572 878 2609 fluvio
901 2572 999 2609 Ard-

330 2625 464 2663 schiscla
503 2630 540 2663 et
568 2627 759 2663 Ordessum
791 2641 859 2678 pro
884 2630 997 2665 fluvio

332 2681 457 2719 Seretlae
472 2683 617 2720 habent.
647 2684 995 2722 ContraRennelius

330 2738 462 2788 aliique
495 2738 640 2789 plurimi
661 2738 832 2790 Naparz'n
861 2746 996 2792 putant

330 2808 412 2833 esse
436 2795 578 2833 Proava
598 2810 627 2834 s.
648 2796 890 2845 Jalomnnza,
923 2798 994 2835 Or-

330 2851 465 2890 ‹lessum
483 2853 629 2891 fluvium
648 2853 771 2903 Argis.

1123 1268 1192 1308 καὶ
1212 1266 1313 1322 πρός
1331 1265 1394 1321 vic&
1407 1268 1525 1321 ῥέων]
1547 1269 1734 1320 Schweig-

1065 1325 1244 1364 haeusero
1267 1328 1466 1378 interprete
1494 1327 1560 1374 (ad
1582 1327 1608 1373 l,
1629 1328 1734 1376 201)

1066 1396 1141 1420 non
1167 1384 1346 1422 orientem
1374 1397 1498 1422 versus
1515 1385 1645 1421 fluvius
1668 1384 1735 1422 de-

1066 1439 1212 1487 labitur,
1242 1441 1307 1478 sed
1328 1442 1444 1490 magis
1466 1453 1575 1490 quam
1598 1441 1733 1478 caeteri
1806 1461 1821 1474 ι

1066 1509 1192 1534 amnes
1210 1498 1256 1534 ab
1275 1498 1415 1536 oriente
1435 1498 1537 1543 fluit,
1568 1503 1605 1536 et
1627 1497 1663 1534 in
1688 1510 1731 1535 ea

1065 1552 1148 1590 Istri
1187 1558 1313 1604 parte,
1360 1566 1454 1603 quae
1489 1554 1645 1591 maxime
1680 1554 1731 1590 ad

1064 1609 1241 1647 orientem
1280 1615 1432 1661 spectat.
1484 1610 1570 1653 Quo
1597 1610 1730 1647 eodem

1063 1667 1174 1702 modo
1193 1668 1300 1704 etiam
1315 1667 1428 1704 verba
1445 1663 1545 1717 πρός
1562 1664 1730 1718 ἑσπέρης

1062 1723 1175 1773 accipi
1207 1723 1293 1760 vult.
1352 1724 1429 1760 Sed
1455 1724 1529 1759 vid.
1558 1728 1649 1760 nott.
1679 1724 1729 1760 ad

1061 1778 1134 1825 IV,
1165 1778 1230 1820 40.
1275 1778 1332 1816 Ad
1365 1775 1651 1819 α’νακοινοῦται
1682 1801 1727 1806 -

1061 1831 1104 1873 τό
1126 1831 1235 1887 ὕδωρ
1257 1836 1324 1874 Cr.
1347 1838 1487 1874 confert
1498 1835 1657 1874 Fischer.
1678 1837 1727 1873 ad

1060 1891 1209 1930 lVeller.
1237 1893 1309 1941 lll,
1339 1906 1372 1930 a.
1401 1907 1438 1944 p.
1459 1892 1562 1939 412,
1594 1893 1655 1942 qui
1679 1893 1727 1930 de

1061 1953 1242 1986 structura
1269 1950 1373 1986 huius
1398 1950 1497 1988 verbi
1519 1962 1599 1986 cum
1619 1961 1725 1987 accu-

1060 2007 1177 2042 sativo
1205 2007 1257 2043 rei
1283 2007 1468 2045 admonet.
1488 2027 1542 2033 —-
1583 2005 1643 2043 Ad
1662 2019 1726 2042 vo-

1059 2075 1136 2099 cem
1169 2057 1388 2114 αὕτιγενέες
1419 2064 1516 2101 conf.
1548 2062 1602 2108 ll,
1644 2060 1726 2104 149

1059 2119 1182 2168 ibique
1204 2125 1294 2157 nott.
1317 2124 1353 2158 et
1367 2120 1411 2169 Π,
1436 2123 1498 2168 17,
1519 2120 1579 2157 ubi
1593 2119 1723 2157 eodem

1057 2188 1165 2213 seusu
1191 2172 1394 2229 ἰθαγενής.

1250 2267 1282 2304 c
1294 2280 1315 2304 a
1326 2281 1362 2318 p.
1393 2266 1527 2304 xle.

1112 2345 1155 2385 ἐκ
1199 2342 1242 2384 δὲ
1278 2340 1539 2396 Ἀγαθύρσων
1579 2339 1720 2395 [Πάρις

1056 2399 1255 2453 ποταμός]
1295 2403 1354 2440 De
1382 2401 1596 2450 Agathyrsis
1625 2402 1719 2438 conf.

1057 2459 1128 2506 lv,
1162 2458 1240 2499 104
1270 2459 1355 2508 ibiq.
1382 2462 1474 2495 nott.
1505 2457 1629 2495 filaris
1651 2459 1720 2495 ssu-

1056 2515 1135 2552 vi'us
1180 2527 1275 2552 nunc
1312 2519 1462 2551 vocatur
1493 2513 1663 2551 IlIaroscle
1688 2527 1717 2552 s.

1056 2571 1207 2617 Iucu-053
1233 2572 1271 2608 in
1291 2572 1473 2608 montibus
1494 2571 1718 2621 Transylva-

1055 2629 1137 2666 niae
1149 2629 1261 2664 oritur
1273 2629 1356 2666 etin
1369 2627 1543 2664 Tiliscum
1563 2627 1717 2676 (Theis-

1053 2686 1109 2733 se)
1139 2685 1267 2721 influit.
1311 2686 1368 2721 Cf.
1387 2683 1544 2723 Rennel.
1561 2699 1597 2736 p.
1619 2686 1714 2725 414.

1051 2741 1210 2779 Heeren.
1252 2741 1375 2778 ldeen.
1409 2740 1441 2788 l,
1480 2745 1507 2783 2
1547 2755 1584 2792 p.
1616 2740 1713 2782 275.

1051 2797 1237 2836 Mannert.
1250 2798 1309 2834 lv,
1325 2811 1410 2848 pag.
1423 2800 1489 2838 73.
1504 2801 1593 2839 102.
1607 2797 1715 2848 Kop-

1051 2867 1137 2905 pen.
1161 2854 1360 2904 Nordgest.
1389 2855 1426 2893 d.
1448 2854 1556 2893 Pont.
1586 2868 1622 2906 p.
1648 2855 1714 2895 13.

1749 543 1831 584 303
1902 522 1904 535 ²
