1904 3304
592 217 938 259 THALIA.
997 219 1059 256 111.

1382 219 1466 260 143

189 332 240 376 τοὲ
271 329 493 389 βούλει-αις
530 330 604 374 καὶ
633 329 718 387 γὰρ
747 329 804 372 ἂν
833 328 911 373 τόν
944 327 1124 385 ἄριστον
1152 326 1330 382 ἀνδρῶν
1359 325 1522 372 πάν-25

187 419 296 455 των,
328 401 488 446 στάντα
518 403 561 453 ἐς
589 401 754 458 ταύτην
784 402 863 458 τὴν
895 399 1054 457 ἀρχὴν,
1101 398 1224 450 ἐκτὸς
1261 402 1351 442 τών
1388 398 1466 442 ἓω-

157 473 338 518 5θότων
383 472 618 530 νοημάτων
669 472 847 529 στήσειε.

917 472 1128 528 ἐγγίνεται
1172 470 1252 526 μὲν
1298 469 1381 526 γάρ
1424 471 1468 514 οἱ

185 546 316 602 ὕβρις
344 542 432 589 ὑπὸ
464 549 553 588 τών
583 544 838 600 παρεόντων
867 543 1073 600 ἀγαθῶν,
1103 541 1277 598 φθόνος
1307 541 1352 584 δὲ
1383 539 1466 596 α’ρ-

159 623 180 656 6
189 621 325 673 χῆθεν
356 615 565 672 ἐμφύεται
596 615 832 672 ἀνθρώπῳ.

893 615 975 660 δύο
998 613 1038 660 δ’
1072 615 1180 671 ἔχων
1201 616 1351 662 ταῦτα,
1382 612 1465 668 ἔχει

186 694 332 732 πᾶσαν
374 688 616 745 κακότητα·
675 687 728 731 τοὶ
763 687 842 743 μὲν
870 688 978 743 γὰρ,
1027 685 1130 743 ὕβρι
1160 683 1463 745 κεκορημένος,
1477 691 1522 724 30

158 759 303 814 τὲρδει
334 759 471 803 πολλὰ
501 759 571 801 καὶ
604 756 852 819 ἀτάσθαλα·
904 757 956 802 τὰ
987 758 1053 810 δὲ,
1093 755 1265 819 φθόνῳ.
1324 757 1468 800 καίτοι

189 830 330 885 ἄνδρα
359 847 406 887 γε
437 830 660 884 τύραννον
690 829 899 886 ἄφθονον
930 830 1014 873 ἔδει
1052 827 1186 876 εἶναι,
1235 826 1387 883 ἔχοντά
1416 842 1464 882 γε

187 901 330 944 πάντα
358 901 409 944 τα
442 899 610 956 ἀγαθά·
654 900 703 943 τὸ
729 899 771 945 δ’
801 900 1069 944 ὑπεναντίον
1098 900 1261 943 τούτου
1292 899 1335 951 ἐς
1363 898 1465 950 τούς

162 979 181 1012 8
196 970 403 1027 πολιήτας
432 972 613 1028 πέφυκε.

675 974 861 1028 φθονέει
891 972 974 1028 γάρ
1005 977 1119 1015 τοῖσι
1149 969 1366 1025 ἀρίστοισι
1395 987 1463 1014 πε-
1477 976 1522 1011 35

190 1047 360 1097 ριεοῦσί
397 1061 440 1088 τε
476 1046 548 1088 καὶ
589 1045 772 1097 ζώουσι,
820 1045 957 1100 χαίρει
995 1043 1040 1087 δὲ
1078 1048 1193 1086 τοῖσι
1223 1044 1467 1086 κακίστοισι

187 1119 276 1158 τῶν
307 1113 470 1165 ἀστῶν,
501 1116 710 1173 διαβολάς
738 1115 784 1160 δὲ
815 1114 991 1170 ἄριστος
1021 1116 1295 1169 ἐνδέκεσθαι,
1336 1113 1467 1172 α’ναρ-

136 1278 354 1326 quireretur‚
371 1282 410 1315 ut
430 1278 666 1326 magistratus
691 1277 804 1314 ratio-

136 1335 174 1370 ni
222 1334 433 1371 reddendae
483 1339 607 1371 essent
656 1334 802 1370 obnoxii

138 1387 422 1439 (ύπεύθυνοι),
443 1392 577 1428 sactum
596 1395 662 1436 est,
694 1395 732 1427 ut
754 1391 800 1427 ad

135 1449 241 1495 ‘regni
260 1452 425 1485 naturam
438 1448 731 1485 constituendam
743 1446 800 1484 vel

135 1505 384 1552 grammatici,
417 1509 455 1541 ut
486 1504 676 1541 Phavorin.
708 1516 736 1541 s.
765 1516 798 1539 v.

136 1560 314 1611 βασιλεία
336 1573 420 1609 pag.
443 1562 537 1606 354,
561 1562 613 1601 49
637 1573 709 1609 sq.‚
731 1560 799 1596 do-

134 1621 274 1663 cerent,
294 1630 401 1664 reges
422 1618 556 1655 debere
583 1630 662 1654 esse
685 1611 800 1655 α’νευ-

134 1671 306 1720 θύνους,
334 1674 355 1710 i.
379 1686 411 1711 e.
440 1676 576 1711 rationi
601 1674 800 1711 reddendae

135 1730 233 1767 haud
267 1731 440 1767 obnoxios.
501 1731 609 1768 Conf.
646 1730 798 1767 Aristot.

134 1786 244 1825 Polit.
270 1787 331 1833 IV,
362 1789 386 1827 8
421 1786 456 1838 §.
479 1790 503 1828 3
535 1792 573 1825 et
596 1787 800 1824 Tittmann.

135 1842 305 1880 Darstell.
335 1844 400 1880 der
420 1844 565 1881 Griech.
593 1844 801 1881 Staatsver-

136 1900 222 1935 fass.
246 1912 330 1948 pag.
356 1900 449 1940 540.
493 1901 548 1937 Ex
569 1901 667 1937 hisce
691 1901 802 1949 igitur

139 1955 363 1992 Graecorum
387 1958 463 1993 sive
488 1957 731 2006 sophistarum
754 1958 802 1993 si-

138 2024 182 2048 ve
211 2011 504 2061 pbilosophorum
543 2014 800 2062 disputationi-

139 2068 220 2114 bus,
249 2067 308 2103 illa
327 2073 448 2106 aetate
470 2070 624 2106 maxime
642 2069 803 2106 celebra-

136 2123 183 2160 tis
208 2137 250 2161 ac
271 2124 442 2173 vulgatis,
464 2125 556 2163 hanc
572 2126 701 2163 Nostri
718 2139 802 2163 sen-

137 2182 291 2217 tentiam
304 2182 500 2218 deductam
513 2195 594 2219 esse
604 2182 800 2220 admodum

137 2236 179 2273 fit
203 2238 383 2275 credibile.
416 2259 469 2265 —
507 2239 628 2277 Verba
656 2235 801 2277 στάντα

137 2291 178 2338 ἐς
199 2289 350 2343 ταύτην
369 2291 441 2344 τήν
470 2290 598 2346 ἅρχῆν
623 2295 664 2345 (i.
685 2309 717 2333 e.
746 2298 800 2333 vi-

138 2362 215 2387 rum
231 2353 269 2387 in
288 2351 349 2387 hoc
365 2354 508 2401 imperio
531 2353 748 2398 collocatum,
771 2366 800 2390 s.

141 2409 200 2443 cui
215 2408 277 2443 hoc
296 2410 477 2457 imperium
492 2411 741 2459 permittatur)
753 2410 801 2446 ad

139 2465 293 2501 eandem
315 2466 494 2502 rationem
511 2466 722 2516 explicanda
734 2480 802 2517 pu-

138 2522 194 2565 to,
213 2521 261 2556 ad
281 2533 389 2570 quam
411 2521 652 2568 καθέζεσθαι
679 2522 734 2569 εἴς
753 2538 803 2569 τι,

141 2574 212 2611 alia
231 2577 267 2612 id
291 2590 419 2625 geum,
450 2579 496 2616 de
518 2580 648 2628 quibus
668 2580 801 2617 Matth.

143 2631 208 2667 Gr.
232 2632 296 2669 Gr.
321 2632 357 2683 ξ.
377 2636 472 2683 578,
493 2638 575 2683 3,a.

200 2685 389 2738 ἐγγίνεται
410 2688 480 2740 μὲν
509 2687 583 2741 γάρ
606 2691 648 2731 οἱ
667 2687 800 2743 ὕβρις]

141 2743 279 2780 Similia
292 2745 338 2782 de
358 2747 545 2785 insolentia
565 2754 801 2798 tyrannorum

142 2801 242 2849 apud
260 2801 431 2851 Sophocl.
444 2803 576 2854 Oedip.
594 2805 685 2853 Tyr.
704 2807 801 2852 883,

142 2861 315 2895 monente
335 2857 512 2907 Wessel.,
543 2862 605 2910 qui
624 2862 671 2899 ad
695 2874 799 2912 seqq.

859 1277 992 1314 verba:
1014 1273 1178 1327 φθόνος
1197 1275 1240 1316 δὲ
1257 1272 1436 1328 ἀρχῆθεν
1457 1275 1527 1328 ἒμ-

860 1329 1004 1383 φύεται
1035 1331 1244 1387 ἀνθρώπῳ
1276 1334 1366 1372 haec
1391 1334 1529 1371 adscri-

858 1391 954 1440 psit:
994 1421 1020 1437 „
1032 1392 1171 1428 invidia
1208 1393 1320 1428 insita
1348 1390 1527 1442 plerisque

857 1447 1057 1484 mortalium
1076 1451 1164 1486 est.“

915 1500 989 1543 δύο
1027 1500 1070 1543 δ’
1105 1504 1203 1556 ἔχων
1237 1504 1386 1556 ταῦτα]
1419 1518 1469 1542 sc.
1502 1502 1527 1544 ὁ“

857 1557 1095 1612 μούναρχος.
1143 1562 1232 1598 Mox
1252 1575 1332 1599 cum
1353 1561 1523 1611 Schwgh.

856 1622 893 1655 et
915 1618 1031 1654 Gaisf.
1055 1619 1181 1668 scripsi
1202 1614 1298 1670 ὕβρι
1321 1631 1341 1656 e
1356 1618 1523 1656 Florent.

855 1687 923 1724 pro
957 1675 1054 1724 vulg.
1090 1670 1229 1726 ὕβρει,
1267 1675 1368 1725 quod
1407 1675 1524 1713 tenuit

856 1730 1049 1769 Matthiae.
1109 1731 1170 1769 Ad
1185 1733 1339 1769 formam
1360 1746 1523 1781 κεκορη·

858 1786 977 1838 μένος
1022 1791 1117 1826 conf.
1159 1789 1293 1826 Matth.
1337 1789 1404 1827 Gr.
1456 1789 1523 1826 Gr.

855 1857 941 1896 pag.
967 1844 1062 1885 470.

916 1898 1108 1950 ἄφθονον
1141 1901 1219 1940 ἔδει
1245 1898 1373 1953 εἶναι]
1424 1903 1525 1941 Citat

858 1957 948 1995 haee
964 1958 1128 1996 Thomas
1145 1960 1249 2008 Mag.
1269 1972 1298 1996 s.
1315 1972 1349 1995 v.
1372 1972 1408 2009 p.
1430 1961 1522 2007 132,

858 2014 920 2050 ubi
958 2011 1147 2063 ἄφθονος
1178 2015 1377 2065 explicatur
1412 2013 1436 2053 ό
1468 2011 1526 2066 μή

860 2073 1046 2119 φθονῶν.
1066 2093 1122 2099 —
1151 2071 1210 2108 Ad
1228 2084 1331 2120 seqq.
1354 2070 1524 2116 φθονέει

857 2123 933 2178 γάρ
966 2131 1066 2166 τοῖσι
1085 2149 1141 2155 —-
1163 2123 1310 2174 ζώουσι
1339 2127 1405 2165 Cr.
1430 2129 1527 2165 conf.

858 2183 1027 2221 Gerlach.
1070 2185 1119 2222 ad
1162 2184 1308 2222 Sallust.
1351 2183 1459 2222 Catil.
1499 2187 1526 2225 7

856 2252 940 2290 pag.
964 2241 1030 2281 51.

916 2293 1105 2348 διαβολάς
1125 2294 1168 2336 δὲ
1189 2294 1354 2348 ἄριστος
1375 2295 1528 2337 ἐνδέκε-

859 2352 971 2404 σθαι]
1003 2355 1025 2392 i.
1048 2367 1080 2391 e.
1102 2354 1302 2391 calumnias
1320 2367 1400 2391 vero
1411 2354 1526 2404 sacil-

859 2410 938 2446 le'me
964 2411 1135 2447 admittit.
1166 2411 1427 2461 W'yttenbach.
1457 2412 1527 2449 Se-

858 2466 956 2504 lectt.
977 2467 1074 2505 Hist.
1095 2481 1181 2518 pag.
1199 2469 1293 2509 356.
1314 2468 1397 2509 450
1417 2481 1527 2518 repo-

859 2524 896 2559 ni
925 2523 1002 2561 vult
1031 2519 1188 2575 α’ρεστός
1226 2525 1313 2575 (pro
1347 2521 1526 2574 ἄριστος)

860 2592 904 2616 eo
917 2593 1026 2617 sensu
1040 2595 1048 2618 ε
1076 2583 1139 2631 qui
1151 2581 1272 2617 lubens
1293 2580 1453 2618 admittit
1465 2593 1526 2617 ca-

860 2636 1021 2674 lumnias.
1055 2638 1139 2681 Qua
1158 2638 1415 2676 emendatione
1427 2638 1524 2675 haud

859 2706 961 2743 opus.
982 2716 1038 2721 --
1067 2694 1157 2732 Mox
1176 2708 1255 2732 cum
1278 2694 1464 2732 Gaisford.
1488 2697 1525 2732 et

857 2750 1003 2788 Schaef.
1030 2764 1050 2788 e
1081 2751 1264 2788 Sancrosti
1289 2749 1381 2787 libro
1410 2755 1524 2800 atque

857 2805 992 2843 Aldina
1006 2807 1149 2844 exhibui
1167 2802 1524 2858 οἷναρμοστότατος,

857 2866 898 2900 ut
941 2867 1118 2912 tyrannus
1157 2864 1337 2900 indicetur
1375 2863 1522 2900 minime
