1904 3304
489 243 1056 286 MELPOMENE.
1115 242 1178 282 IV.

1379 244 1462 284 429

202 375 280 416 την
317 356 341 401 ὁ
388 356 493 407 θεὸς
539 356 744 411 ἐνέσκηψε
785 354 929 410 βέλος·
984 353 1058 397 καὶ
1093 351 1121 408 ἡ
1159 352 1238 407 μὲν
1272 351 1461 408 κατεκάη

200 434 328 473 πᾶσα.
387 427 562 482 Σκύλης
600 426 645 469 δὲ
685 426 815 470 οὐδὲν
843 423 1004 469 τούτου
1034 426 1178 467 εἵνεκα
1205 418 1341 478 ἧσσον
1370 423 1460 465 έπε-

173 500 345 541 3τέλεσε
375 496 454 553 τὴν
482 496 664 552 τελετήν.
722 496 899 540 Σκύθαι
930 496 975 539 δὲ
1005 498 1086 539 τοῦ
1115 494 1340 551 βακχεύειν
1364 492 1463 546 πέρι

187 569 364 624 ’Ἕλλησι
394 568 654 620 ὀνειδίζουσι
669 584 677 593 ·

200 641 462 694 ἐξευρίσκειν
501 644 660 683 τοῦτον
700 638 818 689 ὅστις
858 639 1091 693 μαίνεσθαι
1122 636 1263 691 ἐνάγει
1291 632 1462 687 ἀνθρώ-

168 713 328 761 4πους.
385 710 495 753 Ἐπεί
524 728 567 754 τε
599 710 643 753 δὲ
673 711 871 765 ἐτελέσθη
901 712 962 765 τῷ
993 709 1185 763 Βακχείῳ
1220 705 1243 749 ὁ
1275 705 1464 760 Σκύλης,

199 782 502 836 διεπρήστευσε
549 785 637 824 τῶν
682 798 746 831 τις
782 779 1164 833 Βορυσθενεϊτέων
1212 776 1320 831 πρὸς
1357 775 1463 826 τούς

170 850 409 903 5Σκύθας,
442 854 601 908 λέγων·

198 928 299 971 θαι,
353 922 419 966 ὅτι
448 921 718 978 βακχεύομεν
757 922 829 966 καὶ
867 919 999 976 ἡμέας
1038 918 1061 962 ὁ
1099 917 1203 968 θεὸς
1231 917 1521 972 λαμβάνει·70

199 997 285 1036 νῦν
318 989 447 1045 οὗτος
477 993 500 1037 ὁ
534 995 703 1048 δαίμων
739 992 813 1036 καὶ
849 991 928 1034 τόν
955 988 1166 1046 ὑμέτερον
1194 989 1373 1045 βασιλέα
1402 991 1465 1030 λε-

201 1063 388 1119 λάβηκε,
425 1064 499 1108 καὶ
530 1065 752 1120 βακχεύει,
783 1062 858 1108 καὶ
882 1059 971 1104 ὑπὸ
1002 1064 1082 1104 τοῦ
1115 1063 1224 1104 θεοῦ
1254 1061 1464 1116 μαίνεται.

731 567 784 611 ού
815 567 899 622 γάρ
931 578 1041 622 φασι
1071 565 1189 616 οἰκός
1218 563 1328 607 εἶναι
1357 562 1519 606 θεὸν65

660 851 820 906 ,,ἹΙμῖν
849 848 932 904 γάρ
963 851 1245 904 καταγελᾶτε,
1288 841 1322 888 ὦ
1349 845 1465 889 Σκύ-

201 1252 398 1304 ἐνέσκηψε
431 1250 566 1303 βέλος]
618 1253 678 1291 De
713 1264 802 1289 voce

146 1307 380 1360 ἕνσκήπτειν
407 1311 501 1346 conf.
531 1311 570 1356 Ι,
606 1309 684 1351 105
714 1309 802 1357 ibiq.

147 1371 240 1404 nott.
274 1365 387 1417 βέλος
417 1367 514 1402 haud
552 1379 633 1402 raro
661 1366 730 1402 dici
763 1365 804 1400 tle

141 1423 313 1473 fulmine,
343 1423 481 1459 notavit
499 1422 643 1459 Dissen.
657 1422 704 1458 ad
718 1422 805 1458 Pin-

148 1481 226 1517 dar.
251 1479 399 1529 Olymp.
429 1478 481 1514 XI
512 1479 608 1526 (X),
640 1480 692 1517 SO
717 1490 802 1527 pag.

150 1537 241 1576 136.
279 1556 336 1562 -—
378 1534 436 1571 Ad
482 1530 655 1583 κατεκάη
709 1534 803 1570 conf.

147 1591 281 1628 Matth.
303 1592 368 1628 Gr.
389 1590 456 1626 Gr.
481 1603 566 1640 pag.
594 1590 676 1630 466
699 1594 735 1627 et
756 1590 804 1627 ad

148 1646 343 1688 ἐπετέλεσε
365 1647 501 1683 Herod.
521 1646 585 1692 1V,
605 1648 670 1685 76.

206 1699 255 1743 ου’
283 1701 357 1755 γάρ
388 1713 487 1751 φασι
507 1717 542 1740 κ.
564 1717 596 1741 τ.
615 1699 677 1754 λ.]
717 1702 739 1739 i.
771 1713 803 1738 e.

152 1760 308 1811 Scythae
361 1760 496 1795 rationi
540 1762 804 1795 consentaneum

150 1831 219 1855 esse
240 1817 438 1865 negabant,
485 1815 586 1852 deum
604 1818 804 1864 excogitare

151 1875 279 1911 huncce
312 1874 359 1921 (s.
384 1871 487 1908 talem
506 1874 654 1921 reperiri
673 1873 804 1918 (lemn),

152 1933 215 1980 qui
251 1931 402 1966 homines
434 1930 470 1964 in
502 1928 660 1977 furorem
701 1931 803 1976 agat.

151 1986 212 2022 Ad
233 1981 386 2036 ἐνάγειν
409 1983 597 2034 (incitare,
626 1983 803 2034 excitare)

153 2042 245 2078 conf.
276 2042 345 2088 111,
376 2043 418 2086 1,
456 2040 525 2077 alia
561 2042 598 2077 in
617 2041 704 2078 Lex.
728 2041 807 2078 He-

153 2099 233 2134 rod.
253 2120 308 2126 ——
329 2092 439 2142 οἰκός
456 2110 535 2133 cum
555 2102 705 2135 recentt.
719 2097 805 2135 edd.

155 2155 281 2204 scripsi
305 2167 370 2204 pro
391 2148 506 2199 εἰκός.

211 2206 506 2260 διεπρήστευσε]
546 2209 723 2246 Intactum
752 2222 810 2246 re-

154 2267 241 2316 liqui
259 2279 338 2304 cum
362 2266 511 2311 Matth„
542 2266 639 2314 quod
665 2265 809 2315 plurimi

155 2323 237 2361 libri
279 2323 506 2368 afferebant,
558 2334 711 2370 quornm
750 2322 809 2358 alii

156 2375 417 2430 ἔπρήστευσε,
448 2390 539 2415 unus
562 2379 743 2414 Sancrosti
766 2379 809 2414 li-

159 2437 223 2473 ber
245 2436 502 2481 διεπίστευσε,
544 2435 643 2483 quod
663 2434 809 2471 wesse-

158 2492 245 2539 ling.
266 2493 542 2542 interpretatur:
568 2491 808 2541 ficlfflnfacz't,

161 2547 281 2584 Valla:
326 2549 495 2584 indicium
526 2547 675 2593 detulit,
716 2547 809 2597 Scy-

164 2603 234 2638 this
262 2604 386 2640 «licens.
443 2603 702 2641 Valckenaerio
727 2604 809 2654 pla-

164 2659 237 2695 cuit
264 2658 414 2697 διέπεσε
448 2662 505 2698 vel
534 2658 732 2706 διέπιπτε,
772 2664 812 2697 ut

163 2715 500 2762 Borysthenitarum
539 2729 649 2764 unus,
689 2721 812 2754 custo-

165 2770 233 2807 diis
264 2772 406 2817 insciis,
445 2773 579 2822 quippe
605 2774 703 2811 urbis
726 2786 812 2824 por-

163 2826 209 2863 tis
222 2855 232 2871 ‚
272 2827 357 2863 dum
378 2841 438 2865 rex
459 2830 566 2864 sacris
586 2834 812 2879 operaretur,

166 2882 334 2931 occlusis,
371 2884 460 2921 urbe
480 2884 620 2936 elapsus
649 2899 717 2924 esse
739 2900 811 2938 pu-

858 1253 1021 1297 taretur3
1059 1261 1133 1300 quo
1161 1261 1271 1287 sensu
1296 1248 1520 1298 frequentius

862 1308 1062 1346 διαπεσεῖν
1092 1307 1190 1356 apud
1223 1304 1518 1354 Xenophontem.

862 1365 974 1408 Quod
1007 1364 1136 1400 merito
1170 1361 1354 1412 displicuit
1376 1361 1520 1407 Reizio,

862 1421 923 1470 qui
951 1421 1030 1469 ipse
1058 1419 1237 1467 (Praefat.
1258 1431 1293 1467 p.
1313 1417 1453 1464 XVIII)
1478 1430 1520 1454 ex

861 1476 1070 1514 coniectura
1117 1476 1282 1524 reposuit
1327 1474 1520 1524 διεπερίσ-

863 1543 974 1570 σευσε
1003 1533 1113 1568 nimia
1140 1531 1352 1580 loquacitate
1373 1543 1442 1566 rem
1468 1529 1519 1579 ef-

853 1588 977 1638 futz'z't.
1027 1587 1242 1624 Schneider.
1272 1587 1310 1623 in
1334 1585 1424 1624 Lex.
1451 1587 1517 1623 Gr.

861 1644 997 1682 mavult
1047 1639 1322 1694 διεδρήστευσε
1339 1673 1350 1690 ,
1419 1642 1520 1693 quod

861 1701 958 1738 idem
988 1699 1108 1737 valeat
1139 1705 1251 1748 atque
1280 1697 1414 1749 διέδρη
1435 1704 1520 1748 (au-

853 1757 983 1807 fugit,
1019 1757 1158 1806 elapsus
1178 1754 1267 1807 est),
1309 1768 1391 1792 cum
1421 1756 1520 1805 apud

860 1813 1082 1862 Hesychium
1094 1815 1284 1864 Λρῆσται·
1309 1809 1495 1861 δραπέται
1509 1828 1522 1860 ,·

862 1874 901 1908 et
924 1870 1023 1920 apud
1046 1870 1185 1907 Herod.
1206 1869 1269 1915 IV,
1296 1867 1376 1909 142
1399 1869 1521 1918 (quod

860 1926 1062 1974 Schweigh.
1091 1924 1213 1975 addit)
1249 1921 1424 1975 ἄδρηστα
1450 1921 1519 1963 οἷν-

862 1978 1054 2033 δράποδα.
1119 1981 1210 2018 Mihi
1243 1981 1439 2030 aliquando
1481 1983 1519 2018 in

861 2043 1021 2076 mentem
1033 2043 1185 2075 venerat
1203 2036 1414 2089 διέπρησσε
1430 2039 1518 2085 egit,

864 2096 1049 2142 transegzt.
1098 2096 1217 2144 Supra
1243 2095 1315 2140 IV,
1349 2093 1402 2134 24
1433 2093 1517 2132 δια-

863 2147 1111 2202 πρήσσονται
1131 2150 1208 2187 coll.
1232 2150 1295 2196 lx,
1320 2151 1385 2191 94.

918 2205 1033 2257 Ἡμῖν
1059 2204 1132 2258 γοῖρ
1154 2203 1411 2257 καταγελατε]
1461 2205 1519 2243 De

865 2243 1043 2300 structura
1073 2263 1173 2300 verbi
1197 2264 1415 2313 καταγελᾶν
1442 2275 1520 2300 mo-

865 2321 926 2356 nui
949 2320 996 2356 ad
1017 2319 1079 2367 111,
1101 2321 1167 2358 38.
1190 2319 1291 2365 1553
1339 2320 1386 2356 de
1408 2319 1522 2369 parti-

866 2376 945 2414 cula
963 2372 1039 2427 γοὲρ
1060 2376 1152 2413 conf.
1175 2371 1267 2412 nott.
1289 2376 1336 2412 ad
1357 2375 1386 2421 l,
1408 2378 1445 2417 8.
1469 2399 1519 2403 -

865 2431 924 2470 Ad
955 2446 1057 2470 usum
1091 2432 1192 2469 verbi
1230 2427 1447 2482 λαμβάνειν
1484 2431 1521 2468 in

867 2501 968 2538 seqq.
996 2490 1157 2539 pertinet
1185 2487 1273 2526 illud
1298 2483 1522 2539 φοιβόλαμ-

866 2560 962 2591 πτος
985 2546 1047 2592 lv,
1071 2547 1134 2586 13.

923 2601 990 2640 καὶ
1009 2596 1213 2653 βακχεύει,
1245 2599 1313 2641 καὶ
1342 2597 1422 2641 ύπὸ
1448 2601 1523 2639 τοῦ

866 2660 970 2697 θεοῦ
1010 2657 1212 2709 μαίνεται]
1267 2657 1393 2695 Plures
1441 2656 1521 2693 libri

868 2711 1051 2766 βακχεύει
1081 2730 1134 2753 τε.
1166 2737 1222 2742 ——
1255 2714 1357 2762 „Vel
1384 2713 1520 2750 servari

867 2773 1044 2810 debuerat
1068 2767 1250 2822 βακχεύει
1269 2769 1336 2808 καὶ
1356 2769 1424 2816 vel,
1446 2769 1519 2819 pri-

867 2842 926 2866 mo
956 2827 1022 2866 καὶ
1057 2830 1126 2875 (ex
1148 2842 1190 2866 κε
1213 2827 1324 2873 nato)
1357 2830 1520 2876 praeter-

867 2887 977 2924 misso
1000 2885 1128 2922 scribi:
1177 2879 1358 2936 βακχεύει
1384 2896 1424 2921 τε
1452 2878 1519 2919 καὶ
