1904 3304
579 207 616 247 T
643 207 683 245 H
710 206 745 245 A
776 207 808 246 L
839 207 854 246 1
883 207 928 249 A.
986 209 1050 248 ΙΙΙ.
1367 212 1446 251 181

1504 324 1571 343 rum
1589 316 1712 351 navigia
1721 317 1782 344 sin-

1504 351 1577 384 gula
1603 359 1620 376 e
1649 359 1727 385 genu
1749 359 1782 377 a-

1504 383 1640 410 rundinis
1676 389 1706 410 et
1731 392 1780 411 ve-

1505 421 1567 444 stes
1587 426 1621 444 ex
1641 417 1739 452 phion.

177 333 273 361 πων
300 320 390 360 τῶν
419 315 466 359 ἐν
491 319 545 373 τῇ
586 318 699 374 Ασίῃ
735 315 886 360 Ἰνδοί·
945 315 1092 360 Ἰνδῶν
1125 317 1208 373 γὰρ
1246 317 1294 361 τὸ
1336 318 1448 373 πρὸς

147 389 256 444 3τὴν
284 387 350 442 ἠῶ
379 387 530 444 ἐρημίη
560 387 665 438 ἐστὶ,
698 387 770 430 διοέ
800 388 880 444 τήν
908 387 1100 444 ψάμμον.
1137 387 1259 431 ’Ἐστι
1280 391 1325 433 δὲ
1343 395 1445 433 πολ-

172 458 226 501 λὰ
256 457 384 500 ἔθνεα
414 456 588 510 Ἰνδῶν,
629 460 701 503 καὶ
741 459 822 503 οὐκ
856 458 1071 516 ὁμόφωνοί
1100 471 1237 515 σφισι.

173 528 252 585 μὲν
281 527 429 572 αὐτῶν
458 529 646 587 νομάδες
676 533 777 575 εἰσί·
810 533 853 575 οἱ
883 532 950 583 δὲ,
981 531 1050 574 οὔ.

1305 462 1379 504 καὶ
1409 463 1506 504 οἱ35

1111 532 1155 574 οῖ
1184 531 1229 574 δὲ
1260 531 1306 575 ἐν
1336 537 1450 575 τοῖσι

170 601 282 644 ἕλεσι
313 601 506 644 οἰκέουσι
535 605 616 644 τοῦ
648 606 878 658 ποταμοῦ,
925 603 999 645 καὶ
1040 602 1196 658 ἰχθύας
1236 602 1450 646 σιτέονται

171 673 338 730 ὠμοὺς,
368 671 472 723 τούς
504 671 701 728 αἱρέουσι
732 674 778 717 ἐκ
802 674 969 717 πλοίων
999 674 1254 728 καλαμίνων
1285 672 1450 729 donecd-

168 811 306 855 Ἰνδῶν
328 814 402 867 γάρ
429 813 473 855 τό
496 814 594 868 πρός
616 814 689 867 τήν
713 812 777 867 ηάἷ

115 871 259 923 ἐρημίη
284 872 374 919 ἐστὶ,
401 870 466 912 διά
484 873 558 923 τήν
586 870 774 924 ψάμμον]

114 929 175 967 Ne
197 932 276 978 quis
300 930 367 967 hoc
396 931 555 977 miretur,
586 931 679 968 bene
699 944 779 966 mo-

114 991 179 1023 net
200 986 355 1024 Heeren.
376 985 427 1023 Id.
452 986 479 1033 1,
507 989 524 1025 1
551 1000 587 1036 p.
611 989 693 1027 367
720 986 777 1023 ln-

113 1043 232 1090 diam‚
263 1042 406 1091 qualem
429 1047 527 1080 certe
549 1043 688 1081 Noster
708 1056 776 1079 no-

111 1099 184 1146 vit,
212 1104 247 1136 et
267 1099 588 1149 septentrionalem
609 1105 644 1137 et
665 1100 774 1137 meri-

113 1155 296 1193 dionalem
325 1157 360 1192 in
392 1157 536 1193 deserta
557 1157 698 1203 exiisse,
729 1156 772 1192 il-

113 1211 183 1248 lam
203 1213 239 1248 iu
254 1213 399 1250 deserta
415 1212 510 1260 Cobi,
533 1226 629 1262 quae
649 1214 776 1250 dicun-

113 1273 184 1315 tur,
198 1268 287 1305 hanc
300 1269 334 1304 in
348 1270 537 1317 regionem
555 1269 773 1316 sabulosam,

114 1337 206 1374 quae
237 1325 321 1361 inde
354 1338 374 1360 a
395 1330 494 1362 terra
516 1326 680 1363 Guzerat
713 1339 776 1362 us-

115 1394 185 1429 que
210 1382 256 1417 ad
282 1380 424 1418 Multan
448 1382 650 1431 pertineat3
676 1383 773 1420 unde

112 1439 269 1483 factum,
308 1442 346 1474 ut
379 1438 594 1475 Herodotus
628 1452 772 1476 omnem

111 1493 251 1530 Indiam
273 1494 447 1531 orientem
472 1508 594 1531 versus
617 1496 771 1533 desertis

110 1550 298 1586 terminari
338 1551 513 1588 crederet.
591 1552 771 1589 Rennelio

109 1606 131 1643 l.
153 1606 174 1642 l.
202 1619 238 1655 p.
267 1608 348 1647 519
377 1607 445 1644 hoc
474 1607 553 1644 loco
585 1609 770 1645 desertum

109 1662 305 1700 Iesselmere
337 1676 366 1702 s,
401 1663 582 1712 Registan
617 1665 772 1701 indicari

108 1720 263 1756 videtur.
294 1720 402 1756 Conf.
419 1722 526 1758 etiam
551 1721 771 1758 Maltebrun.

108 1774 251 1812 Annali.
269 1775 435 1814 Nouvell.
458 1778 493 1815 d.
515 1778 657 1827 Voyag.
677 1778 711 1814 Il
734 1792 771 1829 p.

110 1833 194 1873 322
212 1845 287 1880 seq-

154 1885 270 1926 ''Eon
286 1885 326 1926 δὲ
341 1885 466 1927 nond
487 1887 608 1928 ἔθνεα
627 1884 771 1935 Ἰνδῶν,

110 1942 177 1981 καὶ
201 1939 274 1981 ου’ν,
293 1940 486 1993 όμόφωνά
512 1945 638 1995 σφισι]
672 1947 772 1984 Hee-

99 2013 186 2049 Jen.
207 2000 228 2039 l.
251 1999 274 2036 l.
295 2001 322 2045 l,
342 2003 365 2039 3
387 2014 470 2050 pag.
493 2004 573 2042 295
596 2004 642 2039 (le
662 2003 773 2039 {ndo-

111 2069 190 2092 rum
219 2056 406 2093 ordinibus
433 2057 588 2105 (Casten
611 2061 771 2107 vocant)

111 2113 317 2158 disserens,
355 2126 491 2162 easque
524 2115 572 2150 ad
608 2116 771 2152 diversas

110 2170 272 2217 gentium
296 2171 426 2220 stirpes
457 2183 651 2218 revocans,
681 2171 771 2209 haec

107 2225 292 2262 Herodoti
310 2228 423 2263 verba
443 2240 485 2264 eo
506 2228 622 2276 magis
642 2228 771 2277 respici

107 2281 195 2328 vult,
227 2295 299 2331 quo
323 2284 442 2319 verius
469 2283 527 2320 illa
549 2285 644 2321 dicta
670 2285 772 2321 vide-

109 2343 215 2375 antur
234 2340 279 2385 ei‚
302 2340 362 2388 qui
383 2352 492 2388 quam
515 2341 679 2377 diversae
698 2341 771 2377 sint

111 2399 239 2442 gentes
262 2397 442 2433 communi
462 2397 632 2433 Indorum
652 2397 769 2433 nomi-

110 2463 155 2487 ne
191 2451 298 2501 vulgo
332 2453 636 2502 comprehensae,
679 2454 767 2490 satis

110 2509 259 2544 noverit.
301 2508 354 2545 Ut
377 2509 470 2545 enim
490 2510 525 2546 in
547 2510 668 2546 multis
690 2510 768 2546 aliis

112 2562 219 2599 rebus
239 2576 304 2601 nec
326 2564 461 2602 levibus
480 2567 633 2603 maxime
654 2567 767 2603 diffe-

112 2623 197 2654 runt
223 2619 290 2657 hae
317 2627 467 2668 gentes,
499 2624 549 2659 ita
574 2623 644 2659 hoc
675 2636 766 2671 quo-

112 2686 182 2722 que
204 2675 336 2723 ipsum,
368 2679 466 2725 quod
493 2692 568 2715 non
589 2693 660 2716 una
683 2679 766 2717 illae

111 2729 235 2778 lingua
259 2736 403 2768 utantur
422 2735 635 2784 eademque,
668 2735 767 2772 lucu-

110 2786 208 2823 lento
240 2791 297 2824 est
321 2788 560 2838 documento,
600 2793 766 2830 diversae

110 2843 232 2894 stirpis
250 2843 418 2882 Indorum
434 2858 512 2884 esse
533 2853 674 2897 genteS.

893 815 934 854 οἵ
954 813 995 855 δὲ
1018 815 1060 855 ἐν
1081 820 1182 856 τοῖσι
1203 815 1303 856 ἕλεσι
1324 815 1502 856 οἰκέουσι

833 875 904 910 τοῦ
932 873 1139 923 ποταμοῦ]
1184 873 1311 909 Indum
1341 875 1503 920 fluvium,

834 930 871 966 in
902 930 1003 966 cuius
1035 930 1231 980 paludibus
1268 930 1337 967 hae
1370 935 1502 978 gentes

832 985 1011 1032 habitent,
1025 986 1178 1035 intelligi
1190 987 1419 1023 manifestum
1433 992 1500 1024 est.

832 1043 957 1086 Quare
988 1056 1067 1080 cum
1100 1043 1259 1082 Heeren.
1284 1043 1335 1079 ld.
1360 1042 1385 1089 l,
1413 1046 1432 1083 1
1462 1057 1499 1094 p.

832 1101 910 1140 361
931 1100 1035 1136 huius
1046 1101 1167 1148 gentis
1185 1100 1293 1136 sedes
1314 1100 1407 1136 circa
1419 1100 1499 1149 ipsa

830 1155 910 1192 lndi
936 1157 1028 1193 ostia
1045 1157 1231 1206 posuerim
1251 1157 1351 1192 iuxta
1368 1155 1499 1192 Arabi-

832 1217 912 1258 tas,
942 1213 990 1249 ad
1018 1226 1109 1261 quos
1129 1213 1281 1249 forsitan
1310 1213 1497 1262 pertinuit.

831 1268 911 1306 Nec
939 1274 1062 1305 movet
1083 1283 1141 1307 me
1171 1269 1406 1306 Maltebrunii
1434 1282 1501 1306 au-

831 1325 991 1372 ctoritas,
1023 1325 1085 1374 qui
1115 1325 1137 1362 l.
1169 1325 1192 1363 l.
1223 1338 1259 1374 p.
1292 1324 1373 1365 325
1408 1324 1501 1363 hanc

831 1386 977 1430 gentem
1019 1382 1156 1432 quippe
1184 1381 1342 1432 piscibus
1376 1381 1501 1418 fruen-

830 1443 901 1474 tem
927 1438 1144 1486 ratibusque
1165 1438 1303 1486 exiguis
1332 1441 1496 1475 utentem

828 1495 876 1530 ad
898 1494 1095 1544 superioris
1115 1496 1197 1533 Indi
1217 1495 1315 1545 ripas
1337 1494 1499 1531 liabitas-

829 1563 869 1588 se
893 1551 1093 1588 contendit.

885 1661 927 1702 ἐκ
944 1662 1096 1702 πλοίων
1107 1658 1496 1713 καλαμίνωνὸρμεώ-

829 1718 964 1770 μενοι]
1023 1719 1135 1763 Quod
1172 1719 1418 1768 IVesselingio
1458 1720 1496 1757 in

828 1781 988 1813 mentem
1039 1780 1187 1814 venerat
1227 1773 1495 1826 ὁρμευόμενοι

828 1833 894 1879 (ab
922 1828 1079 1883 ὁρμεύω
1103 1833 1203 1869 hamo
1219 1834 1334 1882 pisces
1357 1834 1493 1883 capio),

828 1890 1001 1938 quodque
1014 1889 1160 1925 Pauwio
1172 1885 1410 1940 ὀρμιώμενοι
1424 1891 1490 1938 (ab

829 1942 950 1996 όρμιὰ
971 1946 1079 1991 linea,
1105 1946 1242 1991 luimus,
1262 1947 1360 1984 unde
1383 1944 1491 1998 ὁρμι-

829 1998 952 2050 άομαι
973 2003 1076 2038 hamo
1092 2004 1234 2051 capio);
1253 2002 1322 2039 hoc
1338 2007 1493 2052 utroque

827 2071 901 2094 non
923 2071 1026 2108 opus.
1070 2058 1262 2106 vulgatam
1284 2059 1493 2107 Schweigh.

828 2114 960 2151 Latine
992 2114 1043 2150 sic
1075 2115 1217 2150 reddit:
1258 2116 1417 2162 navigiis
1450 2127 1493 2150 ex

829 2171 1006 2206 arundine
1035 2169 1199 2219 confectis
1220 2172 1430 2207 insectantes
1454 2176 1490 2208 et

828 2227 863 2263 in
884 2232 972 2263 nota
992 2227 1039 2263 ad
1059 2227 1091 2263 h.
1106 2226 1146 2263 Ι.;
1168 2228 1318 2263 navibus
1339 2227 1492 2264 arundi-

827 2286 902 2320 nois
934 2283 982 2319 ad
1011 2284 1199 2332 capiendos
1219 2286 1333 2333 pisces
1362 2297 1490 2320 exeun-

828 2343 899 2383 tes;
929 2341 965 2376 in
988 2353 1059 2388 quo
1084 2340 1297 2377 Gaissordio
1321 2340 1491 2391 displicet

825 2409 894 2433 vox
915 2399 1101 2443 exeuntes,
1132 2410 1212 2433 cum
1236 2395 1419 2448 ὁρμῶμαι
1441 2397 1490 2433 si-

826 2453 974 2502 gnificet
1000 2454 1141 2489 initium
1171 2457 1280 2490 moins
1310 2457 1489 2502 ortumque

825 2509 991 2546 alicunde
1019 2510 1142 2559 capia,
1180 2510 1339 2558 indeque
1367 2510 1490 2546 Hero-

825 2566 901 2602 doti
918 2566 1027 2603 verba
1046 2567 1168 2615 potius
1189 2565 1353 2603 valeant:
1384 2578 1401 2602 e
1422 2579 1489 2603 na-

823 2624 933 2670 vigiis
967 2622 1176 2658 arundineis
1206 2624 1418 2671 piscantur,
1459 2636 1486 2658 s.

824 2682 975 2715 utuntur
1003 2680 1165 2726 navigiis
1199 2679 1406 2715 arundineis
1437 2677 1488 2714 ad

825 2735 1021 2785 captandos
1028 2737 1151 2785 pisces:
1182 2733 1384 2772 Larcherus
1401 2734 1489 2771 scri-

823 2792 860 2829 bi
878 2792 952 2829 vult
974 2788 1222 2842 ὁρμεόμενοι,
1244 2796 1284 2829 ut
1303 2804 1396 2828 unus
1415 2790 1488 2828 Pa-

823 2848 953 2886 risinus
973 2848 1063 2885 liber
1085 2847 1203 2885 affert.
