1904 3304
602 238 957 283 THALIA.

203 355 485 411 Παντίμαθοί
541 369 586 397 τε
645 354 719 397 καὶ
776 356 1011 408 Δαρεῖται,

507 423 709 480 διηκόσια
762 424 954 467 τάλαντα
1015 420 1261 478 ἀπαγίνεον.

755 494 855 539 Ἀπὸ
914 497 1202 550 Βακτριανῶν
1261 492 1308 536 δὲ
1361 492 1484 548 μέχρι

202 427 409 484 φέροντες
431 458 441 478 ,

173 502 195 539 4
213 498 443 549 ἑνδέκατος
519 490 660 546 οὗτος.

1017 239 1081 279 111.
1390 239 1476 280 169

1077 349 1121 402 ἐς
1177 347 1317 393 τώυτὸ
1372 361 1476 405 συμ-

1341 419 1478 476 νομός

201 571 399 626 Αἰγλῶν,
458 567 665 624 ἑξήκοντα
715 567 789 610 καὶ
829 565 1056 623 τριηκόσια
1099 563 1289 608 τάλαντα
1338 562 1480 619 φόρος

77 650 142 695 93
200 636 268 697 ἦν.
321 639 457 696 νομός
516 638 789 690 δυωδέκατος
846 639 989 689 ουτος.

145 796 366 834 Chorasmiis
383 795 505 842 vicini,
530 794 707 832 orientem
728 805 811 830 ver-

145 866 206 890 sus
242 865 263 889 a
303 853 391 889 mari
430 852 566 902 Caspio
603 850 810 887 habitarint.

145 909 195 946 H.
225 909 354 960 Apetz.
387 909 443 955 (in
481 912 556 944 not.
594 908 641 943 ad
675 906 808 942 Matth.

147 966 255 1014 edit.)
274 966 335 1015 qui
349 965 513 1002 Paesicos
529 964 714 1013 componit
731 975 811 999 cum

147 1022 346 1059 Ptolemaei
376 1022 499 1058 Pascis
529 1016 747 1068 (Πᾶσκαι),
776 1019 813 1055 in

147 1079 346 1127 Sogdianis
365 1091 445 1116 esse
468 1082 588 1128 putat,
608 1089 700 1126 quos
720 1076 812 1113 Plin.

145 1135 194 1172 Η.
224 1135 272 1172 N.
300 1135 363 1182 VI,
390 1137 441 1175 17
467 1134 644 1183 Scythiae
666 1132 812 1184 populis

145 1192 373 1229 adnumerat.
450 1191 536 1241 Ipse
582 1191 813 1227 Herodotum

149 1249 334 1299 scripsisse
370 1248 572 1297 suspicatur
610 1242 813 1284 Πάσκαι

149 1320 173 1343 κ
189 1304 238 1342 αὶ
266 1304 526 1354 Παντίμαθοι
547 1318 582 1341 κ.
602 1318 633 1341 τ.
657 1306 688 1341 λ.
721 1302 814 1339 Gat-

149 1366 214 1398 ter.
250 1361 272 1397 l.
306 1361 327 1397 l.
362 1373 449 1410 pag.
472 1362 538 1400 20.
570 1358 748 1396 Paua-icas
776 1362 814 1396 et

149 1417 304 1455 Daritas
325 1417 466 1467 Caspiis
493 1429 514 1452 a
531 1417 682 1454 meridie
703 1416 814 1452 finiti-

148 1487 228 1512 mos
250 1474 359 1511 fnisse
378 1473 515 1510 statuit.
547 1472 700 1509 Daritas
712 1472 822 1509 Rea--

147 1530 219 1568 nel.
238 1529 258 1567 l.
283 1530 305 1566 l.
329 1543 366 1580 p.
391 1528 484 1570 476.
508 1531 589 1570 503
617 1543 695 1566 cum
719 1528 813 1565 Daz‘s

147 1585 214 1637 (de
237 1586 367 1636 quibus
387 1586 458 1622 vid.
479 1590 568 1622 nott.
589 1587 637 1622 ad
660 1586 686 1632 Ι,
712 1585 811 1632 125)

147 1644 348 1680 contendit.
396 1641 477 1680 Nec
505 1641 575 1679 alia
606 1643 683 1680 fere
712 1641 811 1679 Lar-

147 1699 242 1738 cheri
262 1699 453 1737 sententia.

205 1754 550 1806 Παντίμαθοι]
584 1755 702 1792 Huius
720 1767 811 1804 gen·-

146 1814 193 1851 tis
214 1813 310 1850 nulla
328 1812 412 1850 alibi
435 1812 476 1849 fit
495 1813 643 1849 mentio.
674 1811 810 1849 Malte-

145 1871 250 1907 brun.
275 1869 296 1905 l.
317 1869 339 1905 l.
362 1882 406 1906 eo
426 1868 590 1914 inclinat,
620 1872 660 1904 ut
680 1880 806 1905 verum

148 1926 269 1975 gentis
310 1938 443 1961 nomen
480 1925 590 1962 fuisse
630 1926 810 1961 existimet

152 1981 308 2018 Parthi·
321 1980 465 2026 Medae,
485 1994 563 2017 cum
584 1981 706 2017 Parthi
729 1981 811 2018 Me-

151 2039 207 2074 dis
228 2038 376 2074 admixti
393 2038 534 2074 fuerint.
556 2037 667 2073 —In
689 2038 810 2087 proxi-

151 2107 209 2131 me
236 2107 337 2143 seqq.
362 2094 409 2130 ad
436 2091 703 2144 συμφέροντες
724 2094 812 2130 sub-

150 2150 304 2198 intellig.
324 2147 394 2188 τόν
412 2147 548 2201 φόρον.

205 2202 300 2245 ’Ano‘
330 2208 588 2257 Βακτριανῶν
628 2203 670 2244 δὲ
706 2204 816 2257 μέχρι

150 2263 334 2315 Αἰγλῶν]
367 2263 489 2301 Nemo
516 2263 631 2300 nescit
654 2268 814 2300 veterum

149 2319 289 2357 Bactra
319 2321 561 2357 recentiorum
591 2332 670 2357 esse
693 2319 814 2363 Balk;

150 2389 369 2426 quamquam
407 2377 616 2427 provinciae
656 2377 812 2413 ambitus

149 2445 237 2470 num
266 2434 362 2469 omni
385 2437 550 2483 tempore
570 2433 665 2469 idem
693 2434 812 2480 fuerit,

150 2490 297 2527 minime
315 2490 453 2538 liquet,
484 2490 698 2541 praesertim
720 2503 812 2537 cum,

152 2550 302 2583 notante
323 2546 476 2584 Rennel.
509 2546 530 2582 l.
552 2546 573 2583 l.
603 2559 690 2596 pag.
717 2545 812 2593 514,

152 2600 321 2639 Bactriae
350 2615 483 2640 nomen
516 2603 623 2639 latius
651 2604 814 2653 patuerit

154 2662 191 2693 et
204 2659 348 2694 omnino
368 2659 536 2707 regiones
547 2660 723 2697 orientem
735 2673 814 2697 ver-

155 2726 215 2748 sus
236 2714 320 2750 sitas
342 2715 485 2753 indicet.
547 2715 604 2753 De
622 2716 690 2753 hac
710 2721 808 2754 terra

1074 635 1174 680 Ἀπὸ
1227 638 1479 691 Πακτυϊκῆς

867 792 1000 841 Αρςίῖε
1024 791 1113 828 nihil
1139 791 1338 841 quidquam
1368 803 1535 841 comper-

867 854 943 886 tum
965 850 1151 886 habemus.
1211 848 1253 884 In
1280 852 1441 885 extrema
1463 848 1537 884 Ba-

869 907 958 943 ctria
977 906 1153 942 orientem
1176 917 1324 950 versus,
1353 905 1413 941 ubi
1441 916 1537 941 nunc

870 968 969 1000 terra
991 961 1069 1008 Kil,
1100 962 1164 998 Gafl
1189 975 1216 1001 s,
1240 960 1366 1006 Kilan,
1384 973 1447 998 eos
1471 960 1536 997 ha-

870 1020 1009 1057 bitasse
1041 1019 1247 1069 suspicatur
1275 1017 1430 1055 Rennel.
1460 1018 1483 1053 1.
1513 1015 1536 1053 l.

871 1090 958 1126 pag.
972 1077 1066 1117 515.
1102 1075 1214 1119 Quod
1236 1075 1336 1125 apud
1358 1073 1537 1123 Stephan.

871 1133 961 1182 Byz.
990 1133 1145 1181 legitur:
1204 1131 1374 1184 Αἴγηλοι
1417 1129 1539 1176 ἔθνος

872 1186 1068 1239 Μηδικόν
1096 1188 1244 1238 quidam
1274 1188 1343 1225 hnc
1363 1187 1535 1225 referunt.

870 1246 1086 1283 Billerbeck.
1117 1245 1138 1282 l.
1165 1245 1187 1281 l.
1218 1258 1255 1295 p.
1291 1244 1343 1286 15
1375 1243 1538 1296 Αἰγλῶν

871 1302 990 1353 (cuius
1009 1302 1089 1340 loco
1107 1301 1188 1338 libri
1210 1302 1359 1350 quidam
1370 1300 1537 1352 Λίγδων

871 1359 952 1397 coll.
970 1359 1131 1405 V11,72.
1154 1360 1227 1405 80)
1247 1362 1458 1408 corruptum
1478 1369 1537 1394 es-

871 1429 911 1453 ce
930 1415 1066 1453 iudicat
1094 1427 1161 1465 pro
1182 1409 1353 1465 Ἀρείων.

927 1469 1052 1522 νομός
1105 1469 1353 1517 δυωδέκατος
1396 1463 1534 1521 οὗτος]

869 1528 1003 1566 Mirum
1026 1541 1106 1566 esse
1127 1528 1161 1567 h.
1183 1528 1207 1566 l.
1227 1528 1421 1565 confitetur
1439 1527 1536 1564 Mal-

869 1586 1013 1623 tebrun.
1042 1587 1065 1622 l.
1091 1584 1113 1621 l.
1141 1597 1228 1636 pag.
1250 1586 1345 1631 339,
1379 1584 1479 1633 quod
1499 1584 1536 1621 in

869 1642 1111 1691 satrapiarum
1142 1653 1294 1678 recensu
1320 1640 1535 1679 Herodotus

869 1700 917 1737 ad
946 1697 1255 1749 septentrionales
1290 1701 1326 1735 et
1356 1696 1534 1734 australes

866 1760 991 1807 partes
1011 1755 1132 1792 subito
1150 1767 1346 1792 conversus
1364 1754 1535 1791 Bactria-

866 1825 950 1850 nam
973 1812 1237 1862 praefecturam
1256 1814 1536 1856 commemoret;

865 1870 934 1906 nisi
946 1869 1138 1906 Persarum
1159 1868 1195 1904 in
1214 1868 1269 1905 his
1286 1867 1535 1905 narrationem

866 1930 928 1962 aut
949 1925 1093 1976 publica
1113 1925 1330 1963 documenta
1350 1924 1458 1962 fuerit
1477 1936 1536 1961 se-

866 1987 982 2020 cutus.

1061 2039 1171 2089 Cap.
1201 2038 1336 2075 XCIII.

920 2088 1018 2133 ’Ano‘
1046 2097 1275 2143 Πακτυϊκῆς
1297 2092 1340 2133 δὲ
1361 2093 1428 2134 καὶ
1447 2088 1537 2147 Ἀρ-

873 2149 1037 2202 μενίων]
1070 2151 1177 2187 Conf.
1199 2152 1264 2198 111,
1290 2154 1383 2193 102.
1413 2151 1535 2188 Hero-

873 2209 1000 2244 dotum
1027 2209 1063 2244 in
1094 2220 1138 2245 eo
1170 2221 1293 2245 errare
1321 2208 1538 2258 pronuntiat

872 2264 1027 2302 Rennel.
1047 2264 1068 2300 1.
1090 2263 1112 2300 l.
1133 2277 1218 2314 pag.
1234 2263 1328 2312 504,
1353 2265 1452 2314 quod
1471 2264 1538 2300 hu-

871 2321 925 2358 ius
950 2322 1204 2371 praefecturae
1235 2321 1328 2358 fines
1358 2322 1405 2358 ad
1435 2321 1535 2357 Pon-

870 2385 946 2415 tum
979 2377 1158 2413 Euxinum
1193 2390 1311 2427 usque
1347 2378 1535 2425 extendat,

870 2448 950 2471 cum
964 2434 1091 2470 Colchi
1110 2434 1156 2470 ad
1169 2434 1303 2471 nullam
1323 2435 1535 2484 satrapiam,

870 2490 1032 2540 reliquae
1040 2504 1125 2528 vero
1136 2496 1267 2540 gentes
1279 2491 1326 2527 ad
1339 2491 1535 2541 satrapiam

871 2548 1049 2584 decimam
1103 2560 1236 2584 nonam
1284 2548 1536 2598 pertinuerint.

870 2604 971 2640 Infra
995 2603 1073 2649 Vll,
1096 2606 1150 2645 67
1182 2608 1431 2641 memorantur
1458 2602 1535 2640 Pa-

872 2664 966 2710 ctyes
994 2661 1101 2697 vicini
1131 2660 1331 2709 Sagartiis,
1368 2660 1430 2709 qni
1463 2659 1534 2709 ipsi

872 2730 951 2754 cum
964 2717 1084 2754 Persis
1094 2717 1246 2767 proximi
1263 2717 1372 2754 fuisse
1382 2716 1534 2753 videan-

154 2770 247 2806 conf.
268 2770 397 2817 Bayer.
417 2771 499 2809 hist.
517 2773 746 2821 regn.Bactr.
770 2771 808 2823 §-
863 2777 945 2820 tur,
988 2774 1165 2821 Paetyum
1184 2774 1290 2811 sedes
1316 2774 1353 2810 in
1383 2773 1533 2821 regione

154 2825 295 2865 4—8.
327 2826 367 2862 In
389 2828 499 2877 copiis
522 2829 651 2866 Xerxis
670 2842 809 2867 memo-

153 2887 280 2919 rantur
307 2882 491 2921 Bactriani
520 2885 600 2934 Vll,
627 2888 694 2927 74.
751 2886 810 2925 De

866 2829 1070 2876 Bactearz's,
1100 2830 1138 2866 in
1160 2830 1344 2867 montibus
1366 2829 1415 2865 ad
1439 2828 1532 2864 occi-

869 2887 1019 2924 dentem
1050 2886 1149 2924 urbis
1176 2886 1332 2938 Ispahan
1361 2884 1533 2922 locandas
