1904 3304
428 256 485 295 96

430 363 504 414 τός
534 375 617 419 σφε
647 361 850 407 ἀπελθών
880 364 1012 419 ἔχεινς
1049 361 1177 407 ἄπιθι
1207 364 1250 416 ἐς
1278 364 1331 408 τὰ
1361 366 1498 416 οἰκία,
1533 370 1700 410 παῦσαι
1765 365 1848 406 223

892 436 1138 491 φιλοτιμίη,
1169 439 1310 491 κτῆμα
1344 436 1518 480 σκαιόν·
1561 438 1619 494 μὴ
1637 441 1700 494 τῷ

402 439 424 475 4
436 436 629 478 σεωυτὸν
659 439 832 492 ζημιῶν.

826 254 1295 294 HERODOTI

430 510 552 562 κακῷ
580 506 629 549 τὸ
660 506 798 550 κακὸν
828 508 890 550 ι’ὦ.
938 506 1092 549 πολλοὶ
1120 510 1209 548 τῶν
1231 509 1412 551 δικαίων
1441 508 1494 550 τα“
1524 508 1702 551 ἐπιεικέ-

431 589 561 633 στερα
589 578 865 631 προτιθέασι·
925 577 1079 621 πολλοὶ
1110 576 1156 620 δὲ
1194 576 1276 634 ἤδη
1306 577 1357 620 τὰ
1387 583 1565 636 μητρῷα
1596 579 1760 635 &gri-90

404 655 577 704 5μενοι,
608 649 660 692 τοὶ
682 654 865 706 πατρῴα
895 648 1127 705 ἀπέβαλον.
1171 649 1402 702 τυραννὶς,
1433 653 1573 706 χρῆμα
1593 662 1701 706 σφα-

431 720 578 774 λερόν·
626 722 778 764 πολλοὶ
810 721 855 764 δὲ
897 719 1029 777 αὐτῆς
1060 721 1237 773 ἐρασταί
1268 721 1366 763 εἰσι·
1415 719 1438 763 ὁ
1469 722 1532 769 δὲ,
1562 721 1703 776 γέρων

430 807 474 834 τε
504 791 586 847 «ἤδη
617 792 690 834 καὶ
718 790 991 848 παρηβηκώς.

401 862 648 906 6ἄλλοισι.“

1051 792 1107 847 μή
1140 793 1225 848 δῷς
1254 790 1306 834 τά
1330 795 1525 835 σεωυτοῦ
1556 790 1701 847 ἀγαθοὶ

704 861 761 906 ‘H
793 863 871 918 μὲν
907 864 959 919 δὴ
998 863 1050 906 τὰ
1081 861 1409 918 ἐπαγωγότατα,
1449 864 1758 918 διδαχθεῖσα95

431 932 518 976 ὑπὸ
550 937 630 977 τοῦ
660 933 848 987 πατρὸς,
881 935 994 991 ἔλεγε
1023 935 1132 989 πρὸς
1163 933 1311 978 αὐτόν.
1355 933 1377 977 ὁ
1410 934 1478 986 δὲ,
1523 933 1702 988 ὑποκρι-

430 1002 640 1059 νάμενος,
688 1005 771 1062 ἔφη
804 1004 979 1062 ου’δαμά
1009 1006 1125 1064 ἥξειν
1162 1006 1206 1057 ἐς
1236 1003 1485 1058 Κόρινθον,
1528 1004 1614 1049 ἔστ’
1647 1005 1703 1049 ἂν

405 1073 716 1132 7πυνθάνηται
754 1076 982 1131 περιεόντα
1021 1078 1098 1121 τὸν
1135 1076 1313 1129 πατέρα.
1370 1074 1704 1133 Ἀπαγγειλοὶσης

433 1147 479 1190 δὲ
517 1146 676 1204 ταύτης
720 1152 876 1201 ταῦτα,
927 1149 977 1192 τό
1023 1150 1172 1204 τρίτον
1213 1149 1484 1203 Περίανδρος
1531 1147 1701 1204 κήρυκα

377 1318 483 1351 notat
500 1313 715 1351 Larcherus.
740 1312 1043 1365 διαφορηθέντα

377 1375 452 1408 est:
486 1370 684 1420 direptum,
720 1372 976 1422 dilapidatum,
1000 1376 1041 1409 ut

378 1426 406 1474 1,
429 1429 493 1468 88.
524 1427 584 1463 Ad
605 1429 759 1465 subitum
784 1430 977 1466 transitum
998 1441 1041 1466 ex

377 1483 553 1520 infinitivo
576 1485 623 1520 ad
648 1486 873 1535 participium
901 1490 1042 1535 spectat

378 1541 509 1590 opinor
537 1540 669 1577 Matth.
698 1542 763 1577 Gr.
787 1542 853 1578 Gr.
886 1541 921 1592 ἓ.
944 1544 1041 1588 631,

378 1594 416 1635 4.
445 1597 468 1633 b
500 1610 534 1645 p.
558 1598 677 1636 1300.
709 1619 764 1625 -—
799 1611 896 1647 σφε,
941 1599 1040 1635 cuius

377 1652 455 1690 loco
468 1653 758 1690 Valcken.scril›i
778 1654 904 1691 maluit
926 1653 1040 1702 σφέα,

378 1710 436 1745 vix
456 1709 746 1756 sollicitandum,
784 1724 861 1747 cum
885 1711 931 1748 de
950 1724 1041 1759 quo-

378 1766 431 1801 vis
461 1766 601 1802 dicatur
629 1780 775 1815 genere.
818 1769 925 1804 Cons.
948 1772 1039 1804 nott.

379 1823 427 1859 ad
448 1822 510 1867 lll,
533 1822 599 1862 52.

436 1879 660 1929 φιλοτιμίη,
706 1882 837 1930 κτῆμα
878 1874 1041 1929 σκαιόν]

380 1936 609 1984 φιλοτιμία,
642 1943 815 1974 monente
834 1936 961 1973 Valck.
985 1937 1043 1972 vix

379 1991 449 2028 alio
499 2005 610 2029 sensu
655 1998 765 2041 atque
815 1994 1043 2040 φιλονεικία

379 2049 664 2098 (pervicacitas).
708 2049 787 2087 Nec
808 2049 910 2086 aliter
934 2050 1043 2086 Italus

380 2105 578 2154 interpres,
609 2106 669 2153 qui
689 2107 721 2142 ei
741 2106 1043 2154 significationem

379 2161 535 2198 tribuit:
586 2163 776 2198 ambizz'osa
809 2165 1043 2209 conteuzione,

380 2219 597 2267 caparbe'eta,
627 2220 815 2268 pantiglz'o.
858 2220 940 2269 Ipsa
960 2233 1044 2256 sen-

380 2275 498 2311 tentia
529 2276 626 2324 apud
659 2276 859 2312 Stobaeum
896 2289 1044 2324 quoque

379 2330 514 2375 XXIH,
538 2334 588 2370 12
612 2345 647 2380 p.
672 2334 763 2378 190,
805 2345 840 2381 p.
861 2332 941 2371 426
964 2332 1042 2368 Vol.

383 2387 397 2422 1
418 2387 535 2423 Gaisf.
561 2389 737 2436 reperitur
768 2393 805 2424 et
834 2388 880 2423 ad
899 2388 1044 2438 Sopho-

381 2442 470 2480 clem
492 2443 646 2480 refe-rtur
665 2449 859 2481 auctorem.

439 2496 493 2548 μή
520 2501 573 2551 τῷ
603 2502 713 2553 κακῷ
744 2497 785 2538 τὸ
814 2496 938 2538 κακόν
970 2498 1043 2549 ι’ὦ]

381 2554 438 2592 Ad
463 2555 681 2593 locutionem
709 2556 863 2602 hancce,
894 2569 1044 2605 prover—

382 2611 511 2649 bialem
528 2613 652 2658 ferme,
676 2612 923 2648 illustrandam
937 2614 1045 2650 wes-

382 2667 511 2716 seling.
544 2667 703 2705 laudavit
733 2668 906 2718 Sophocl.
945 2670 1044 2719 apud

382 2724 581 2761 Stobaeum
601 2726 717 2761 Serui.
733 2725 778 2761 lV
791 2738 824 2774 p.
845 2723 910 2764 54.
933 2725 1047 2774 Apol-

385 2779 455 2817 lon.
475 2781 596 2817 Rhod.
616 2780 688 2826 lv,
725 2782 843 2821 1081.
887 2780 1045 2831 Appian.

382 2836 427 2874 B.
464 2837 541 2873 Civ.
568 2837 581 2873 l
612 2850 647 2887 p.
671 2840 766 2878 601.
811 2837 979 2885 Thucyd.
1000 2837 1046 2883 V,

383 2892 436 2935 65
474 2893 562 2943 ibiq.
601 2893 737 2932 Duker.
805 2893 914 2931 Plura
943 2894 1046 2932 dabit

1098 1315 1317 1364 Krabinger.
1337 1315 1385 1351 ad
1398 1316 1527 1364 Synes.
1548 1313 1649 1350 Orat.
1672 1312 1763 1365 περὶ

1072 1388 1081 1399 -.
1100 1372 1227 1422 βασιλ.
1258 1384 1343 1421 pag.
1376 1370 1452 1411 144
1482 1384 1580 1420 seq.‚
1614 1383 1687 1419 quo
1710 1371 1763 1408 uti

1100 1429 1281 1466 debebam
1309 1428 1356 1463 ad
1378 1427 1561 1464 Plutarchi
1585 1426 1763 1464 Alcibiad.

1098 1499 1137 1535 p.
1171 1487 1274 1531 207,
1303 1484 1365 1521 ubi
1397 1484 1444 1521 de
1474 1484 1585 1521 verbo
1617 1483 1761 1522 ἰᾶσθαι

1099 1542 1294 1586 admonui,
1325 1541 1424 1590 quod
1446 1542 1492 1577 de
1509 1540 1637 1589 quovis
1661 1541 1762 1577 dica-

1098 1602 1157 1634 tur
1178 1598 1362 1643 remedio,
1406 1610 1478 1646 quo
1504 1597 1626 1634 damni
1654 1609 1683 1633 s.
1705 1597 1762 1633 in-

1096 1655 1277 1690 commodi
1290 1654 1376 1703 quid
1394 1653 1532 1690 levetur
1547 1658 1611 1690 aut
1628 1654 1664 1690 iu
1683 1666 1762 1692 me-

1097 1710 1164 1747 lius
1186 1716 1428 1747 convertatur.

1154 1765 1355 1816 τυραννὶς,
1389 1767 1520 1816 χρῆμα
1543 1761 1758 1816 σφαλερόν]

1100 1822 1159 1860 Ad
1207 1823 1423 1861 sententiam
1467 1822 1663 1871 Euripidea
1704 1823 1762 1859 hie

1101 1880 1276 1925 laudant,
1308 1893 1351 1917 ex
1374 1879 1537 1929 Iphigen.
1559 1879 1595 1914 in
1613 1877 1757 1918 Aul.21

1101 1941 1140 1974 et
1167 1949 1262 1985 quae
1296 1935 1401 1986 plura
1427 1948 1604 1985 perquam
1634 1935 1763 1972 similia

1101 1993 1272 2041 leguntur
1304 2005 1346 2029 ex
1373 1992 1565 2041 Euripide,
1601 1991 1678 2029 aliis
1699 2005 1762 2029 ex-

1101 2055 1225 2098 cerpta
1243 2051 1341 2099 apud
1368 2048 1567 2085 Stobaeum
1594 2048 1669 2085 Tit.
1693 2047 1761 2094 48,

1101 2106 1177 2142 init.
1206 2119 1243 2155 p.
1274 2105 1354 2144 343
1376 2118 1453 2154 seq.
1485 2118 1520 2154 p.
1540 2105 1619 2145 342
1654 2104 1702 2142 T.
1731 2104 1763 2141 ll

1101 2163 1217 2198 Gaisf.
1240 2184 1296 2190 -——
1329 2163 1370 2197 ln
1401 2175 1504 2210 seqq.
1533 2158 1579 2198 to}
1612 2159 1763 2211 ἐπαγω-

1100 2215 1242 2269 γότατα
1259 2222 1342 2254 sunt
1358 2219 1463 2254 verba
1481 2218 1529 2254 ad
1544 2217 1762 2267 persuaden-

1101 2275 1183 2311 ‹lam
1200 2276 1397 2324 aptissima,
1410 2276 1648 2323 persuasoria,
1662 2274 1763 2310 blan-

1102 2332 1162 2368 (la.
1194 2331 1277 2367 tid.
1305 2332 1351 2367 ad
1370 2331 1551 2367 Plutarchi
1575 2330 1701 2380 Pyrrh.
1725 2343 1762 2380 p.

1104 2391 1183 2428 197
1205 2393 1239 2424 et
1267 2388 1351 2423 add.
1373 2387 1507 2424 Siebel.
1540 2387 1586 2423 ad
1606 2387 1762 2424 Pausan.

1102 2444 1129 2491 l,
1151 2443 1203 2483 34
1225 2442 1260 2493 ξ.
1285 2445 1321 2481 3.

1158 2497 1201 2538 τό
1230 2501 1361 2547 τρίτον
1383 2497 1646 2548 Περίανδρος]
1678 2499 1765 2535 arti-

1101 2556 1217 2594 culum
1244 2554 1264 2595 ὁ
1293 2560 1379 2592 ante
1412 2556 1660 2605 Περίανδρος
1682 2568 1762 2592 cum

1101 2612 1305 2661 Scliweigh.
1336 2617 1372 2648 et
1400 2612 1516 2648 Gaisf.
1548 2612 1673 2649 abieci.
1705 2631 1761 2639 —-·

1104 2670 1144 2705 ln
1179 2682 1282 2717 seqq.
1322 2667 1584 2706 ἐστέλλετο
1617 2666 1656 2713 ἐς
1689 2664 1763 2717 τήν

1106 2725 1314 2774 Κέρκυραν
1342 2724 1456 2762 valet:
1501 2725 1549 2761 ml
1576 2723 1764 2774 Corcyram

1104 2784 1154 2817 ire
1177 2781 1407 2817 constituebat
1425 2794 1452 2817 s.
1471 2796 1504 2817 se
1518 2782 1685 2831 parabat.
1705 2779 1764 2817 De

1103 2851 1169 2874 usu
1189 2838 1389 2886 imperfecti
1412 2842 1603 2875 monuerat
1614 2836 1762 2874 Wesse-

1103 2894 1188 2943 ling.
1207 2894 1255 2931 ad
1273 2893 1301 2940 l,
1322 2895 1388 2934 68.
1418 2894 1478 2932 Τιι
1498 2894 1591 2932 cons.
1614 2892 1676 2940 ΙΙΙ,
1695 2893 1761 2934 52.
