1904 3304
429 243 988 282 MELPOMENE.
1050 243 1108 280 lv.

139 351 460 413 μιξοπάρθενόν
510 369 606 396 τινα
635 353 841 409 Ἐχιδυαν
883 351 1063 407 διφυὲα’

139 427 228 471 ἄνω
269 423 356 469 ἀπὸ
396 428 484 468 τῶν
528 424 772 480 γλουτέων,
827 422 937 468 εἶναι
976 422 1208 479 γυναικός·

84 571 189 609 Nunc
208 570 371 619 regioni,
409 582 504 618 quae
527 569 573 606 ad
593 569 739 607 deserta

82 626 268 675 Nogaica,
310 639 332 663 a
366 625 541 674 Nogaicis
578 626 738 662 Tartaris

82 683 262 730 habitata,
291 683 470 734 pertinet,
490 695 622 719 nomen
644 682 739 719 Iam-

84 738 221 788 hogluk.
247 739 306 776 Cf.
329 739 484 777 Rennel.
503 739 524 775 l.
545 738 565 775 1.
587 753 622 789 p.
645 738 740 784 406,

82 795 275 834 Reichard.
298 796 319 834 l.
338 796 374 843 1.‚
396 796 577 833 Mannert.
599 796 738 844 Geogr.

83 853 133 889 IV
145 867 180 903 p.
201 854 254 893 80
271 866 363 902 seq„
384 852 541 889 Kiihler:
571 851 738 888 Memoir.

84 922 144 946 sur
169 909 202 945 le
224 923 328 946 cours
351 909 513 946 d'Achill.
538 921 623 958 pag.
650 910 739 948 129.

87 968 178 1005 130.
218 966 375 1004 Heeren.
400 966 510 1002 ldeen
537 966 572 1011 l,
598 968 623 1006 2
653 976 739 1013 pag.

84 1024 188 1067 272,
233 1035 306 1071 quo
357 1026 508 1059 auctore
553 1022 740 1067 incertum,

84 1082 204 1115 utrum
246 1078 351 1115 huius
387 1078 544 1127 regionis
575 1077 741 1126 sylvosae

84 1134 203 1171 adhuc
250 1136 434 1185 supersint
475 1135 626 1171 indicia:
675 1134 742 1171 etsi

85 1191 185 1241 apud
234 1193 408 1242 populum
464 1193 560 1228 fama
606 1189 742 1240 sylvae,

85 1259 194 1296 quam
215 1248 349 1285 nullam
371 1248 583 1285 recentioris
611 1247 741 1284 aetatis

87 1304 284 1341 ostendant
326 1317 482 1354 mappae
521 1303 743 1352 geographi-

88 1372 171 1405 cae,
212 1373 395 1409 quamque
427 1373 521 1397 nunc
553 1360 742 1397 evanuisse

87 1416 281 1463 credibile,
313 1430 392 1454 cum
424 1417 504 1453 olim
537 1416 658 1465 sylvae
689 1417 742 1452 ni-

86 1486 176 1521 grae
205 1474 351 1510 nomine
381 1473 487 1510 latius
509 1473 571 1509 illa
593 1477 742 1510 extensa

84 1529 197 1566 fuisse
230 1530 406 1566 videatur.
459 1530 564 1572 Quae
592 1542 688 1565 nunc
720 1541 743 1564 a

85 1585 204 1623 Tanai
242 1599 358 1636 prope
398 1586 515 1623 locum
547 1586 741 1623 Tzerkask

84 1641 256 1692 incipiant
277 1643 412 1692 sylvae,
443 1655 504 1679 eas
526 1642 622 1679 idem
643 1642 742 1679 Hee-

84 1711 160 1735 ren.
191 1699 315 1735 scribit
343 1700 436 1735 finiri
468 1699 513 1735 ad
543 1698 739 1748 Borysthe-

86 1767 169 1792 nem
191 1768 306 1805 prope
323 1757 563 1804 Czernigow:
598 1768 641 1792 ex
669 1768 741 1804 quo

86 1811 171 1848 inde
201 1812 346 1849 deserta
373 1813 510 1862 porrigi
547 1825 662 1860 usque
696 1812 743 1847 ad

85 1866 242 1904 Pontum
259 1868 439 1906 Euxinum
460 1868 579 1906 multis
600 1868 745 1905 tumulis

87 1923 273 1973 insignita.

146 1976 445 2030 μιξοπάρθενόν
465 1978 746 2032 τινα’Έχιδνειν

89 2034 249 2086 διφυέα]
278 2035 470 2086 ’Έχιδναν
501 2039 628 2089 scripsi
665 2052 746 2075 curn

88 2092 257 2142 Schwgh.
281 2099 318 2131 et
330 2094 444 2130 Gaisf.
466 2108 533 2144 pro
552 2089 746 2144 Έχιδυᾶν,

88 2149 189 2198 quod
217 2150 253 2186 in
272 2146 454 2201 Ἐχίόνην
483 2156 622 2188 mutare
643 2151 745 2187 volu-

89 2209 168 2242 erat
190 2205 386 2254 Valcken„
434 2208 495 2257 qui
516 2208 610 2244 idem
637 2220 746 2256 quam

89 2261 171 2298 olim
217 2262 295 2309 (ad
342 2263 507 2313 Euripid.
555 2264 745 2301 Phoeniss.

93 2319 220 2367 1030)
242 2321 417 2369 proscribi
435 2320 598 2357 voluerat
621 2333 744 2357 vocem

91 2373 256 2424 διφυέα,
278 2383 407 2427 postea
428 2377 656 2414 retinendam
678 2378 746 2414 du-

91 2431 162 2476 xit,
202 2432 296 2471 bene
316 2446 453 2470 memor
474 2434 674 2483 Cecropem
699 2434 746 2470 ad

92 2488 244 2525 eandem
277 2490 453 2527 rationem
481 2491 613 2527 dictum
635 2491 747 2527 fuisse

94 2542 220 2593 διφυῆ
243 2544 400 2595 itemque
422 2547 630 2584 Centauros
650 2547 750 2596 apud

95 2599 266 2648 Sophocl.
295 2601 467 2640 Trachin.
508 2605 614 2644 1110
646 2603 749 2650 (ubi.

95 2652 223 2704 διφυῆ
252 2651 282 2693 τ’
303 2654 468 2708 α’μικτον
489 2653 751 2710 ἱπποβάμονα

96 2707 291 2762 στοατὸν).
337 2714 416 2752 Nec
447 2715 551 2752 aliter
574 2716 750 2753 Libanius

186 2799 218 2831 )
245 2823 263 2835 ,.
275 2801 425 2832 Similiter
464 2804 661 2835 Callistratus
691 2806 729 2835 de
758 2806 916 2836 Centauro
942 2805 999 2835 XII
1027 2815 1055 2845 p
1083 2807 1145 2834 905

93 2854 154 2875 και
180 2840 407 2886 ηγριωμένον
432 2844 474 2879 τὸ
502 2846 606 2888 σῶμα
630 2861 661 2881 κ
683 2862 713 2883 τ.
741 2851 768 2881 7.

93 2895 155 2921 tur.
201 2891 270 2921 xid.
296 2892 400 2923 Noun.
426 2894 456 2924 in
481 2895 616 2935 Gregor.
642 2897 798 2928 Nazianz.
826 2899 855 2927 in
881 2897 1005 2927 Melett.
1034 2897 1088 2936 lp
1130 2898 1168 2925 '⁹1

146 2937 354 2977 Hmzonor.
384 2939 429 2978 ll.

1319 245 1402 285 289

1115 355 1189 408 τῆς
1229 352 1280 395 τοὶ
1323 352 1457 408 μὲνὲὂ

1262 423 1314 465 τὰ
1355 423 1401 467 δὲ

797 569 850 617 (in
873 567 1018 605 Bis-ilic
1048 568 1078 604 ll
1110 581 1147 618 p.
1175 568 1274 615 108)
1307 566 1354 604 de
1372 566 1458 604 Chi-

797 638 908 662 rone:
938 623 1006 664 καὶ
1029 619 1258 688 κενταύρου
1270 625 1381 673 σῶμα
1401 623 1458 662 δι-

798 678 898 729 φυὲς
918 679 984 719 καὶ
1003 679 1150 732 τροφέα
1164 675 1457 731 μιξοὲνθρωπον

796 737 862 776 καὶ
902 752 1058 788 τοοφην
1103 735 1456 789 ἐξηγριωμένην*).

796 794 865 831 Est
890 799 1011 831 autem
1042 807 1170 831 sensus
1199 794 1267 831 loci
1287 794 1458 831 Herodo-

798 851 866 888 tei:
909 850 1025 900 ibique
1059 852 1096 886 in
1127 853 1231 887 antro
1263 852 1458 898 semivir-gi-

797 920 872 943 nem
912 907 1092 956 quandam
1120 906 1325 943 Ecln'rlnam
1353 907 1401 952 (i.
1427 920 1459 944 e.

798 965 979 1014 viperam)
1002 965 1178 1000 invenisse
1195 965 1328 1000 mixtae
1350 967 1458 1000 natu-

800 1033 881 1067 rae,
920 1033 946 1057 s.
970 1022 1135 1070 corporis.
1174 1020 1315 1069 Tangit
1338 1019 1461 1057 Hero-

798 1078 908 1114 dotea
931 1077 1101 1114 Eustath.
1134 1078 1182 1114 ad
1210 1076 1364 1126 Dionys.
1388 1076 1460 1114 Pe-

798 1135 925 1182 rieget.
942 1146 992 1171 vs.
1007 1135 1112 1179 3103
1132 1133 1344 1183 quibuscum
1362 1146 1461 1170 com-

797 1195 972 1241 parentur
997 1189 1152 1227 Diodori
1179 1190 1289 1227 verba
1318 1190 1364 1236 ΙΙ,
1391 1188 1460 1236 43,

799 1247 918 1284 Melae
938 1246 983 1293 ΙΙ,
1006 1249 1041 1292 1,
1066 1246 1144 1288 105
1165 1246 1392 1293 (,‚Basilidis
1413 1246 1460 1283 ab

797 1303 957 1341 Hercule
1006 1308 1044 1340 et
1091 1303 1259 1340 Echidna
1313 1304 1459 1352 generis

797 1360 974 1411 principia
1024 1363 1131 1406 sunt,
1189 1372 1309 1396 mores
1358 1359 1461 1408 regii,

799 1430 899 1454 arma
929 1420 1067 1452 tantum
1097 1416 1313 1464 sagittae“)
1345 1421 1382 1453 et
1405 1416 1461 1452 in-

802 1473 953 1523 scriptio
988 1473 1086 1523 apud
1115 1471 1213 1509 Don.
1234 1473 1352 1510 Class.
1382 1472 1399 1508 I
1423 1486 1460 1522 p.

801 1529 876 1575 34,
900 1541 1009 1578 quam
1039 1528 1165 1565 attulit
1189 1529 1237 1566 ad
1256 1528 1289 1566 h.
1310 1529 1330 1565 l.
1352 1528 1462 1566 iVes-

800 1586 926 1635 seling.
953 1585 1000 1621 Et
1021 1587 1146 1622 confer
1167 1598 1317 1635 quoque
1328 1585 1462 1622 Hesio-

800 1643 870 1679 dea
917 1643 953 1678 in
992 1641 1188 1691 Theogon.
1233 1643 1316 1683 292
1356 1654 1460 1691 seqq.

799 1699 919 1750 Ipsam
948 1698 1109 1735 fabulam
1145 1699 1192 1736 de
1221 1699 1337 1736 tribus
1365 1699 1462 1735 Her-

801 1756 889 1793 culis
921 1759 1030 1804 atque
1057 1755 1245 1793 Echidnae
1279 1755 1359 1792 filiis
1388 1760 1462 1792 tra-

802 1816 877 1849 ctat
893 1812 1056 1862 Koppen
1075 1811 1298 1860 (Nordgest.
1313 1812 1351 1849 d.
1366 1811 1462 1848 Pon-

801 1874 859 1906 tus
891 1881 977 1918 pag.
1010 1868 1101 1916 13);
1143 1868 1215 1917 qua
1247 1868 1333 1905 nihil
1364 1867 1463 1904 aliud

803 1925 999 1974 significari
1022 1925 1245 1972 arbitratur,
1276 1925 1344 1961 nisi
1362 1925 1463 1973 quod

803 1981 1000 2031 Agathyrsi
1023 1980 1114 2028 (IV,
1147 1981 1222 2029 48)
1250 1981 1296 2018 ab
1320 1982 1463 2018 oriente

804 2038 840 2075 in
864 2050 924 2075 eas
946 2042 1085 2083 terras,
1115 2037 1151 2074 in
1172 2037 1304 2086 quibus
1330 2037 1463 2075 versari

804 2099 889 2145 post
915 2094 1104 2139 dicuntur,
1143 2094 1376 2144 pervenerint
1406 2106 1464 2131 re-

805 2151 1026 2199 gionemque
1047 2148 1102 2186 vel
1120 2154 1206 2187 ante
1219 2149 1382 2187 Gelonos
1400 2162 1462 2186 oc—

803 2207 979 2257 cuparint.
1019 2205 1192 2243 Filiorum
1222 2207 1317 2244 enim
1349 2207 1465 2242 nomi-

803 2265 908 2300 nibus
930 2264 1003 2300 sive
1024 2263 1231 2300 conditores
1255 2263 1375 2311 gentis
1397 2263 1465 2299 du-

803 2333 956 2369 cesque,
979 2320 1053 2357 sive
1073 2320 1169 2369 ipsas
1187 2324 1315 2368 gentes
1328 2349 1339 2365 ,
1370 2331 1465 2368 quae

803 2377 1058 2426 antiquissimo
1075 2388 1165 2413 aevo
1182 2376 1251 2413 hoc
1267 2375 1382 2412 solum
1403 2388 1465 2412 oc-

804 2434 990 2484 cuparint,
1020 2433 1181 2469 indicari.
1240 2432 1293 2470 Ac
1316 2432 1465 2470 Gelonos

804 2491 951 2539 quidem
974 2489 1031 2527 ille
1058 2489 1172 2526 habet
1200 2503 1267 2540 pro
1287 2489 1466 2538 antiquis-

808 2547 905 2583 simis
937 2546 1087 2584 Graecis
1117 2546 1201 2582 olim
1231 2558 1332 2582 oram
1356 2545 1466 2582 Ponti

808 2603 939 2640 Euxini
964 2602 1197 2649 tenentibus,
1236 2603 1301 2639 sed
1324 2607 1466 2652 postea,

808 2659 1071 2696 barbarorum
1062 2671 1207 2696 incursu
1229 2659 1277 2695 ad
1294 2658 1468 2695 inter1)ra

809 2715 888 2753 loca
920 2716 1085 2762 reiectis;
1132 2720 1174 2752 ut
1204 2715 1353 2752 minime
1382 2714 1467 2751 inde

1192 2814 1223 2843 p.
1252 2805 1314 2833 160
1339 2799 1464 2832 Ῐτιςοὴς.

818 2851 901 2882 Idem
927 2852 1042 2881 Chiron
1069 2844 1364 2926 ἱπποκένταευρος
1388 2848 1468 2877 dici

1306 2903 1323 2924 r

1142 2942 1193 2981 19
