1904 3304
579 190 930 235 THALIA.
988 192 1051 230 ΙΙΙ.
1366 195 1450 235 247

175 303 220 346 ἐκ
238 299 459 356 ῥηστώνης
475 304 551 356 τῆς
563 299 867 357 Δημοκήδεος,
893 299 1240 358 Ἀριστοφιλίδης
1257 305 1347 345 τῶν
1373 306 1450 345 Τα-
1462 309 1505 343 55

175 373 389 426 ραντίνων
420 371 443 415 ὁ
473 372 698 428 βασιλεύς,
736 376 867 416 τοῦτο
899 372 978 428 μὲν
1006 371 1058 414 τοὶ
1089 373 1279 428 πηδάλια
1308 372 1444 426 παρέ-

172 449 272 487 λυσε
302 447 391 486 τῶν
421 443 659 499 Μηδικέων
689 448 824 487 νεῶν·

883 448 1015 487 τοῦτο
1044 443 1110 495 δὲ,
1151 442 1314 496 αὐτούς
1343 443 1448 495 τούς

143 514 349 569 4Πέρσας
379 513 494 568 ἔρξε.
546 513 603 566 ὠς
633 514 939 566 κατασκόπους
978 516 1114 570 δῆθεν
1156 513 1319 566 ἐόντας.
1351 513 1449 561 ΔἘν

170 580 205 643 ᾧ
236 585 282 629 δὲ
322 580 447 629 οὗτοι
485 590 621 629 ταῦτα
659 586 867 641 ἔπασχον,
919 583 943 628 ὁ
979 585 1246 643 Δημοκήδης
1286 588 1328 639 ές
1365 586 1446 643 τήν

170 656 387 711 Κρότωνα
429 657 687 701 ἀπικνέεται.
749 654 991 710 ἀπιγμένου
1022 657 1066 699 δὲ
1096 656 1179 713 ἤδη
1209 658 1373 703 τούτου
1403 658 1446 710 ές

168 727 247 784 την
283 727 476 780 ἑωυτοῦ,
523 728 547 772 ὁ
586 727 928 783 Ἀριστοφιλίδης
967 727 1088 769 ἔλυσε
1127 729 1232 781 τούς
1264 729 1504 783 Πέρσας,6ο

25 807 123 851 137
164 800 237 843 καὶ
259 801 311 842 τὰ
339 799 555 855 παρέλαβε
585 800 672 843 τῶν
693 802 826 849 νεῶν,
858 796 1052 841 ἀπέδωκέ
1076 811 1168 854 σφι.
1228 801 1443 852 Πλέοντες
1500 807 1633 835 Veniunt
1665 808 1779 836 Peme

1502 841 1674 877 Crotonem,
1681 848 1711 870 et
1721 843 1778 870 De-

169 871 214 914 δὲ
244 870 451 914 ἐνθεῦτεν
486 872 528 914 οἱ
559 869 748 925 Πέρσαι,
789 869 862 912 καὶ
901 867 1135 920 διώκοντες
1163 871 1441 928 Δημοκήδεα,
1500 875 1651 902 ¹⁰⁰⁰ffl¹e¹¹¹
1710 885 1777 911 vre-

1499 907 1650 936 hendunt:
1671 909 1777 937 Croto-

168 941 449 985 ἀπικνέονται
478 940 520 992 ές
548 940 629 997 την
652 940 889 995 Κρότωνα·
928 939 1131 994 εὑρόντες
1162 941 1208 984 δέ
1238 959 1313 999 μιν
1344 940 1443 999 dyo·
1501 942 1602 969 mame
1622 942 1721 970 ⁹⁸¹⁸ss
1747 948 1778 972 ‘³‘

138 1013 378 1068 Ξράζοντα,
411 1012 599 1056 ἅπτοντο
631 1011 782 1056 αὐτοῦ.

1500 975 1700 1004 Deumccdem
1746 982 1778 1005 et

1500 1017 1606 1036 navem
1641 1011 1777 1038 onerari·

1500 1051 1547 1070 am
1558 1044 1704 1078 eripiunt:
1718 1045 1776 1071 De-

1499 1076 1637 1104 mocedee
1681 1085 1777 1111 gener

840 1015 929 1055 τῶν
960 1012 1006 1055 δὲ
1036 1015 1379 1071 Κροτωνιητέων
1401 1015 1445 1057 οἱ

163 1086 256 1141 μὲν,
286 1084 664 1139 καταρρωδέοντες
693 1083 745 1127 τοὶ
778 1082 974 1138 Περσικὰ
1003 1084 1256 1140 πρήγματα,
1287 1084 1654 1139 προῖέ-δὸιιωωῑοήΒ
1685 1112 1776 1141 Milo-

1498 1144 1554 1171 nis.

164 1174 238 1200 ναι
268 1156 433 1211 ἑτοῖμοι
465 1149 596 1210 ἦσαν·
648 1156 691 1198 οἵ
730 1155 775 1198 δὲ
807 1152 1077 1198 ἀντάπτοντό
1106 1172 1175 1208 τε,
1216 1156 1288 1199 καὶ
1327 1161 1442 1200 τοῖσι
1498 1183 1582 1224 263

164 1227 415 1271 σκυτάλοισι
444 1226 598 1269 ἔπαιον
626 1225 732 1278 τούς
754 1226 946 1281 Πέρσας,
973 1227 1319 1284 προϊσχομένους
1340 1227 1442 1271 ἔπεα

108 1363 183 1408 riis,
214 1361 275 1398 ubi
300 1374 412 1400 senex
431 1361 529 1406 vixit,
558 1362 775 1411 profectum,

108 1432 153 1456 ex
197 1419 263 1464 iis,
310 1430 407 1466 quae
456 1417 603 1466 collegit
648 1418 775 1467 Heyse

107 1475 260 1518 Quaest.
287 1473 452 1512 Herodd.
479 1487 515 1524 p.
540 1476 618 1515 138
632 1487 687 1525 sq.
715 1487 776 1512 sa-

106 1531 151 1568 tis
175 1530 409 1569 manifestum
430 1532 482 1568 fit.

162 1641 204 1682 ἕκ
236 1639 444 1694 ῥηστώνης
481 1645 554 1694 τῆς
582 1639 771 1695 Δημοκή-

105 1698 210 1749 δεος]
252 1701 306 1737 Ita
338 1701 467 1738 Codex
495 1701 629 1738 Askev.
669 1701 768 1739 Male

102 1756 185 1793 Ald.
209 1755 484 1795 Med.F10rent.
498 1757 577 1794 alii:
610 1756 652 1796 ἐκ
668 1760 768 1808 Κρε-

104 1808 279 1861 στώνηςς
317 1814 389 1850 duo
421 1813 499 1850 alii:
531 1812 573 1852 ἐκ
606 1810 767 1864 Κρότω-

104 1884 188 1914 νος,
220 1870 318 1918 quod
341 1875 506 1907 neutrum
530 1876 626 1907 stare
656 1884 767 1920 posse

106 1926 243 1961 dudum
270 1925 440 1962 viderunt
468 1926 576 1963 Wess
617 1932 654 1964 et
681 1927 768 1964 Yal-

105 1981 224 2026 eken.,
255 1982 304 2017 sic
334 1983 618 2031 interpretantes
640 1983 765 2032 vulga-

104 2043 177 2074 tam
199 2037 388 2075 lectionem
409 2038 450 2077 ἐκ
468 2034 699 2088 ῥηστώνης·
722 2052 766 2076 ex

103 2094 353 2142 indulgentia,
383 2108 409 2132 s.
431 2097 556 2142 gratia
580 2097 617 2131 ιἰι
643 2094 766 2132 Demo-

104 2151 238 2194 cedem
268 2151 358 2197 sive,
389 2157 426 2188 ut
448 2151 649 2188 Larcherus
678 2153 764 2189 red-

103 2208 175 2244 dit:
202 2220 273 2257 ραν
300 2208 399 2244 bonte'
421 2221 513 2257 pour
540 2207 765 2255 De‘mocecles,

102 2277 176 2300 non
198 2264 357 2313 probans
382 2265 511 2301 corais
542 2265 763 2315 interpreta-

102 2321 250 2367 tionem,
268 2322 341 2369 qua
360 2321 472 2358 verba
492 2319 534 2360 ἐκ
557 2317 765 2372 ῥηστώνης

103 2376 200 2413 idem
218 2376 375 2423 valeant,
387 2378 487 2427 quod
511 2376 553 2416 ἐκ
578 2377 764 2431 ῥᾳδιουρ-

103 2432 213 2483 γίας,
246 2432 287 2471 ἐκ
316 2433 465 2483 τέχνης,
498 2432 539 2472 ἐκ
569 2435 764 2485 σοφίσμα-

104 2503 192 2534 τος,
222 2502 237 2525 e
259 2491 443 2536 machinis,
465 2489 663 2539 fraudibus
691 2491 764 2528 De-

105 2545 263 2592 mocedis,
284 2558 311 2582 s.
331 2547 498 2583 inductus
522 2561 544 2584 α
563 2547 763 2585 Democede.

104 2601 157 2636 Ac
178 2614 321 2648 vereor,
352 2608 389 2639 ut
409 2616 499 2652 quos
522 2605 659 2642 Coraes
678 2618 765 2655 pro-

104 2656 185 2693 tulit
209 2656 360 2694 Pollucis
381 2658 478 2697 locos
500 2660 560 2708 lV,
582 2664 606 2701 3
636 2659 674 2711 ᾗ.
697 2664 762 2702 20.

104 2714 170 2754 22.
192 2712 288 2749 Vlll.
312 2712 349 2763 ὃ.
378 2718 440 2756 12.
462 2719 526 2762 13,
555 2717 637 2764 alia,
668 2731 762 2766 quae

103 2769 229 2815 addit,
258 2769 326 2806 hoc
352 2772 531 2810 evincant.
589 2774 763 2812 Schaefe-

101 2838 165 2862 rus
188 2826 392 2864 coniecerat
414 2825 457 2867 ἐκ
477 2826 760 2882 δρηστοσύνης,

831 1361 942 1400 Italus
965 1362 1145 1412 interpres
1167 1361 1322 1401 WVessel.
1344 1367 1382 1400 et
1401 1361 1500 1400 Lar-

832 1419 928 1456 cher.
948 1420 1125 1468 sequitur.

888 1471 936 1513 τοὶ
963 1471 1141 1524 πηδάλια
1163 1473 1382 1527 παρέλυσε]
1414 1477 1436 1513 i.
1462 1490 1496 1514 e.

832 1531 947 1577 demi,
972 1532 1089 1569 adimi
1117 1534 1222 1569 iussit
1249 1535 1396 1569 navium
1424 1545 1496 1581 gu*

830 1589 1036 1636 bez-nacula,
1057 1589 1187 1639 quibus
1210 1590 1412 1627 destitutae
1428 1603 1497 1627 na-

829 1658 893 1682 ves
923 1645 1035 1682 altum
1068 1650 1197 1695 petere
1226 1659 1301 1683 non
1330 1651 1495 1697 possent.

826 1701 968 1739 Eadem
988 1702 1120 1739 locutio
1139 1703 1239 1753 apud
1252 1701 1384 1740 Athen.
1399 1703 1494 1750 vm,

830 1760 879 1798 16
909 1772 946 1809 p.
971 1760 1049 1799 361
1072 1759 1118 1796 Β.
1178 1759 1269 1797 Inde
1300 1760 1415 1797 infra:
1443 1757 1490 1798 τά

824 1815 1020 1865 παρέλαβε
1040 1817 1122 1854 τῶν
1141 1817 1268 1854 νεῶνι
1299 1829 1395 1865 quae
1421 1815 1491 1866 (sc.

824 1871 1090 1920 gubernacula)
1118 1873 1166 1910 de
1191 1873 1343 1909 navibus
1367 1885 1492 1910 eorum

824 1929 1029 1975 demserat,
1061 1941 1105 1965 ea
1135 1929 1311 1966 reddidit.
1336 1951 1393 1956 —
1431 1929 1492 1966 Ad

823 1996 953 2021 vocem
974 1985 1103 2034 δῆθεν
1129 1985 1173 2021 cf.
1200 1986 1226 2030 1,
1253 1987 1320 2025 59.

976 2042 1006 2077 C
1020 2054 1088 2090 ap.
1120 2041 1341 2078 CXXXVH.

882 2091 1143 2147 ἀγοράζοντα]
1174 2097 1195 2133 i.
1211 2110 1242 2134 e.
1263 2097 1394 2146 v'nsoro
1412 2110 1491 2134 ver-

823 2156 971 2199 santem,
1002 2158 1042 2189 ut
1069 2153 1113 2199 ΙΙ,
1134 2153 1198 2194 35.
1228 2153 1288 2200 ΙΙΙ,
1314 2155 1402 2194 139.
1424 2155 1488 2200 IV,

825 2211 917 2250 164.
955 2209 1043 2246 Mox
1066 2223 1145 2246 cum
1161 2210 1278 2246 Gaisf.
1300 2215 1336 2247 et
1350 2210 1484 2247 Matth.

823 2266 972 2315 reposui
996 2259 1102 2317 ἦσαν
1131 2279 1198 2317 pro
1230 2264 1337 2305 ἕσαν.
1379 2268 1488 2304 Conf.

821 2322 887 2369 ΙΙΙ,
911 2322 1003 2364 125.

878 2378 945 2416 καὶ
957 2381 1058 2417 τοῖσι
1082 2373 1311 2418 σκυτάλοισι
1332 2378 1488 2429 ἔπαιον]

821 2434 949 2472 Plures
972 2437 1063 2490 τῇσι
1089 2431 1318 2489 σκυτάλῃσι.
1357 2435 1409 2472 Et
1428 2449 1489 2474 sa-

819 2504 868 2529 ne
884 2492 1017 2529 suidas
1041 2489 1229 2531 σκυτάλαι
1243 2493 1342 2543 apud
1362 2493 1486 2530 Hero-

820 2548 946 2585 dotum
975 2562 1056 2586 esse
1077 2550 1129 2586 ait
1151 2550 1263 2595 idem,
1294 2549 1395 2598 quod
1414 2544 1486 2599 4502-

819 2604 928 2655 βδος.
959 2604 1040 2642 Nec
1059 2605 1163 2642 aliter
1181 2605 1485 2643 Gloss.Herodd.

821 2656 1052 2708 σκυτάλοις·
1085 2657 1263 2712 ῥάβδοις.
1321 2660 1371 2698 At
1389 2662 1487 2699 idem

819 2718 952 2755 suidas
975 2731 1058 2755 mox
1081 2715 1125 2757 τό
1147 2713 1342 2757 σκύταλον
1363 2718 1400 2754 in
1419 2717 1487 2754 hoc

819 2774 1003 2811 Herodoti
1041 2774 1120 2811 loco
1161 2775 1313 2824 exponit
1349 2770 1392 2812 τὸ
1424 2769 1486 2821 ῥό-

819 2833 958 2870 παλον.
988 2852 1045 2858 -
1074 2831 1252 2868 Athenaei
1274 2830 1393 2868 locum
1412 2829 1481 2866 Xll
