1904 3304
42 775 140 822 159

592 242 1061 285 THALIA.111.

1369 242 1454 283 271

185 362 257 407 καὶ
298 358 484 415 Βηλίδας
523 356 789 411 καλεομένας
827 354 968 405 πύλας
1005 350 1301 403 ἀναπετάσας,
1332 351 1457 408 ἐσῆκε

159 431 293 482 3τούς
325 428 495 482 Πέρσας
533 427 575 478 ἐς
604 426 653 470 τό
685 433 833 483 τεῖχος.
890 429 979 470 τῶν
1010 425 1056 468 δὲ
1087 423 1385 480 Βαβυλωνίων
1415 426 1458 467 οἳ

186 503 265 558 μὲν
305 499 424 544 εἶδον
454 498 503 543 τὸ
534 499 747 555 ποιηθὲν,
779 494 904 542 οὗτοι
941 498 1130 552 ἔφευγον
1168 496 1210 546 ἐς
1239 499 1319 537 τοῦ
1349 493 1458 546 Διὸς

186 577 267 616 τοῦ
308 570 455 627 Βήλου
500 569 547 613 τό
582 569 704 623 ἱρόν·
749 573 792 613 οἳ
830 570 876 614 δὲ
920 567 1004 613 οὐκ
1039 566 1183 619 εἶδον,
1221 566 1379 622 ἔμενον
1410 565 1459 609 ἐν

185 649 237 700 τῇ
268 643 435 687 ἑωυτοῦ
461 641 554 693 τάξι
584 641 785 693 ἕκαστος,
818 641 860 691 ἐς
895 640 921 684 ὃ
950 640 1003 697 δὴ
1033 640 1106 684 καὶ
1138 634 1261 682 οὗτοι
1291 638 1458 695 ἔμαθον
1471 644 1514 679 20

148 750 151 753 «
184 713 508 770 προδεδομένοι.

304 785 517 840 Βαβυλὼν
558 784 637 839 μέν
670 800 757 827 νυν
795 781 914 827 οὕτω
953 780 1002 824 τὸ
1039 780 1248 836 δεύτερον
1287 782 1456 838 αἱρέθη.

186 862 375 913 Δαρεῖος
405 856 450 900 δὲ
481 857 571 901 ἐπεί
599 872 643 899 τε
671 854 875 910 ἐκράτησε
904 856 994 896 τῶν
1025 855 1337 910 Βαβυλωνίων,
1362 858 1460 897 τοῦ·

186 946 235 972 το
276 928 354 984 μέν
393 940 539 983 σφεων
579 926 626 970 τὸ
664 931 802 981 τεῖχος
840 929 1045 979 περιεῖλε,
1090 926 1164 968 καὶ
1198 924 1274 975 τοὶς
1318 925 1459 976 πύλας
1517 951 1526 978 5

187 1001 328 1052 πάσας
357 999 595 1043 ἀπέσπασε·
625 997 675 1041 τὸ
704 996 789 1053 γὰρ
819 994 1036 1050 πρότερον
1064 996 1175 1040 ἑλών
1203 1000 1354 1050 Κῦρος
1384 999 1462 1053 τὴν

189 1075 455 1129 Βαβυλῶνα,
486 1070 659 1126 ἐποίησε
689 1066 860 1111 τούτων
889 1066 1147 1122 οὐδέτερον·
1178 1072 1312 1112 τοῦτο
1345 1069 1403 1119 δὲ,

188 1148 375 1196 Δαρεῖος
412 1146 500 1186 τῶν
540 1141 720 1195 ἀνδρῶν
757 1139 862 1192 τούς
900 1141 1174 1195 κορυφαίους
1203 1138 1390 1194 μάλιστα
1420 1139 1518 1191 ἐςῖὅ

186 1215 452 1270 τρισχιλίους
490 1211 821 1259 ἀνεσκολόπισε,
861 1215 976 1254 τοῖσι
1011 1211 1056 1254 δὲ
1095 1216 1286 1255 λοιποῖσι
1317 1213 1461 1267 Βαβυ-

160 1288 390 1330 Ξλωνίοισι
421 1283 615 1327 ἀπέδωκε
653 1284 734 1339 τὴν
763 1282 893 1327 πόλιν
923 1283 1093 1326 οἰκέειν.

1154 1281 1213 1334 ὠς
1244 1281 1283 1326 δ’
1315 1282 1462 1335 ἕξουσι

188 1362 398 1413 γυναῖκας
435 1358 478 1399 οἷ
509 1354 813 1412 Βαβυλώνιοι,
854 1356 928 1398 ἵνα
970 1366 1049 1409 σφι
1089 1353 1216 1409 γένεα
1251 1351 1463 1409 ὑπογίνη-

188 1446 280 1479 ται,
321 1427 423 1470 τάδε
452 1432 640 1481 Δαρεῖος
677 1426 875 1481 προϊδών
903 1426 1098 1480 ἐποίησε·
1137 1425 1214 1475 τοὶς
1243 1425 1325 1480 γὰρ
1357 1425 1520 1469 ἔων-30

187 1504 302 1550 τῶν,
345 1499 403 1549 ὠς
432 1499 502 1541 καὶ
535 1496 634 1541 κατ’
677 1498 813 1553 οὲρχας
845 1497 1104 1553 δεδήλωται,
1145 1494 1388 1548 ἀπέπνιξαν
1420 1498 1464 1540 οἱ

188 1568 485 1626 Βαβυλώνιοι,
526 1573 607 1611 τοῦ
638 1571 761 1612 σίτου
791 1569 1110 1623 προορέωντες·
1150 1567 1319 1621 ἐπέταξε
1350 1573 1463 1612 τοῖσι

186 1643 449 1695 περιοίκοισι
487 1640 632 1683 ἔθνεσι
667 1645 879 1694 γυναῖκας
918 1640 961 1691 ἐς
991 1641 1237 1694 Βαβυλῶνα
1265 1638 1464 1683 κατιστά-

186 1729 285 1762 ναι,
318 1711 424 1764 ὅσας
453 1711 506 1769 δὴ
537 1711 757 1755 ἑκάστοισι
790 1710 1057 1763 ἐπιτάσσων,
1089 1710 1197 1755 ὥστε
1229 1710 1353 1756 πέντε
1383 1729 1462 1768 μυ-

136 1879 175 1902 se
198 1866 341 1903 moenia
359 1865 456 1902 idem
478 1865 676 1903 contendit.
717 1863 798 1902 Nos

140 1922 396 1958 Chaldaeorum
417 1924 556 1971 portam
581 1921 797 1958 collocamus

137 1979 174 2014 in
199 1978 366 2015 orientali
393 1979 490 2014 urbis
513 1983 630 2028 parte,
661 1979 798 2028 quippe

139 2035 174 2070 in
202 2035 274 2083 quii
297 2034 524 2084 potissimum
548 2034 650 2071 huius
677 2036 797 2081 gentis

138 2095 218 2128 erat
248 2091 379 2136 sedes,
420 2103 547 2138 regum
580 2090 798 2127 Chaldaico-

136 2160 214 2184 rum
233 2147 368 2197 palatio
388 2154 527 2184 ornata.
557 2148 615 2184 Cf.
637 2148 798 2185 Heeren.

136 2204 249 2241 ldeen
270 2203 299 2249 Ι,
321 2207 347 2245 2
375 2217 410 2253 p.
435 2205 524 2244 181.

336 2260 443 2310 Cap.
475 2259 605 2296 CLIX.

194 2312 238 2355 τὸ
274 2319 399 2365 τεῖχος
428 2319 612 2366 περιεῖλε,
633 2314 701 2354 καὶ
730 2313 800 2363 τοὶς

139 2368 265 2418 πύλας
284 2369 415 2418 πιέσας
437 2368 709 2423 α’πέσπασε]
730 2374 751 2409 i.
765 2387 797 2411 e.

139 2431 273 2466 nioenia
304 2429 472 2475 sustulit,
511 2429 623 2465 diruit
655 2433 799 2480 portas-

142 2498 205 2534 que
229 2486 375 2522 avulsit.
436 2486 493 2523 Ad
518 2481 721 2525 ἆπέσπασε
749 2488 797 2524 cf.

142 2542 179 2587 l,
209 2544 270 2581 17.
327 2543 440 2586 Quod
469 2556 554 2580 vero
590 2544 709 2591 Cyrus
742 2543 800 2580 hic

143 2598 286 2634 moenia
316 2598 452 2635 intacta
486 2599 675 2648 reliquisse
710 2600 800 2636 dici-

143 2657 226 2697 tur,
255 2654 375 2690 obstat
394 2655 567 2693 disertum
591 2656 720 2694 Berosi
742 2660 798 2694 te-

145 2710 350 2746 stimonium
367 2722 426 2760 ap.
450 2710 591 2763 loseph.
612 2726 642 2750 c.
667 2712 799 2763 Apion.

144 2765 174 2810 Ι,
197 2768 262 2810 20,
285 2765 314 2800 si
335 2767 479 2814 quidem
500 2769 603 2818 τείχη
626 2768 696 2807 illic
712 2781 801 2806 moe-

144 2823 208 2857 nia
227 2821 343 2857 urbem
360 2823 540 2870 cingentia
557 2838 679 2874 neque
699 2838 799 2863 arces

145 2884 247 2915 extra
275 2878 400 2915 urbem
425 2880 633 2919 munitiores
659 2882 801 2931 signifi-

856 1868 952 1902 cant.
1002 1867 1050 1902 At
1074 1865 1159 1902 mihi
1189 1878 1284 1914 quae
1307 1865 1519 1903 Herodotus

855 1921 1001 1968 scribit,
1043 1921 1294 1959 verisimiliora
1337 1923 1521 1968 videntur,

855 1978 1069 2027 praesertim
1103 1978 1131 2014 si
1159 1979 1246 2027 Cyri
1276 1978 1372 2015 illam
1403 1980 1520 2016 ubivis

855 2035 1016 2071 invictos
1036 2039 1274 2072 monstratam
1293 2036 1520 2073 clementiam

854 2091 1079 2138 respicimus,
1110 2092 1154 2126 cf.
1179 2091 1316 2130 Gesen.
1341 2093 1390 2128 ad
1412 2092 1520 2129 lesai-

856 2146 941 2182 Xlll
964 2160 1000 2196 p.
1023 2145 1116 2186 468.

914 2202 982 2241 ἵνα
1013 2214 1085 2250 σφι
1116 2201 1230 2253 γένεα
1256 2201 1514 2255 ὑπογίνηται]

858 2259 880 2296 i.
899 2272 931 2297 e.
954 2264 995 2296 ut
1022 2260 1150 2296 soboles
1172 2262 1258 2310 ipsis
1277 2261 1365 2311 fiat,
1396 2262 1519 2297 subve-

856 2317 945 2352 m‘at.
1004 2315 1064 2352 Ad
1084 2330 1207 2354 vocem
1235 2312 1520 2357 οἷνεσκολόπισε

856 2374 951 2410 conf.
976 2373 1038 2419 ΙΙΙ,
1064 2375 1141 2414 132
1170 2378 1207 2411 et
1236 2374 1284 2411 ad
1312 2375 1423 2412 verba
1452 2371 1524 2421 τὰς

855 2426 929 2480 γαρ
962 2428 1124 2468 ἑωυτῶν
1152 2445 1187 2468 κ.
1213 2445 1244 2467 τ.
1277 2433 1310 2468 λ.
1337 2433 1384 2468 ob
1416 2444 1521 2469 usum

854 2486 1054 2536 particulae
1076 2483 1151 2539 γαρ
1177 2500 1286 2538 supra
1307 2493 1399 2525 nott.
1421 2489 1469 2526 ad
1492 2488 1520 2534 l,

855 2545 893 2584 8.
913 2541 977 2582 24.

913 2597 966 2645 ὥς
988 2597 1055 2638 καὶ
1083 2593 1170 2638 κατ’
1197 2594 1320 2650 ἀρχάς
1344 2595 1520 2649 δεδήλω-

858 2654 937 2706 ται]
968 2657 1027 2693 Cf.
1050 2656 1112 2701 ΙΙΙ,
1136 2655 1226 2698 150.
1248 2677 1299 2682 -
1323 2655 1381 2693 Ad
1408 2657 1520 2694 verba

859 2708 957 2757 ὅσας
996 2709 1045 2761 δή
1089 2708 1219 2751 ἕκαστ.
1265 2711 1360 2751 ἔπιτ.
1422 2713 1518 2750 conf.

857 2767 988 2806 Matth.
1008 2769 1074 2806 Gr.
1095 2770 1160 2809 Gr.
1177 2783 1212 2819 p.
1233 2771 1327 2810 909.

915 2820 1012 2863 ὥστε
1032 2823 1146 2863 πέντε
1166 2821 1373 2875 μυριάδων
1391 2821 1434 2863 τό
1456 2838 1518 2863 κε-

859 2880 1089 2934 φαλαίωμα]
1119 2878 1161 2922 τὸ
1178 2882 1438 2932 κεφαλαίωμα
1460 2880 1517 2917 in-

1551 781 1663 808 Darius
1689 781 1794 810 urbem

1533 820 1652 850 capiam
1684 816 1779 843 nudat

1517 850 1610 875 muris
1630 853 1659 876 et
1676 850 1793 879 nonis:

1539 883 1717 910 rocerumlll
1730 884 1794 910 mil-

1529 918 1557 944 ia
1574 918 1656 944 eruci
1674 917 1794 958 affigiqt

1530 956 1646 984 inperat
1686 958 1795 978 Vlclnls

1520 986 1658 1020 gentibus
1677 985 1712 1012 Ιι.
1731 985 1796 1012 mil—

1543 1020 1583 1046 lia
1602 1019 1771 1053 mulierum,

1450 1067 1461 1082 ‹-
1522 1057 1667 1087 nupturns
1695 1052 1795 1088 Baby-

1438 1086 1461 1112 Ο
1521 1088 1620 1115 loniis.
