1904 3304
617 226 968 265 THALIA.
1027 228 1090 265 lll.

1407 233 1489 270 119

218 334 378 391 χρόνον
399 336 686 389 ἐλευθέροισι·
733 335 791 391 μὴ
825 334 1200 390 ἀνασωσαμένοισι
1231 337 1276 378 δὲ
1305 338 1385 392 την
1415 337 1545 391 (ἕρ-30

215 407 318 462 χὴν,
359 405 462 461 μηδ’
494 407 787 462 ἐπιχειρήσασι
819 405 1076 460 ἀνασώζειν,
1106 408 1158 450 τὰ
1189 407 1361 450 ἐναντία
1391 408 1488 451 τού-

214 489 328 521 τοισι
348 477 532 534 ἀρέομαι
552 477 658 532 ὑμῖν
679 478 901 533 γενέσθαι·
949 479 1021 521 καὶ
1051 479 1159 532 πρὸς
1190 477 1250 520 ἔτι
1279 478 1487 531 τούτοισι,

214 548 263 593 τό
311 549 433 600 τέλος
472 550 678 604 Περσέων
716 549 882 607 ἑκάστῳ
928 548 1201 603 ἐπιγενέσθαι
1251 546 1348 592 οἷον
1391 549 1486 604 ἐμοὶ

161 619 482 676 12ἐπιγέγονε.“
528 621 642 676 ΓἈμα
672 637 716 663 τε
748 623 869 670 εἴπας
898 625 1034 662 ταῦτα
1058 617 1081 662 ὁ
1106 620 1353 676 Καμβύσης,
1386 620 1486 663 ἁπέ-

87 697 153 742 66
210 696 332 736 κλαιε
362 696 508 736 πᾶσαν
536 693 616 747 τήν
647 691 812 735 ἑωυτοῦ
843 692 1014 746 πρῆξιν.
1072 692 1240 744 Πέρσαι
1262 690 1298 734 δ’
1320 690 1378 743 ὠς
1399 692 1818 735 τὸνδὸΡθτΞῆῐῑῑπῑῐῡώηῑ

1542 730 1634 756 Camb
1651 738 1706 756 'ses
1774 732 1819 754 ost

211 764 390 820 βασιλέα
420 761 540 807 εἶδον
571 762 928 813 ἀνακλαύσαντα,
958 761 1114 812 πάντες
1145 761 1196 804 τά
1224 779 1267 805 τε
1301 763 1484 819 ἐσθῆτος
1542 738 1669 798 ¹⁶g¹¹ul¹¹
1689 737 1814 789 vnvm*

1541 805 1645 824 noruin
1654 802 1683 823 et
1703 796 1726 822 V
1737 804 1818 822 meu-

1541 832 1618 857 sium
1637 831 1699 857 obit
1724 838 1749 856 a.
1768 830 1819 856 523

1542 869 1691 890 extremo:
1718 864 1818 889 Smer-

1542 898 1591 924 din
1612 897 1684 932 (3)ῐί
1709 897 1742 923 F.
1770 904 1816 922 oc-

1541 932 1633 958 cisum
1665 939 1719 957 nec
1746 930 1818 956 Per-

1541 974 1593 992 sae
1611 964 1737 991 credunt
1749 983 1757 996 ,
1787 967 1818 988 et

1541 999 1706 1034 Prexaspes
1716 1001 1817 1031 negat.

211 834 392 891 ἐχόμενα
438 832 575 890 εἶχον,
636 837 771 876 ταῦτα
810 836 1139 890 κατηρείκοντο,
1203 835 1277 876 καὶ
1317 836 1484 890 οἰμωγῇ

185 905 405 963 Ωεῖφθόνῳ
437 905 703 961 διεχρέωντο.
744 904 850 960 μετὰ
882 907 927 948 δὲ
956 909 1116 956 ταῦτα,
1147 902 1207 955 ὦς
1231 905 1484 960 ἐσφακέλισέ

209 993 253 1020 τε
276 976 325 1020 τὸ
351 976 521 1028 ὀστέον,
553 978 626 1019 καὶ
657 976 679 1019 ὁ
711 976 848 1032 μηρὸς
877 975 1054 1032 τάχιστα
1084 975 1242 1033 ἐσάπη,
1279 974 1481 1031 ἀπήνεικε

211 1047 449 1105 Καμβύσεα
478 1047 557 1091 τὸν
582 1047 761 1103 Κύρου,
804 1048 1121 1104 βασιλεύσαντα
1150 1047 1229 1102 μὲν
1260 1047 1312 1091 τὰ
1341 1046 1541 1090 mimam

153 1219 328 1262 τούτοισι
385 1224 553 1261 excitavit
600 1223 815 1272 wesseling.

155 1281 202 1316 ad
230 1280 309 1326 Vll,
346 1283 444 1326 197,
475 1280 535 1316 ubi
559 1280 665 1316 etiam
698 1280 819 1316 attulit

154 1336 218 1383 IX,
232 1340 322 1377 110.
354 1336 413 1372 'su
426 1337 510 1373 add.
524 1336 587 1382 Ill,
603 1338 676 1377 74:
695 1351 754 1389 πρ
766 1333 787 1375 ο“
800 1351 818 1383 ς

155 1387 194 1430 δ’
217 1390 308 1440 ἔτι,
338 1406 384 1429 ne
406 1393 519 1443 plura.

198 1444 306 1499 “Alea
326 1463 366 1487 τε
388 1447 515 1498 εἴπας]
546 1448 604 1486 De
617 1462 684 1486 usu
696 1462 809 1486 vocu-

152 1504 208 1542 lae
222 1500 303 1555 ὃῖμα
315 1507 357 1543 cf.
369 1505 501 1542 Matth.
515 1506 578 1542 Gr.
590 1506 655 1542 Gr.
668 1505 704 1556 ἓ.
717 1505 811 1554 565,

151 1565 226 1598 not.
250 1564 277 1601 2
305 1575 392 1611 pag.
418 1560 539 1601 1114.
579 1562 637 1598 Ad
659 1561 811 1598 locutio-

151 1630 234 1654 nem
261 1615 307 1656 τά
336 1618 507 1667 ἐσθῆτος
529 1614 694 1668 ἐχόμενα
715 1620 809 1659 conf.

150 1678 244 1711 nott.
264 1675 313 1711 ad
333 1675 395 1718 lll⁷
416 1676 482 1714 25.
504 1675 529 1721 Ῑ,
552 1678 640 1715 120·

348 1732 452 1781 Cap.
479 1731 611 1768 val.

208 1790 330 1826 ταῦτα
363 1786 667 1838 κατηρείκοντο]
723 1788 745 1827 i.
777 1801 809 1825 e.

151 1857 235 1880 suas
262 1846 411 1893 ips-orion
437 1848 528 1887 (non
553 1844 724 1889 aliorum)
755 1857 810 1880 ve—

153 1904 220 1935 stes
242 1901 497 1936 discindebant.
528 1901 585 1938 De
606 1902 714 1938 medii
733 1914 810 1938 ver-

151 1957 189 1992 bi
218 1956 252 1992 vi
281 1969 324 1993 ac
349 1961 534 2005 potestate
558 1959 698 1994 monuit
723 1957 811 1994 Val-

152 2012 255 2049 cken.
267 2012 471 2061 Hesychius
486 2013 609 2062 Ilpag.
624 2016 724 2055 202:
744 2029 810 2051 κα-

149 2069 400 2118 τηρείκοντο·
429 2071 709 2118 κατεσχίζοντο.
751 2071 809 2107 Cf.

149 2125 274 2161 Pollux
307 2125 384 2171 Vll,
416 2126 479 2166 50.
513 2126 664 2162 Diodor.
697 2126 809 2162 Sic.1

147 2194 183 2231 p-
205 2183 269 2222 83.
303 2182 335 2218 Π
365 2195 400 2230 p.
428 2184 526 2229 186,
558 2187 593 2219 et
619 2195 713 2231 quae
739 2182 809 2219 alia

147 2239 268 2274 attulit
281 2238 453 2275 Valcken.
466 2239 628 2288 inprimis
641 2238 806 2287 Aeschyl.

147 2293 249 2330 Pers.
273 2295 353 2335 537
375 2294 509 2341 (544),
526 2308 632 2343 quem
654 2296 807 2332 forsitan

146 2349 285 2387 Noster
300 2352 510 2401 respexerit.
542 2353 699 2388 Verbum
713 2351 807 2402 ἐρεί-

147 2420 230 2444 κειν
263 2413 405 2445 veteres
441 2407 622 2457 explicant
652 2409 805 2458 σχίζειν,

148 2459 335 2515 ῥηγνύειν
368 2464 576 2511 (scimlere).
645 2465 706 2501 Tu
735 2466 805 2502 vid.

147 2524 294 2568 praeter
333 2520 505 2557 Valcken.
533 2521 739 2558 Blomfield.
771 2523 806 2558 in

149 2574 310 2612 Glossar.
330 2578 378 2613 ad
399 2576 562 2625 Aeschyl.
584 2577 640 2614 l.l.
662 2599 711 2604 —
734 2578 806 2614 Pro

149 2630 391 2680 διεχρέωντο
425 2634 608 2670 Sancrosti
639 2634 730 2672 liber
762 2648 804 2672 ae

148 2687 169 2722 Ν
183 2687 439 2726 iudobonensis
462 2689 585 2741 διεχρέ
598 2705 616 2729 o
631 2705 710 2730 ντο.
743 2690 805 2728 'l'u

144 2743 237 2779 cous.
258 2743 323 2789 ΙΙΙ,
343 2745 407 2784 57.

199 2797 432 2847 ἐσφακέλισέ
453 2816 493 2840 τε
512 2798 556 2840 τό
569 2797 720 2852 ὀστέον]
743 2804 802 2839 Si-

143 2855 264 2893 milem
285 2856 321 2892 in
340 2857 487 2895 modum
508 2859 555 2896 de
568 2859 734 2897 Miltiade
751 2860 804 2897 lo-

877 1223 998 1272 quitur
1018 1223 1081 1269 VI,
1106 1225 1182 1262 136
1203 1222 1301 1269 (coll.
1317 1222 1378 1269 lV,
1391 1224 1460 1270 28,
1479 1223 1540 1260 ubi

876 1276 1236 1328 οἷποσφακελίζειν).
1258 1279 1371 1316 Addit
1382 1280 1538 1317 wessel.

875 1337 1021 1373 Conon.
1051 1335 1198 1372 Narrat.
1242 1336 1373 1373 XVlll.
1410 1336 1539 1373 Galen.

874 1405 959 1443 pag.
983 1392 1078 1438 546,
1109 1392 1170 1441 qui
1201 1392 1298 1429 idem
1326 1393 1362 1428 iu
1388 1392 1533 1442 Hippo-

868 1455 954 1486 crat.
969 1449 1174 1498 Aphorisin.
1188 1462 1223 1499 p.
1236 1450 1331 1494 323,
1356 1449 1415 1485 ubi
1438 1445 1533 1500 γάγ-

868 1520 1034 1556 γραιναν
1059 1505 1287 1542 Medicorum
1311 1505 1388 1541 aliis
1413 1506 1533 1542 Grae-

867 1564 918 1599 cis
941 1556 1143 1609 σφάκελον
1166 1562 1236 1598 dici
1250 1566 1368 1608 notat,
1386 1561 1531 1598 huncin

865 1619 1017 1655 modum
1043 1618 1185 1668 pergit:
1217 1613 1322 1656 οὕτω
1344 1620 1443 1669 γοῦν
1464 1633 1532 1669 μοι

868 1676 982 1714 δοκεῖ
998 1673 1063 1712 καὶ
1091 1673 1113 1713 ὁ
1132 1670 1343 1725 Ἡρόδοτος
1361 1671 1431 1713 τόν
1455 1690 1530 1725 μη-

868 1728 940 1782 ρόν
974 1729 1172 1781 εἰρηκέναι
1203 1728 1273 1770 τόν
1305 1727 1531 1781 Καμβύσου

869 1789 1187 1837 σφακελίζεσθαι,
1198 1789 1372 1825 memoria
1382 1788 1438 1824 ille
1448 1789 1527 1836 qui-

867 1846 950 1882 dem
973 1844 1118 1895 lapsus,
1152 1850 1191 1881 ut
1213 1845 1335 1881 adiicit
1361 1844 1530 1890 lVessd,

866 1902 929 1950 qui
941 1902 988 1938 de
999 1901 1163 1938 vocabuli
1175 1901 1439 1949 significatione
1450 1901 1529 1947 (ca-

863 1956 918 1993 'rie
929 1958 1067 1994 corrodi
1083 1958 1232 2007 indeque
1249 1958 1438 2005 tabescere)
1453 1957 1530 1994 lau-

865 2015 932 2050 dat
950 2015 1058 2051 Foes.
1078 2014 1218 2051 Oecon.
1241 2026 1327 2064 pag.
1350 2016 1446 2060 603,
1469 2014 1530 2050 ubi

866 2070 981 2119 plura.
1012 2070 1121 2106 Italus
1142 2070 1326 2106 Herodoti
1347 2071 1528 2119 interpres

866 2126 955 2163 haec
980 2127 1029 2162 ita
1062 2126 1243 2163 reddidit:
1275 2126 1531 2174 „cariffioglisi

867 2182 966 2218 l’osso
983 2196 998 2219 e
1020 2184 1171 2218 marcita
1194 2182 1231 2218 la
1257 2184 1409 2218 coiciaf‘
1424 2182 1528 2218 —ln

865 2252 968 2287 seqq.
993 2240 1041 2275 ad
1061 2234 1159 2288 α’πή
1172 2253 1277 2277 νεικ
1290 2253 1305 2277 ε
1325 2239 1528 2287 Schweigh.

865 2295 1024 2344 suppleri
1043 2295 1120 2332 vult
1136 2293 1163 2345 ἦ
1180 2297 1339 2342 νοῦσος,
1356 2308 1385 2332 s.
1405 2292 1447 2333 τὸ
1458 2310 1526 2332 κα-

865 2349 950 2389 κόν.
990 2351 1135 2388 Plenius
1165 2353 1289 2400 utique
1311 2351 1446 2389 Noster
1464 2351 1528 2397 Vl,

863 2411 937 2448 27:
967 2405 1061 2453 τούς
1083 2406 1124 2446 δὲ
1143 2429 1199 2435 —-
1219 2405 1356 2459 λοιμός
1380 2406 1528 2446 ὑπολα-

865 2461 947 2515 βών
985 2459 1088 2514 ἀπή
1100 2480 1123 2503 ν
1137 2479 1152 2503 ε
1165 2479 1210 2502 ικ
1223 2480 1252 2504 ε.
1329 2465 1406 2501 Sed
1439 2464 1527 2501 alius

864 2522 1009 2569 generis
1034 2526 1091 2558 est
1112 2521 1193 2568 Vll,
1214 2520 1260 2560 4:
1294 2517 1454 2570 συνήν
1469 2534 1485 2558 ε
1499 2536 1527 2558 ι-

864 2592 914 2616 κε
946 2573 1068 2617 αὐτόν
1099 2581 1270 2629 Δαρεῖον
1293 2598 1342 2604 -
1367 2573 1527 2616 ἀποθα-

861 2649 959 2674 νειν.

919 2685 1210 2741 βασιλεύσαντα
1231 2687 1304 2740 μὲν
1326 2686 1373 2727 τοὶ
1393 2685 1525 2727 πάντα

863 2743 960 2785 ἔπτὰ
974 2745 1057 2785 ἔτεα
1067 2745 1132 2784 καὶ
1146 2748 1280 2797 μῆνας
1290 2744 1419 2794 πέντε]
1435 2746 1525 2782 Cte-

863 2804 934 2840 sias
954 2803 1137 2853 Excerptt.
1159 2802 1277 2840 Perss.
1302 2801 1340 2852 ἓ.
1369 2805 1420 2841 12
1439 2801 1523 2851 duo—

864 2860 1040 2908 deviginti
1065 2871 1182 2898 annos
1211 2859 1434 2907 Cambysem
1464 2869 1522 2894 re—
