1904 3304
417 269 504 309 572
818 262 1286 304 HERODOTI

387 372 717 430 ΞΠασαργάδην
768 372 908 428 γένος.
973 372 1076 427 πρὶν
1126 371 1172 415 δὲ
1221 370 1250 427 ἢ
1302 370 1553 415 ἀποστεῖλαι
1597 372 1730 428 τὴν90

418 445 643 501 στρατιὴν,
681 441 705 486 ὁ
739 441 977 497 Ἀρυάνδης
1015 442 1184 497 πέμψας
1219 442 1262 493 ἐς
1290 442 1369 498 τὴν
1400 442 1574 499 Βάρκην
1602 442 1675 498 κή-

418 532 551 571 ρυκα,
583 512 849 557 ἐπυνθάνετο
879 514 943 563 τίς
970 515 1033 569 εἰἠ
1063 512 1086 556 ὁ
1106 511 1384 566 Ἀρκεσίλεων
1408 512 1674 564 ἀποκτείνας.

388 589 468 630 3οἱ
501 585 546 629 δὲ
570 589 781 639 Βαρκαῖοι
812 582 937 627 αὐτοὶ
966 582 1227 628 ὑποδεκέατο
1257 581 1432 633 πάντες·
1463 583 1600 627 πολλά
1629 600 1673 627 τε

1342 654 1591 710 πυθόμενος
1627 656 1672 699 δὲ

416 729 553 769 ταῦτα
595 725 619 768 ὁ
655 723 916 780 Ἀρυάνδης,
966 725 1083 769 οὕτω
1124 725 1176 781 δὴ
1214 725 1294 780 τήν
1332 725 1535 782 στρατιήν
1573 726 1729 769 (ἔπε’-95

387 801 552 841 4στειλε
582 795 672 852 ἅμα
700 800 753 852 τῇ
790 798 1012 852 Φερετίμῃ.
1053 797 1175 852 Αὕτη
1205 798 1284 851 μέν
1311 814 1394 840 νυν
1424 798 1536 852 αἰτίη
1564 797 1670 850 πρό-

416 880 556 924 σχημα
595 870 677 910 τοῦ
711 867 845 922 λόγου
883 866 1066 922 ἐγίνετο·
1116 866 1383 921 ἀπεπέμπετο
1419 866 1463 910 δὲ
1490 866 1516 923 ἡ
1547 879 1674 922 στρα-

415 937 508 995 τιὴ,
558 937 616 990 ὠς
659 938 754 995 ἐμοὶ
799 938 987 993 δοκέειν,
1034 938 1103 983 ἐπὶ
1153 936 1333 995 Λιβύων
1379 941 1672 995 καταστροφῇ.

415 656 497 711 γὰρ
535 656 609 698 καὶ
646 655 758 698 κακὰ
793 654 972 710 πάσχειν
1009 653 1087 697 ὑπ’
1128 652 1279 698 αὐτοῦ.

1736 799 1819 842 356

359 1150 432 1186 isse
459 1152 582 1187 censet
610 1146 785 1185 Valcken.
844 1147 925 1186 Nec
950 1147 1018 1185 hoc

360 1205 442 1255 ipso
475 1205 555 1242 loco
587 1209 757 1241 constant
788 1204 856 1240 sibi
891 1204 1017 1254 scripti

359 1260 452 1298 libri.
500 1261 561 1297 Sic
578 1260 630 1304 V,
660 1262 711 1300 21
738 1264 773 1297 et
791 1260 898 1307 Vlll,
924 1261 1014 1307 136,

359 1318 421 1365 qui
440 1321 592 1353 vocatur
612 1315 843 1367 Βουβάρης,
880 1316 908 1352 is
937 1329 1016 1352 mo-

359 1376 470 1410 nente
486 1372 662 1410 Valcken.
681 1373 777 1409 idem
797 1374 938 1410 videtur
959 1376 1016 1409 31-

359 1442 431 1477 que
457 1425 658 1479 Βούβαρις
678 1428 767 1475 Vll,
799 1431 865 1469 21.
915 1428 1016 1466 Idem

358 1485 487 1522 Valck‚
514 1485 639 1521 laudat
666 1484 806 1522 Aelian.
838 1486 882 1522 V.
911 1484 959 1521 H.
988 1485 1016 1532 Ι,

359 1543 415 1582 27
446 1545 484 1579 et
512 1539 644 1578 Athen.
674 1541 708 1577 X
734 1553 819 1591 pag.
849 1543 931 1582 416
957 1541 1016 1588 B„

358 1598 420 1634 ubi
446 1598 688 1647 Καντίβαρις
710 1598 833 1634 Persa.
851 1619 907 1624 —
927 1596 1016 1633 Mox

359 1653 445 1691 dedi
471 1652 714 1692 ὖποδεκέατο
747 1666 826 1690 eum
848 1653 1015 1701 Sehwgh.

359 1713 396 1747 et
418 1710 532 1747 Gaiss.
560 1723 626 1759 pro
656 1707 906 1748 ὑπεδέκοντο.
956 1709 1016 1745 Cf.

358 1770 451 1802 nott.
475 1767 523 1803 ad
543 1766 606 1811 111,
626 1768 675 1807 61
693 1794 704 1812 ‚
734 1770 770 1803 et
788 1767 834 1802 de
851 1765 950 1803 verbi
968 1765 1018 1801 si-

358 1822 594 1870 gnificatione
624 1826 714 1861 nott.
744 1823 791 1858 ad
825 1822 895 1868 111,
925 1823 1014 1862 130.

358 1877 479 1915 Verba
510 1874 636 1916 πολλά
667 1893 706 1916 τε
743 1877 810 1915 καὶ
844 1873 946 1915 κακὰ
980 1881 1016 1914 et

358 1931 484 1972 πολλοὶ
496 1933 562 1972 καὶ
576 1938 744 1972 παντοῖα
755 1935 876 1983 attigit
884 1933 1014 1970 Matth.

359 1988 397 2040 ᾗ.
423 1989 519 2036 444,
539 1989 564 2029 4
583 2004 665 2040 pag.
688 1992 780 2030 830.

415 2041 622 2097 πρόσχημα
649 2049 720 2085 τοῦ
748 2042 864 2098 λόγου
894 2045 1016 2097 ἐγίνε-

358 2104 416 2152 το]
448 2099 594 2154 »λόγου
616 2099 824 2153 πρόσχημα
840 2103 1014 2139 velamen-

359 2163 432 2195 tum
456 2165 494 2197 et
522 2160 613 2195 color
644 2162 808 2196 sermonis
834 2164 910 2205 est,
942 2172 1014 2208 quo

358 2216 545 2252 veritatem
576 2216 851 2252 dissimulabant
869 2215 1015 2253 Persae.

360 2272 554 2309 Geminum
589 2285 800 2320 germanum
828 2271 901 2319 Vl,
936 2273 1014 2312 133

359 2330 477 2383 [offro
500 2325 571 2377 μὲν
592 2325 640 2376 δὴ
666 2324 874 2378 πρόσχημα
897 2323 1014 2378 λόγου

358 2385 434 2434 ’ἠνε
464 2384 525 2419 lwc
541 2384 648 2419 colore
664 2386 756 2420 iuter
766 2384 918 2432 fandum.
931 2384 1015 2420 Mil-

359 2440 478 2476 tiades
502 2440 708 2475 utrbaturf‘
749 2440 1013 2487 ll'essele'ng.

358 2495 455 2532 Add.
478 2496 618 2532 Herod.
639 2496 702 2541 VI,
725 2495 789 2536 44.
822 2496 899 2541 Vll,
924 2498 1014 2536 157.

359 2551 528 2600 Τ11110)’11,
550 2551 579 2596 l,
596 2554 660 2591 96.
701 2551 852 2589 Diodor.
876 2553 946 2589 Sic.
971 2553 1014 2597 ll,

360 2610 385 2647 6
415 2608 502 2656 ibiq.
541 2607 695 2644 lVessel.
734 2607 928 2644 Ruhnken.
966 2609 1015 2645 ad

360 2663 504 2701 limaei
527 2663 615 2700 Lex:
638 2662 729 2699 Plat
750 2676 833 2712 pag.
854 2666 947 2702 221

416 2718 480 2757 ἐπὶ
522 2714 692 2769 Λιβυων
737 2721 1012 2771 κατεστροφῆ]

360 2770 542 2825 Λιβύης,
573 2776 672 2823 quod
695 2775 844 2824 quidim
866 2776 942 2812 libri
963 2778 1018 2812 11·-

361 2833 502 2877 10111111,
542 2831 639 2867 haud
675 2832 831 2868 absurde
860 2845 926 2881 pos
912 2833 1016 2867 itum

362 2861 507 2926 xidctui·
524 2887 876 2937 Sclmeighacusero.
928 2889 1016 2925 Mihi

1073 1147 1110 1184 in
1146 1146 1292 1196 vulgata
1310 1152 1313 1155 “
1331 1145 1634 1197 acquiescendum
1672 1144 1728 1182 vi-

1074 1205 1201 1250 detur,
1243 1203 1298 1240 vel
1324 1204 1371 1240 ob
1392 1204 1501 1240 verba
1526 1201 1729 1250 sequentia.

1072 1260 1129 1298 De
1146 1260 1223 1308 ipso
1242 1264 1455 1307 argumento
1476 1258 1524 1294 sic
1536 1257 1729 1294 Valcken.:

1073 1315 1176 1363 „lsta
1202 1315 1429 1352 Herodotum
1465 1313 1640 1350 adiecisse
1667 1325 1730 1350 ce-

1073 1373 1180 1417 teris,
1220 1371 1373 1420 opinor,
1418 1374 1459 1407 ut
1499 1370 1727 1407 commodam

1073 1428 1142 1465 hoc
1158 1429 1194 1464 in
1212 1427 1290 1464 loco
1313 1427 1378 1464 sibi
1397 1430 1543 1476 pararet
1563 1425 1725 1462 occasio-

1073 1497 1156 1521 nem
1175 1488 1306 1532 gentes
1325 1483 1535 1521 recensendi
1547 1480 1725 1529 Libycas:

1072 1553 1157 1577 nam
1185 1540 1338 1577 libenter
1373 1538 1430 1576 ille
1459 1537 1727 1575 narrationibus

1072 1596 1268 1633 interiectis
1297 1596 1347 1632 sic
1379 1596 1512 1644 passim
1543 1594 1588 1630 ab
1625 1593 1728 1629 insti-

1069 1656 1147 1689 tuto
1172 1664 1339 1689 sermone
1358 1651 1583 1699 digreditur,
1613 1654 1654 1686 ut
1675 1648 1728 1686 le-

1069 1713 1205 1745 ctorem
1226 1720 1369 1757 semper
1386 1707 1542 1743 iucunda
1569 1706 1728 1742 varieta-

1070 1768 1107 1801 te
1127 1768 1251 1801 teneat
1271 1769 1307 1801 et
1327 1762 1500 1809 oblectet,
1539 1762 1727 1810 ποικίλην

1071 1815 1279 1871 ἐβουλήθη
1319 1821 1482 1868 ποιῆσαι
1520 1815 1593 1867 τήν
1635 1832 1727 1881 γρα-

1074 1892 1160 1926 φην
1219 1872 1394 1926 Ομήρου
1414 1872 1586 1923 ζηλωτής
1608 1868 1727 1926 γενό-

1073 1947 1210 1996 μενος,
1240 1938 1281 1969 111
1303 1933 1423 1969 scribit
1434 1931 1630 1979 1)ion)sius
1647 1931 1726 1967 Ha-

1071 1989 1125 2026 lic.
1157 1990 1193 2025 in
1216 1989 1285 2038 Ep.
1306 1989 1353 2025 ad
1376 1988 1538 2037 Pompei.
1569 2000 1604 2036 p.
1629 1987 1725 2031 208,

1072 2046 1139 2082 hac
1167 2046 1274 2082 etiam
1310 2045 1347 2081 in
1383 2048 1486 2094 parte
1516 2043 1725 2095 Thucydidi

1071 2102 1299 2139 Herodotum
1318 2100 1547 2150 praeferens,
1577 2104 1613 2136 et
1631 2100 1726 2136 sate-

1071 2163 1129 2195 tur
1155 2159 1308 2208 ipsemet
1323 2157 1556 2201 Herodotus,
1581 2156 1726 2204 quaesi-

1070 2215 1165 2251 visse
1181 2227 1220 2251 se
1242 2214 1502 2261 digressiones,
1530 2211 1724 2249 lectoribus

1071 2271 1168 2308 velut
1221 2265 1463 2314 άναπαύσεις
1483 2283 1494 2303 .·
1552 2269 1624 2314 Ν,
1668 2268 1724 2307 30

1072 2320 1310 2377 προσθήκας
1352 2320 1401 2375 δή
1439 2340 1505 2375 μοι
1546 2323 1569 2363 ό
1607 2318 1723 2372 λόγος

1072 2382 1111 2430 ἐξ
1135 2378 1259 2434 ἀρχῆς
1284 2382 1434 2431 ἐδίζητο
1467 2380 1541 2430 [ubi
1568 2379 1629 2415 Tu
1651 2379 1723 2415 vid.

1072 2444 1165 2476 nott.
1188 2439 1266 2476 coll.
1286 2439 1332 2474 ad
1356 2439 1380 2484 l,
1401 2436 1482 2486 23].
1497 2439 1520 2455 “
1570 2434 1722 2471 Valcke-

1072 2496 1195 2533 naerio
1233 2494 1471 2543 adstipulatur
1505 2491 1722 2529 Dulilmann.

1070 2552 1210 2589 llerod.
1227 2564 1262 2600 p.
1288 2550 1375 2589 165.
1407 2549 1495 2585 Mihi
1517 2547 1583 2583 hoc
1603 2548 1722 2596 potius

1071 2608 1139 2645 hoc
1157 2608 1234 2644 loco
1254 2605 1499 2654 quaerendum
1521 2604 1723 2649 videbatur,

1070 2665 1167 2700 unde
1210 2663 1302 2698 hane
1349 2662 1463 2710 ipsum
1518 2660 1723 2708 acquisierit

1071 2724 1174 2770 pater
1196 2717 1363 2755 historiae
1384 2716 1598 2765 Libycarum
1630 2728 1723 2763 gen-

1071 2777 1158 2812 tium
1180 2774 1434 2821 cognitionem.
1486 2772 1543 2810 De
1564 2771 1725 2808 interiori

1073 2832 1194 2868 Africa
1217 2831 1335 2877 deque
1364 2829 1534 2877 gentibus
1563 2840 1642 2865 eam
1670 2828 1725 2863 iu-

1074 2887 1274 2925 colcnlibus
1304 2898 1397 2935 quae
1431 2887 1562 2932 refert,
1613 2897 1656 2921 eu
1684 2883 1722 2919 in
