1904 3304
391 255 477 297 52ss

780 253 1246 295 IIERODOTI

363 365 441 408 8οἱ
479 365 526 408 δὲ
566 364 720 407 αὐτίκα
759 363 838 418 μὲν
872 362 1038 418 γάμους
1076 364 1258 419 ἔγημαν,
1301 364 1377 415 τὰς
1407 366 1452 409 δὲ
1487 367 1533 410 ἐκ
1565 366 1650 424 Λή-

229 434 328 479 146
386 451 502 491 μνον
551 434 738 491 ἤγοντο,
789 434 992 487 ἐξέδοσαν
1040 433 1221 479 ἄλλοισι.

335 631 469 668 storiae
493 630 626 667 verba:
657 626 696 675 ἐς
716 625 845 677 φνλοῖς
867 625 998 668 διεδά-

338 698 456 725 σαντο
476 686 557 736 (per
576 685 688 723 tribus
710 684 997 735 distribuerunt),-

335 756 432 791 quae
453 756 517 779 cur
537 743 585 781 de
604 742 857 780 Perioecorum
887 743 998 778 tribu-

336 800 425 847 bus,
455 812 522 836 nec
547 811 654 845 vero,
692 799 793 846 quod
816 799 895 848 ipsa
927 800 998 835 sert

335 868 394 892 res
424 855 611 905 ipsiusque
637 855 840 892 sententiae
862 867 999 892 conne-

337 924 424 958 xus,
464 912 511 948 de
538 912 800 961 Spartanorum
831 912 996 948 tribubus

338 967 549 1017 accipienda
577 969 673 1013 sint,
716 968 887 1016 equidem
921 980 995 1003 non

336 1024 512 1071 intelligo⁴
571 1023 651 1061 Nec
671 1025 787 1071 magis
814 1023 994 1072 intelligo,

336 1093 409 1128 quo
438 1080 513 1116 iure
542 1081 711 1129 cognatio
738 1080 874 1128 Minyis
901 1093 995 1128 quae

336 1149 416 1173 cum
428 1136 618 1186 Spartanis
634 1137 887 1179 intercesserit,
909 1137 995 1172 ficta

335 1192 570 1243 perhibeatur
617 1197 730 1241 atque
776 1192 845 1228 hoc
883 1192 994 1228 modo

334 1249 517 1286 Herodoti
567 1248 613 1285 de
654 1249 727 1286 fide
770 1248 995 1293 detrahatur,

334 1317 445 1353 quam
465 1304 549 1340 mihi
568 1305 602 1341 in
619 1304 750 1341 talibus
767 1305 995 1354 praesertim,

334 1360 396 1396 ubi
416 1360 566 1397 meliora
584 1362 784 1410 antiquitas
802 1373 868 1396 nos
889 1360 996 1397 mini-

335 1430 394 1453 me
415 1417 573 1463 edocuit,
604 1430 780 1454 summam
802 1429 881 1454 esse
897 1417 996 1453 haud

335 1486 409 1509 uno
439 1473 520 1509 loco
552 1474 660 1512 edixi.
717 1473 799 1511 Nec
826 1473 997 1510 abhorret

332 1533 540 1579 temporum
587 1531 701 1576 ratio,
762 1542 834 1578 quo
878 1530 995 1566 minus

332 1585 480 1634 Minyas
532 1599 553 1622 a
588 1585 789 1635 Tyrrhenis
828 1585 994 1633 Pelasgis

335 1641 479 1679 Lemno
515 1642 649 1679 eiectos
677 1641 995 1679 Lacedaemonem

334 1699 478 1736 venisse
500 1711 585 1736 vere
613 1699 720 1748 prodi
741 1698 995 1735 existimemus.

336 1755 409 1797 Qui
431 1754 576 1803 Pelasgi
596 1755 783 1803 octoginta
801 1758 887 1804 post
899 1754 997 1791 Tro—

336 1811 407 1847 iam
436 1816 579 1860 captam
609 1812 713 1847 annis
742 1811 772 1847 si
799 1824 818 1847 e
838 1810 996 1847 Boeotia

335 1867 373 1903 in
402 1865 562 1904 Atticam
599 1867 844 1903 discesserunt
871 1867 997 1915 ibique

335 1935 444 1959 unam
468 1927 566 1961 certe
589 1936 655 1973 per
673 1920 815 1974 γενεὰν
837 1934 997 1959 commo-

335 1981 405 2016 rati
434 1984 541 2025 sunt,
590 1984 784 2028 antequam
814 1978 996 2015 Lemnum

338 2040 375 2073 et
396 2036 554 2072 Imbrum
585 2040 773 2085 peterent,
818 2034 887 2072 hoe
908 2048 996 2072 eon-

336 2092 436 2128 venit
454 2104 533 2128 cum
554 2104 597 2128 eo
618 2092 695 2128 fere
719 2099 898 2141 tempore,
921 2104 994 2140 quo

334 2146 486 2195 Minyae
513 2148 549 2184 in
569 2147 765 2185 Laconiam
785 2149 994 2199 pervenisse

333 2205 519 2251 seruntur,
563 2217 660 2240 anno
697 2204 770 2242 scil.
812 2202 920 2244 1140
959 2217 991 2241 a.

335 2260 423 2297 Chr.
448 2274 484 2297 n.
508 2273 527 2297 e
550 2259 724 2297 Larcheri
751 2260 914 2306 calculis;
946 2261 990 2297 cf.

334 2316 429 2353 Tab.
452 2316 661 2364 chronolog.
683 2330 769 2366 pag.
791 2317 886 2358 586.
917 2317 994 2354 Iam

337 2372 498 2421 denique
543 2375 643 2421 quod
684 2375 732 2409 ad
776 2373 994 2410 locutionem

337 2431 487 2466 attinet:
529 2427 567 2474 ἐς
600 2426 729 2476 φυλάς
759 2424 993 2468 διεδάσαντο

338 2487 420 2533 (per
455 2485 568 2521 tribus
604 2485 899 2534 distribuerunt),
949 2497 995 2523 ea

338 2540 462 2587 simul,
493 2542 642 2591 opinor,
674 2542 871 2588 indicatur,
902 2541 994 2588 illos,

339 2598 376 2634 in
408 2599 520 2634 tribus
546 2610 624 2634 cum
652 2599 916 2647 reciperentur,
956 2598 993 2634 in

339 2654 520 2690 civitatem
545 2666 690 2702 quoque
718 2667 798 2691 esse
826 2657 992 2703 receptos

340 2711 541 2758 civiumque
584 2710 631 2746 ad
678 2711 754 2746 iura
803 2711 993 2746 admissos.

340 2766 599 2814 „Plataeenses
619 2766 885 2813 (Valckenaerii
909 2770 993 2802 sunt

339 2821 469 2872 verba)
493 2823 529 2859 in
550 2823 705 2859 Atticam
734 2827 900 2872 receptos
924 2837 991 2859 κα-

338 2882 518 2930 τανεῖμαι
548 2879 604 2926 εἰς
631 2876 725 2925 τούς
753 2874 905 2930 δήμους
924 2877 992 2917 καὶ

1286 436 1463 492 Χρόνου
1509 439 1554 482 δὲ
1596 438 1649 482 οὐ

1054 623 1126 674 τοὶς
1145 624 1299 677 φυλοῖς,
1329 631 1366 666 in
1388 629 1500 667 (lemos
1524 635 1555 668 et
1578 634 1615 669 in
1636 646 1709 669 cer-

1055 687 1113 720 tas
1155 685 1268 720 tribus
1300 685 1448 734 referre,
1501 689 1709 738 psephisma

1056 741 1155 777 iubet
1187 742 1285 790 apud
1306 742 1543 779 Demosthen.
1572 757 1608 793 p.
1626 746 1705 785 741

1055 796 1108 846 [p.
1135 798 1242 836 1380
1265 796 1420 847 Reisk.].
1451 798 1584 848 Attigit
1601 801 1709 838 istam

1054 865 1126 889 non
1150 865 1238 891 sane
1262 855 1452 903 protritam
1481 857 1707 904 antiquitatis

1053 909 1218 946 Graecae
1265 915 1405 959 partem
1450 911 1709 949 Hemsterhus.

1051 965 1088 1001 in
1108 965 1256 1001 Miscell.
1279 967 1390 1004 Obss.
1411 967 1478 1004 Vll
1505 980 1540 1016 p.
1563 968 1645 1008 325
1673 971 1711 1005 et

1052 1022 1099 1057 ad
1126 1020 1310 1071 Aristoph.
1330 1023 1423 1060 l'lut.
1445 1037 1481 1073 p.
1500 1025 1595 1063 368.
1645 1024 1711 1060 Ci-

1051 1090 1132 1114 cero
1154 1090 1220 1126 pro
1238 1078 1430 1119 Balb.12:
1478 1079 1562 1115 l'e'clz'
1578 1083 1709 1127 egomet

1051 1133 1238 1169 nonnullos
1250 1155 1301 1162 —
1313 1139 1448 1171 nostros
1467 1137 1708 1172 cz‘vesAtloenis

1051 1191 1091 1225 in
1118 1202 1257 1226 numero
1285 1192 1442 1227 iudicum
1478 1195 1583 1240 atque
1602 1193 1709 1228 Areo-

1045 1247 1282 1295 pagitarum,
1323 1251 1417 1284 certa
1459 1249 1577 1293 tribu,
1617 1252 1709 1284 certo

1052 1314 1194 1337 munero
1213 1303 1301 1350 (nisi
1320 1304 1423 1340 malis
1445 1308 1536 1339 certo
1555 1304 1712 1352 ‹lemo).“

1052 1357 1151 1394 Add.
1178 1359 1219 1395 C.
1250 1359 1294 1395 F.
1325 1360 1526 1397 Hermann.
1557 1361 1709 1398 Handb.

1053 1415 1119 1451 der
1147 1414 1242 1451 Hell.
1271 1415 1538 1453 Staatsalterth.
1566 1416 1602 1468 ᾗ.
1629 1418 1709 1458 117

1052 1475 1128 1507 not.
1150 1472 1187 1510 6.
1234 1471 1345 1514 Quod
1367 1473 1483 1522 ipsum
1497 1502 1509 1518 ,
1542 1478 1583 1509 ut
1602 1486 1711 1523 pere-

1052 1527 1144 1575 grini
1177 1527 1213 1563 in
1244 1528 1424 1565 civitatem
1464 1530 1711 1579 reciperentur

1052 1588 1164 1632 atque
1192 1584 1276 1620 inde
1299 1584 1406 1620 tribui
1437 1584 1540 1622 alicui
1572 1586 1711 1622 adscri-

1052 1639 1245 1685 berentur,
1285 1640 1437 1678 Athenis
1470 1642 1708 1690 frequentius,

1050 1693 1189 1733 Dorum
1220 1696 1255 1731 in
1284 1696 1486 1733 civitatibus
1516 1698 1709 1744 rarissime,

1051 1764 1119 1788 nec
1147 1751 1214 1787 nisi
1246 1753 1402 1802 probata
1432 1754 1552 1802 stirpis
1572 1766 1710 1802 cogna-

1052 1809 1153 1845 tione
1172 1809 1307 1845 sactum
1328 1822 1429 1854 esse,
1469 1810 1579 1846 dubio
1598 1814 1710 1848 caret.

1108 1860 1179 1909 τοὶς
1208 1861 1250 1902 δὲ
1279 1863 1322 1903 ἐκ
1342 1861 1514 1915 Λήμνου
1546 1862 1708 1917 ἤγοντο,

1052 1918 1240 1967 ἐξέδοσαν
1275 1918 1439 1971 ἄλλοισι]
1495 1922 1517 1958 i.
1548 1935 1579 1960 e.
1619 1935 1709 1972 quas

1051 1988 1131 2013 vero
1167 1976 1296 2014 Lemni
1342 1977 1520 2014 duxerant
1567 1992 1708 2025 uxores,

1051 2046 1111 2070 eas
1164 2033 1248 2070 aitis
1296 2034 1488 2074 elocarunt.
1569 2035 1709 2073 Vocula

1049 2086 1218 2140 ἤγοντο,
1256 2103 1349 2139 quae
1382 2103 1402 2127 a
1435 2091 1574 2127 duobus
1608 2092 1707 2128 libris

1050 2147 1174 2193 abest,
1213 2160 1233 2184 e
1252 2146 1474 2194 glossemate
1494 2148 1636 2184 invecta
1654 2148 1709 2184 vi-

1050 2204 1157 2239 detur
1191 2203 1268 2239 viro
1307 2204 1415 2240 docto
1449 2204 1485 2239 in
1511 2203 1707 2253 Ephemer.

1049 2258 1172 2308 LipSS.
1205 2261 1311 2300 1829
1341 2272 1395 2295 nr.
1421 2261 1500 2299 136
1522 2273 1559 2309 p-
1586 2261 1706 2305 1087,

1051 2316 1112 2364 qui
1144 2311 1213 2361 τοὶς
1241 2312 1282 2353 δὲ
1317 2315 1600 2365 haudquaquam
1638 2328 1705 2364 pro

1051 2372 1200 2409 relativo
1220 2372 1446 2423 pronomine,
1476 2372 1540 2407 sed
1563 2383 1628 2420 pro
1648 2384 1707 2407 ar-

1051 2428 1180 2475 ticulo,
1231 2429 1286 2465 cui
1323 2429 1563 2465 adnectantur
1592 2427 1705 2464 verba

1051 2483 1094 2523 ἐκ
1147 2479 1343 2534 Λήμνου,
1418 2482 1529 2532 accipi
1580 2483 1704 2519 voluit.

1051 2541 1158 2584 Quod
1179 2545 1276 2578 certe
1296 2543 1457 2589 praestat
1479 2539 1705 2575 emendatio-

1048 2599 1084 2633 ni
1103 2597 1248 2645 Stegeri
1280 2597 1335 2643 (in
1362 2595 1518 2632 Praesat.
1545 2608 1579 2644 p.
1601 2595 1704 2643 XV),

1050 2648 1275 2704 ἠγάγοντο,
1331 2652 1353 2688 i.
1393 2664 1424 2688 e.
1464 2651 1702 2697 abduxerunt,

1049 2709 1270 2758 corrigentis.
1341 2707 1400 2745 De
1451 2708 1537 2757 ipsis
1582 2708 1702 2744 verbis

1049 2763 1242 2816 ἄγεσθαι,
1282 2761 1481 2803 ἐκδιδόναι
1511 2764 1605 2800 conf.
1633 2777 1702 2800 no-

1048 2826 1124 2858 tata
1156 2822 1203 2858 ad
1230 2821 1269 2866 l,
1305 2820 1370 2861 34.
1399 2822 1464 2862 93.
1509 2820 1574 2860 59·
1609 2822 1701 2861 196-

1048 2878 1104 2927 ll,
1134 2878 1200 2919 47.
