1904 3304
540 215 1095 255 MELPOMENE.
1152 218 1215 255 IV.

224 324 335 369 7οὔκ
376 324 429 366 ἂν
470 326 746 380 λειφθείην.“

249 399 454 448 Δαρεῖος,
485 397 560 438 καί
587 413 662 451 μιν
686 393 899 450 ἠμείψατο
929 398 1094 439 τοῖσδε·

1422 219 1506 259 468

824 325 977 380 Κᾶρτα
1016 342 1060 368 τε
1099 325 1215 382 ἥσθη
1253 329 1308 382 τῇ
1353 324 1560 381 γνώμῃίιο

1153 429 1175 448 n
1188 396 1312 444 Ξεῖνε
1333 395 1501 451 Λέσβιε,

249 465 465 516 σωθέντος
494 466 594 521 ἐμεῦ
624 465 759 509 ὀπίσω
789 467 832 518 ἐς
862 466 985 510 οἷκον
1014 466 1092 510 τὸν
1121 466 1227 522 ἐμόν
1262 464 1504 522 ἐπιφάνηθί

246 552 322 589 μοι
361 536 554 588 πάντως,
595 539 666 580 ἵνα
697 549 741 580 σε
772 536 865 581 ἀντὶ
896 541 1080 593 χρηστῆς
1111 539 1376 593 συμβουλίης
1403 554 1501 622 χρη-

123 607 187 652 98
243 610 380 648 στοῖσι
403 606 564 663 ἔργοισι
584 607 841 663 ἀμείψωμαι.
855 614 880 632 “

244 684 331 727 ψας
361 678 532 733 ἅμματα
561 678 766 735 ἑξήκοντα
794 679 839 722 ἐν
871 677 1039 733 ἱμάντι
1071 678 1252 728 καλέσας
1273 678 1314 729 ἐς
1332 679 1599 740 λόγους45ᾗ,
1574 676 1603 700 ⁰²
1603 683 1781 734 ῂξέεξξῦἰῗ,

216 747 348 798 ἓτοὺς
372 747 530 793 Ἰώνων
559 750 819 804 τυράννους,
851 750 964 803 ε’λεγε
993 748 1115 791 τάδε·

945 612 1089 651 Ταῦτα
1121 611 1262 660 εἴπας,
1292 610 1364 651 καὶ
1390 606 1496 651 ἀπά-

1176 749 1386 804 ,,”Ανδρες
1405 749 1497 793 Ἴω-

241 833 331 869 νες,
376 817 402 875 ἡ
444 821 524 876 μὲν
561 821 779 876 πρότερον
821 819 971 876 γνώμη
1013 820 1300 874 ἀποδεχθεῖσα
1339 821 1381 872 ἐς
1419 820 1497 878 τὴν

185 992 329 1041 plurimi
353 992 459 1029 codd.
483 986 624 1040 φήσω,
663 991 762 1039 quod
782 1002 840 1026 sa-

187 1061 233 1084 ne
268 1049 384 1084 minus
416 1049 613 1096 frequens3
655 1047 721 1083 nisi
759 1059 838 1083 cum

186 1104 359 1142 Valcken.
371 1104 568 1142 rescribere
585 1103 686 1140 malis
707 1099 840 1152 φήσας

185 1160 254 1197 hoc
295 1162 372 1198 fere
408 1173 536 1198 sensu:
585 1189 611 1206 ,,
622 1172 685 1208 ego
714 1160 840 1208 palam

187 1218 301 1253 animi
318 1218 384 1253 mei
410 1218 578 1253 sententia
597 1217 709 1253 verbis
727 1216 840 1265 expli-

187 1275 272 1319 cita,
292 1273 518 1309 nihilominus
534 1274 603 1322 ipse
625 1276 658 1309 te
678 1273 841 1322 sequar.“

186 1328 244 1364 Ad
263 1331 479 1366 locutionem
508 1328 546 1374 ἐς
567 1327 686 1379 μέσον
706 1329 841 1366 faciunt

185 1398 331 1434 quoque
356 1398 420 1432 ea,
461 1398 555 1434 quae
574 1385 722 1422 Dorvill.
743 1389 839 1422 attu-

184 1440 222 1477 lit
244 1442 290 1477 ad
313 1441 497 1478 Chariton.
518 1454 554 1490 p.
578 1441 658 1481 534
669 1442 726 1478 ed.
737 1440 837 1490 Lips.

184 1497 230 1533 de
258 1496 409 1533 formula
440 1496 482 1535 ἐν
514 1495 617 1549 μέσῳ
639 1497 835 1546 propalam,

183 1564 296 1588 coram
314 1553 482 1589 omnibus.
534 1552 592 1588 Cf.
612 1552 748 1590 Herod.
772 1551 836 1599 ΙΙΙ,

182 1610 247 1649 80.
260 1609 324 1649 83.
343 1608 405 1655 lv,
430 1610 521 1649 118.
544 1607 605 1653 Vl,
629 1610 718 1648 129.
738 1607 836 1655 VIII,

182 1666 250 1710 26,
270 1665 329 1701 ubi
347 1663 385 1710 ἐς
402 1661 552 1710 πάντας
567 1663 646 1714 pari
661 1677 835 1702 sensu.—

181 1719 224 1757 In
242 1721 360 1758 verbis
382 1716 502 1767 αὐτὸς
533 1719 652 1771 μέντ
665 1736 684 1759 o
700 1736 712 1759 ι
739 1719 833 1769 ἕψο-

183 1791 272 1827 μαι,
324 1775 457 1826 μέντοι
495 1778 695 1827 respondet
734 1782 834 1815 ante-

182 1833 394 1870 cedentibus
424 1829 588 1884 γνώμην
619 1831 701 1883 μέν.
768 1833 827 1870 De

182 1890 342 1939 optativo
355 1884 446 1939 (ουίι
457 1885 506 1928 (ἲν
519 1887 761 1940 λειφθείην),
772 1890 834 1938 qui

180 1946 353 1982 continuo
374 1946 505 1995 excipit
533 1947 689 1983 futurum
717 1944 834 1996 (ἕψο-

182 1998 292 2050 μαι),
318 2002 413 2038 conf.
434 2001 568 2039 Matth.
582 2002 648 2039 Gr.
660 2002 724 2038 Gr.
747 2015 832 2052 pag.

181 2058 274 2098 979.
325 2057 466 2095 Herod.
494 2058 549 2105 ΙΙ,
577 2058 643 2098 41.
676 2079 728 2085 —
773 2058 833 2094 Ad

179 2118 394 2150 structuram
425 2114 633 2151 verborum:
683 2112 834 2152 σωθέν-

178 2183 244 2214 τος
272 2168 388 2219 ἒμεῦ
413 2192 459 2197 -
491 2166 719 2219 ἐπιφάνηθί
751 2184 833 2220 μοι

177 2226 271 2262 conf.
290 2230 383 2263 nott.
403 2227 451 2263 ad
473 2226 509 2272 Ι,
537 2228 562 2266 3
586 2231 621 2263 et
641 2227 688 2263 ad
708 2239 832 2264 vocem

178 2282 420 2332 συμβουλίης
443 2282 506 2328 ΙΙΙ,
532 2285 566 2321 1.
612 2281 670 2320 De
690 2295 733 2320 eo
753 2295 832 2318 mo-

177 2338 247 2384 do,
288 2351 359 2387 quo
382 2338 572 2376 Persarum
593 2351 698 2387 reges
720 2339 831 2376 bene-

176 2393 257 2431 ficia
279 2398 427 2444 accepta
452 2396 672 2432 remunerari
700 2395 831 2442 solent,

178 2449 328 2486 diximus
356 2452 404 2487 ad
431 2451 502 2498 Ill,
536 2451 626 2491 140.

345 2540 454 2590 Cap
496 2540 661 2578 xcun

235 2610 400 2665 απάψας
439 2613 598 2668 ἅμματα
636 2613 829 2684 ἑξήκοντα

178 2669 220 2709 έν
252 2667 396 2721 ἱμαντι]
444 2673 465 2709 i.
491 2687 522 2711 e.
552 2674 660 2712 nodos
685 2678 724 2712 in
755 2675 828 2712 loco

178 2730 321 2774 ueoeuzsst
365 2730 553 2777 suspendit.
609 2731 717 2775 Quae
743 2744 827 2782 sup-

175 2784 329 2833 putandi
360 2785 450 2821 ratio
471 2785 659 2824 Persarum
688 2788 825 2825 rudita-

896 989 1032 1027 niculos
1048 990 1153 1027 nodis
1173 989 1326 1038 illigatos
1344 992 1391 1028 ad
1412 991 1548 1029 dierum

897 1050 932 1083 et
960 1047 1132 1097 temporis
1172 1048 1337 1084 notitiam
1378 1048 1552 1085 barbaros

897 1104 1073 1152 quosdam
1102 1104 1186 1139 novi
1228 1104 1325 1141 orbis
1356 1117 1551 1154 usurpasse

897 1160 1048 1196 adnotat
1082 1159 1298 1209 Wesseling.
1366 1160 1552 1197 Romano-

896 1228 974 1252 rum
996 1217 1117 1262 moris,
1148 1229 1220 1265 quo
1243 1216 1351 1253 clavis
1370 1217 1446 1253 fixis
1467 1217 1550 1254 olim

898 1284 1012 1308 annos
1052 1277 1198 1309 notasse
1231 1273 1412 1319 feruntur,
1456 1278 1551 1311 teste

896 1327 1000 1364 Livio
1019 1328 1099 1374 Vll,
1118 1330 1155 1374 3,
1175 1329 1362 1366 admonuit
1379 1328 1550 1367 Larcher.

896 1384 955 1420 Tu
974 1385 1045 1421 vid.
1065 1385 1111 1421 de
1133 1385 1187 1421 his
1210 1386 1377 1422 Creuzer.
1400 1384 1548 1434 Antiqq.

895 1440 1039 1476 Romm.
1063 1438 1097 1490 §.
1124 1443 1199 1481 161
1229 1453 1314 1490 pag.
1343 1444 1435 1482 232.
1493 1441 1551 1479 De

896 1499 1084 1544 sexaginta
1107 1497 1242 1533 dierum
1278 1510 1428 1534 numero
1454 1499 1548 1534 conf.

891 1552 954 1598 lv,
979 1554 1056 1592 136
1075 1553 1158 1601 ibiq.
1182 1557 1273 1588 nott.

947 1605 1040 1653 τοὺς
1055 1603 1198 1646 Ἰώνων
1215 1604 1450 1659 τυράννους]
1471 1603 1547 1647 'Im‘-

892 1678 964 1710 νας
989 1665 1062 1700 duo
1095 1664 1176 1700 libri
1205 1677 1282 1701 cum
1305 1663 1429 1713 Valla,
1470 1677 1544 1701 non

891 1720 1117 1770 improbante
1134 1720 1351 1769 Wesseling.
1365 1749 1375 1767 ,
1413 1721 1474 1769 qui
1496 1721 1543 1758 de

891 1777 970 1827 ipsa
989 1789 1028 1814 re
1045 1776 1134 1814 haec
1156 1778 1369 1827 adscripsit:
1416 1776 1544 1824 „Ade-

890 1838 972 1869 rant
1020 1835 1163 1881 tyranni
1207 1846 1251 1871 ex
1289 1833 1543 1884 Hellesponto,

890 1889 1139 1936 Chersoneso,
1179 1889 1328 1927 Aeolide
1364 1894 1401 1926 et
1429 1889 1544 1937 Ionia,

889 1958 979 1994 quos
1001 1959 1125 1982 omnes
1157 1959 1220 1983 rex
1249 1946 1279 1982 si
1303 1945 1541 1995 compellavit,

889 2001 1015 2038 Ionum
1044 2002 1274 2052 praecipuam
1301 2002 1402 2038 duxit
1430 2003 1543 2038 ratio-

888 2070 993 2104 nem,
1024 2059 1142 2106 gratia
1171 2062 1209 2095 et
1238 2057 1450 2095 auctoritate
1475 2070 1544 2107 po-

890 2114 1041 2159 tiorum3
1071 2115 1138 2150 nisi
1158 2114 1186 2150 si
1217 2114 1323 2163 patrii
1352 2115 1461 2150 moris
1488 2118 1544 2150 te-

889 2181 959 2205 nax
977 2167 1102 2206 Ionum
1132 2169 1233 2206 titulo
1253 2170 1414 2207 Graecos
1446 2182 1544 2206 com-

888 2226 1130 2275 prehenderit.
1160 2226 1264 2274 Lege
1274 2239 1303 2262 c.
1320 2228 1409 2265 137.
1425 2226 1543 2265 138.“

887 2303 943 2308 —
973 2282 1031 2318 Ad
1071 2282 1264 2332 μετείσθω
1295 2283 1388 2318 conf.
1411 2281 1540 2318 Matth.

888 2335 925 2388 ἓ.
944 2338 1038 2385 214,
1059 2340 1084 2378 2
1108 2351 1193 2389 pag.
1214 2338 1309 2378 408.
1368 2338 1408 2374 In
1439 2350 1544 2387 seqq.

888 2392 1120 2440 διεξέλθωσι
1156 2407 1234 2431 cum
1265 2394 1469 2443 Schweigh.
1510 2397 1546 2430 et

888 2449 1005 2488 Gaisf.
1018 2451 1116 2488 edidi
1138 2464 1205 2501 pro
1228 2449 1426 2497 διέλθωσι,
1445 2449 1545 2498 quod

887 2506 1033 2543 retinuit
1054 2506 1243 2545 Matthiae.
1294 2506 1416 2554 Cf.1‚
1453 2506 1542 2545 196

888 2560 946 2599 Ad
972 2564 1082 2600 verba
1110 2562 1148 2610 ἐς
1167 2578 1239 2614 την
1259 2560 1450 2613 ὑμετέρην
1468 2556 1537 2599 ocv'-

884 2633 965 2657 των
997 2620 1066 2666 (ita
1090 2621 1184 2657 enim
1214 2619 1339 2670 scripsi
1369 2631 1436 2668 pro
1466 2612 1535 2655 αυ’-

883 2673 1000 2723 τέων)
1018 2676 1141 2713 adhib.
1153 2676 1313 2713 Fischer.
1328 2676 1375 2712 ad
1386 2673 1533 2713 Weller.

882 2731 915 2768 ΙΙ
935 2744 1019 2781 pag.
1040 2732 1133 2773 235.
1193 2732 1289 2769 Infra
1310 2731 1450 2768 Herod.
1472 2728 1534 2775 IV,

885 2789 963 2828 133
991 2788 1198 2838 simpliciter
1229 2788 1370 2838 scripsit
1397 2786 1438 2834 ές
1460 2782 1535 2836 τήν

175 2844 245 2876 tem
267 2841 353 2877 satis
380 2840 550 2879 declarat.
595 2843 739 2882 Similes
761 2845 823 2881 fu-
879 2841 1085 2897 ὑμετέρην.

1555 606 1640 634 lubet
1667 606 1751 633 lones

1554 640 1666 667 stodire
1701 649 1747 675 poi
1773 649 1789 667 e

1570 715 1622 767 ini
1641 741 1715 768 dies.

1561 781 1642 821 326
