1904 3304
478 253 562 294 164

910 250 1382 291 HERODOTI

481 361 528 405 δὲ
558 361 605 404 έν
633 364 694 419 τῷ
722 363 844 417 νομῷ
874 358 1015 415 τούτῳ
1048 360 1233 417 Φοινίκη
1263 377 1307 404 τε
1340 363 1481 413 πᾶσα,
1513 359 1586 404 καὶ
1611 361 1757 416 Συρίη

481 430 507 488 ἡ
541 432 806 486 Παλαιστίνη
836 430 1097 485 καλεομένη,
1136 431 1209 474 καὶ
1240 430 1429 485 Κύπρος.

1488 431 1626 488 νομὸς
1655 431 1756 487 πέμ-

451 509 591 553 3πτος
630 498 770 553 οὗτος.
827 499 919 544 Ἀπ’
962 500 1189 556 Αἰγύπτου
1230 502 1297 551 δὲ,
1335 501 1409 544 καὶ
1447 503 1627 558 Λιβύων
1669 505 1814 546 τῶν4ο

480 573 730 628 προσεχέων
761 571 992 631 Αἰγύπτῳ,
1039 572 1112 615 καὶ
1148 571 1356 628 Κυρήνης
1392 589 1435 615 τε
1465 573 1539 616 καὶ
1566 573 1757 633 Βάρκης,

483 644 551 699 (ἐς
578 644 661 699 γάρ
692 644 770 687 τόν
795 642 1044 699 Αἰγύπτιον
1073 641 1212 698 νομόν
1257 639 1386 686 αὗται
1422 643 1753 700 ἐκεκοσμέατο,)

483 714 720 759 ἑπτακόσια
749 714 928 771 προσήϊε
957 712 1170 763 τάλαντα,
1199 713 1332 768 πάρεξ
1361 719 1441 757 τοῦ
1472 715 1516 758 ἐκ
1546 720 1621 770 τῆς
1644 716 1757 758 Μοί-

483 803 577 840 ριος
606 788 760 841 λίμνης
788 783 1025 841 γινομένου
1056 784 1296 840 ἀργυρίου,
1325 786 1374 828 τὸ
1405 785 1566 841 ἐγίνετο
1594 786 1639 829 έκ
1666 789 1757 829 τῶν

452 857 665 913 4ἰχθύων.
714 855 878 900 τούτου
907 872 952 898 τε
984 857 1036 912 δὴ
1064 856 1192 911 χωρὶς
1214 861 1295 899 τοῦ
1327 854 1542 911 ἀργυρίου
1574 857 1647 900 καὶ
1676 860 1811 901 τοῦ45

482 927 850 983 ἐπιμετρουμένου
891 927 1014 970 σίτου
1052 927 1233 982 προσήϊε
1276 927 1513 971 ἑπτακόσια
1541 928 1754 972 τάλαντα·

481 999 591 1054 πρὸς
646 997 730 1054 γαρ
791 998 871 1042 δύο

485 1188 554 1229 καὶ
588 1185 781 1242 Κυρήνης
820 1203 860 1228 τε
893 1188 960 1228 καὶ
988 1185 1091 1240 Βάρ-

427 1245 515 1297 κης]
557 1246 623 1284 καὶ
647 1260 725 1283 cum
749 1250 899 1284 recentt.
919 1247 1003 1284 edd.
1025 1247 1092 1283 ad-

426 1304 514 1341 didi.
546 1302 603 1340 Ad
617 1316 692 1340 rem
714 1304 808 1339 conf.
830 1303 890 1350 ΙΙΙ,
917 1304 978 1343 13.
1001 1303 1094 1339 Bar-

426 1360 504 1397 caei
539 1363 576 1396 et
603 1359 806 1408 Cyrenaei,
861 1360 921 1408 qui
953 1364 990 1396 et
1021 1358 1091 1409 ipsi

426 1415 563 1465 Libyes
614 1421 738 1463 erant,
798 1417 898 1464 quod
941 1415 975 1452 h.
1007 1415 1028 1451 Ι.
1069 1428 1092 1452 a

425 1471 583 1521 Libyum
636 1477 748 1521 gente
807 1473 1090 1520 distinguuntur,

427 1528 688 1566 Schlichthorst
720 1528 798 1576 (De
828 1529 917 1565 Her.
948 1529 1088 1576 Geogr.

425 1584 535 1622 Afric.
557 1598 594 1634 p.
618 1586 717 1633 139)
742 1598 804 1622 eos
824 1584 957 1634 Libyes
986 1585 1091 1622 intel-

426 1642 490 1690 ligi
518 1641 616 1687 vult,
658 1642 719 1690 qui
747 1641 1002 1678 Marmaricam
1034 1645 1090 1679 te-

428 1697 589 1743 nuerint,
633 1703 694 1734 aut
725 1698 787 1746 qui
815 1697 991 1746 Libycum
1024 1710 1092 1733 no-

426 1766 537 1800 mum,
565 1766 672 1802 quem
695 1754 833 1799 dicunt,
863 1753 1091 1801 incoluerint,

430 1810 624 1860 Cyrenaeus
643 1815 764 1847 autem
785 1814 822 1847 et
841 1809 1020 1847 Barcaeos
1037 1811 1094 1846 di-

427 1867 459 1903 ci
479 1867 572 1904 cives
604 1872 742 1903 tantum
763 1867 904 1904 urbium
927 1867 1091 1916 Cyrenes

428 1927 464 1960 et
486 1923 630 1960 Barces.
662 1945 718 1950 —
754 1924 795 1960 ln
823 1936 928 1972 seqq.
960 1923 1090 1962 ἐκεκο-

428 1977 571 2030 σμέατο
600 1980 733 2018 retiuui
756 1993 836 2017 cum
858 1979 997 2027 Gaisf.‚
1029 1980 1092 2029 qui

427 2037 569 2073 confert
589 2037 618 2083 1,
641 2040 732 2077 100.
765 2037 830 2083 IX,
853 2038 919 2075 30.

484 2089 607 2143 πάρεξ
641 2095 713 2131 τοῦ
744 2091 788 2131 ἐκ
817 2095 887 2143 τῆς
913 2091 1091 2142 Μοίριος

426 2164 462 2188 κ.
482 2164 514 2186 τ.
533 2147 582 2198 λ.]
614 2150 722 2187 Cous.
744 2149 789 2196 ll,
806 2150 883 2191 149
897 2150 983 2198 ibiq.
995 2153 1090 2186 nott.

428 2206 609 2253 Causam,
651 2219 713 2243 cur
733 2206 789 2242 hic
814 2211 1009 2256 proventus
1036 2204 1090 2241 la-

429 2274 491 2299 cus
511 2261 686 2299 Moeridis
709 2262 887 2300 eximatur
914 2276 935 2300 a
954 2262 1089 2299 tributo

428 2318 614 2354 ordinario
637 2320 673 2355 in
708 2319 802 2367 regis
830 2319 1007 2356 aerarium
1032 2331 1090 2355 re-

427 2374 584 2420 deunte,
625 2374 810 2411 Diodorus
841 2375 947 2411 affert
975 2375 1003 2420 Ι,
1022 2375 1089 2420 52,

427 2437 599 2468 monente
631 2430 784 2476 x'alck.·‚
844 2444 948 2477 cum,
994 2442 1089 2478 quae

427 2499 489 2523 rex
511 2486 671 2536 Aegypti
692 2488 857 2533 fecisset,
898 2499 942 2523 ea
963 2484 1090 2535 Aegy-

429 2543 587 2593 ptiorum
634 2544 681 2579 ad
728 2543 931 2593 exemplum
976 2542 1089 2579 Persa

428 2612 576 2648 quoque
595 2599 722 2636 fecisse
741 2601 924 2649 putandus
947 2599 1003 2636 sit.

483 2651 625 2694 τούτου
650 2670 689 2694 τε
716 2652 767 2705 δή
794 2654 913 2705 χωρὶς
932 2670 965 2693 κ.
986 2669 1017 2692 τ.
1041 2652 1086 2703 λ.]

428 2711 451 2748 i.
471 2724 502 2749 e.
525 2716 667 2761 praeter
696 2712 788 2748 lianc
811 2714 926 2760 igitur
947 2713 1091 2760 argenti

428 2781 594 2804 summam
633 2769 760 2817 (quae
796 2781 845 2805 sc.
887 2782 906 2805 e
938 2767 1087 2818 piscium

427 2831 607 2874 proventu
626 2825 661 2861 in
686 2825 764 2861 lacu
777 2824 954 2862 Moeridis
975 2824 1086 2871 redit)

429 2885 461 2917 et
478 2885 622 2932 praeter
633 2881 873 2932 frumentum,
904 2880 1087 2928 manibus,

938 998 1011 1041 καὶ
1069 997 1174 1041 δέκα
1220 998 1404 1054 μυριάσι
1457 999 1664 1055 Περσέων
1711 1016 1756 1043 τε

1150 1190 1240 1239 quod
1271 1190 1564 1235 ‹lmnetz‘ebantur,
1602 1203 1645 1227 ex
1662 1189 1731 1227 hac
1751 1202 1811 1226 sa-

1150 1249 1272 1296 trapz'a
1295 1249 1520 1296 septingenta
1547 1245 1726 1299 (argenti)
1753 1250 1811 1282 ta·

1149 1304 1270 1348 lenta,
1302 1307 1341 1339 ut
1360 1304 1461 1349 dclvi,
1493 1304 1682 1340 redieruut.
1722 1301 1809 1341 ἔπι-

1149 1359 1419 1411 μετρουμένου
1443 1373 1523 1397 cum
1545 1359 1751 1408 Schweigh.
1773 1362 1811 1396 et

1149 1417 1265 1453 Gaisf.
1304 1417 1390 1454 dedi
1423 1429 1489 1466 pro
1529 1414 1811 1466 μετρουμένου.

1148 1474 1254 1510 Conf.
1274 1477 1367 1509 nott.
1386 1473 1434 1509 ad
1454 1472 1635 1510 Plutarch.
1655 1472 1811 1509 Flamin.

1149 1529 1174 1569 5
1198 1542 1282 1579 pag.
1308 1532 1372 1568 89.

1205 1582 1306 1635 πρὸς
1326 1582 1399 1637 γάρ
1428 1581 1501 1624 δύο
1526 1583 1591 1623 καὶ
1616 1582 1708 1623 δέκα
1725 1599 1759 1623 κ.
1778 1598 1810 1622 τ.

1147 1642 1196 1691 λ.]
1236 1642 1342 1679 Haec
1373 1642 1484 1677 verba
1519 1642 1644 1678 addita
1672 1646 1810 1691 putem,

1149 1704 1187 1734 ut
1215 1699 1377 1747 proxime
1419 1699 1691 1736 antecedentia:
1741 1695 1810 1736 καὶ

1148 1757 1220 1792 τοῦ
1248 1753 1581 1805 ἐπιμετρουμένου
1611 1755 1722 1793 σίτου
1751 1767 1810 1791 ae-

1149 1811 1308 1848 curatius
1339 1811 1572 1861 explicentur.
1621 1807 1720 1859 πρός
1744 1810 1811 1847 ab-

1149 1867 1265 1904 solute
1311 1867 1579 1917 accipiendum:
1651 1869 1808 1916 insuper,

1144 1927 1337 1974 praeterea.
1398 1925 1525 1972 ltaque
1553 1923 1610 1960 hic
1638 1925 1715 1961 fere
1740 1922 1810 1959 loci

1149 1993 1297 2018 sensus:
1327 1985 1474 2030 praeter
1491 1980 1626 2017 tributa
1650 1979 1709 2016 illa
1730 1978 1811 2027 (or-

1149 2037 1289 2073 dinaria
1321 2049 1369 2074 sc.
1396 2042 1509 2085 atque
1541 2041 1757 2087 proventum
1787 2047 1809 2073 e

1146 2093 1224 2130 lacu
1245 2093 1464 2139 Moeridis),
1495 2093 1616 2136 Persis
1635 2093 1671 2130 in
1689 2091 1809 2129 Mem-

1145 2150 1264 2201 phidis
1279 2162 1363 2187 arce
1374 2150 1648 2187 considentibus
1666 2161 1810 2187 eorum-

1147 2219 1219 2256 que
1241 2206 1432 2243 auxiliariis
1461 2206 1706 2244 demetiuntur
1733 2205 1810 2242 sru-
1870 2208 1871 2211 ’

1147 2263 1261 2300 menti
1284 2268 1424 2300 centum
1449 2263 1575 2312 viginti
1606 2262 1702 2300 mille
1722 2274 1810 2312 por-

1146 2319 1264 2355 tiones
1295 2317 1343 2368 (s.
1375 2323 1519 2356 centum
1549 2320 1680 2368 viginti
1712 2317 1808 2354 mille

1147 2375 1349 2411 medimnos
1369 2373 1571 2424 frumenti).
1609 2374 1707 2411 Nam
1727 2386 1808 2411 ver-

1147 2432 1193 2467 ba
1223 2426 1297 2468 6150
1320 2430 1385 2469 καὶ
1417 2429 1511 2469 δέκα
1534 2427 1698 2481 μυριάσι
1725 2442 1808 2467 cum

1151 2487 1385 2535 sequentibus
1413 2486 1601 2538 Περσέων
1630 2501 1669 2525 τε
1705 2489 1807 2525 τοῖσι

1145 2565 1201 2570 -
1229 2542 1548 2593 κατοικημένοισι
1584 2545 1807 2592 coniungere

1145 2599 1292 2635 minime
1320 2600 1450 2636 licebit.
1492 2600 1616 2637 Malim
1648 2600 1806 2638 dativum

1146 2655 1349 2704 intelligere
1371 2669 1581 2703 mensurae,
1617 2669 1644 2693 s.
1667 2657 1806 2706 portio-

1145 2712 1198 2747 nis
1220 2713 1313 2748 inter
1335 2712 1496 2761 singulos
1517 2713 1744 2758 distributae,
1768 2715 1805 2748 et

1144 2769 1192 2803 ad
1251 2768 1555 2820 καταμετρέουσι
1608 2768 1804 2805 subaudire

1146 2827 1277 2872 σῖτον,
1316 2827 1415 2874 quod
1445 2827 1562 2877 ipsum
1591 2824 1679 2862 alias
1700 2824 1806 2860 addi-

1144 2885 1220 2917 tum
1261 2882 1452 2920 invenitur.
1521 2882 1655 2931 Neque
1694 2880 1803 2925 enim,
