1904 3304
504 207 1068 246 MELPOMENE.
1128 209 1189 245 IV.
1404 212 1486 252 311

995 316 1145 372 Πέρην
1175 317 1222 361 δὲ
1254 321 1336 361 τοῦ
1368 318 1506 374 sisti-5
1536 330 1638 357 Trans
1653 331 1815 367 Gerrhum,

14 222 21 255 l

14 262 19 310 l

11 322 19 376 ι
87 326 152 370 20
210 329 376 363 νουσαν
412 316 480 360 ἐπὶ
515 315 715 372 ποταμὸν
746 317 935 372 Γέῤῥον.
1553 364 1684 399 Scythae
1710 367 1785 400 reg„

1790 387 1798 402 7

215 391 297 444 ῥου
336 391 474 431 ταῦτα
515 386 568 442 δὴ
607 387 661 430 τὰ
699 389 947 445 καλεύμενα
986 386 1201 444 Βασιλήϊά
1239 388 1352 442 ἐστι,
1404 390 1479 433 καὶ
1538 398 1586 431 [⁰·
1614 399 1672 437 5362]
1711 402 1760 434 qui
1797 409 1815 427 a

210 458 390 503 Σκύθαι
429 460 474 501 οἷ
507 456 679 513 ἄριστοί
718 477 762 503 τε
792 461 866 504 καὶ
904 464 1121 512 πλεῖστοι,
1166 459 1372 510 καὶτοὺς
1401 459 1478 504 ἄλ-
1536 432 1813 527 ἔξᾎξῑῖιιῖἕξῇῗξξῑξὲῦῑῑ

208 535 311 581 λους
347 531 598 585 νομίζοντες
628 530 813 582 Σκύθας
855 529 1046 582 δούλους
1079 530 1318 586 σφετέρους
1348 528 1474 575 εἶναι.
1535 520 1812 601 {2¹f‘3ffiseg‘035222

182 599 458 658 Ξκατήκουσι
497 601 542 645 δὲ
579 596 725 651 οὗτοι,
766 601 816 646 τὸ
847 603 927 658 μὲν
955 602 1067 656 πρὸς
1097 603 1391 658 μεσαμβρίην,
1433 603 1477 654 ἐς
1532 602 1808 662 εῗξζξξκῖἒζιζξίᾞέ

207 763 272 804 ἐπὶ
317 761 495 816 ποταμὸν
534 762 700 815 Γέῤῥον]
752 765 810 802 De

150 822 284 860 Gerrho
318 823 412 859 conf.
434 822 496 867 lv,
526 823 590 861 20.
615 823 679 861 56.
715 821 809 857 Plin.

148 880 198 916 H.
219 878 267 916 N.
289 878 362 925 lv,
392 881 441 918 12
461 878 574 923 (26):
615 878 806 924 „Gerrhus

148 935 326 973 Basilidas
348 940 384 972 et
403 934 594 972 Nomadas
620 935 807 984 separat.“

149 992 270 1036 Quem
326 991 527 1029 Larcherus
589 989 651 1038 (in
711 990 807 1027 Tab.

148 1049 307 1097 Geogr.)
339 1061 406 1099 pro
437 1046 581 1084 brachio
606 1047 808 1095 Borysthe-

147 1106 202 1141 nis
227 1105 359 1151 habet,
388 1103 591 1141 Danvillius
611 1103 740 1150 (Mein.
760 1104 807 1141 de

145 1161 282 1198 l’Acad.
303 1162 337 1197 d.
358 1162 470 1198 Inscr.
484 1160 627 1196 XXXV
648 1174 685 1210 p.
704 1161 806 1208 581)

146 1231 212 1269 pro
234 1231 276 1255 eo
299 1218 432 1264 fluvio,
476 1218 532 1253 cui
555 1229 651 1254 nunc
673 1230 807 1253 nomen

147 1273 371 1321 Moloszmja
390 1295 406 1301 -
428 1274 530 1310 leodi.
602 1273 641 1309 ln
698 1286 805 1322 quem

147 1331 266 1382 ipsum
286 1332 349 1380 qui
375 1331 493 1366 inssuit
516 1329 692 1376 Tol-malt,
724 1343 805 1367 eum

146 1400 213 1437 pro
237 1387 379 1424 Gerrho
394 1387 519 1424 haberi
542 1388 620 1423 vult
634 1387 807 1424 Gatterer

145 1444 345 1491 (Abhandl.
384 1456 455 1480 von
498 1442 681 1480 Thracien
719 1448 803 1489 etc.,

145 1501 328 1537 iibersetzt
351 1513 384 1536 v.
409 1499 680 1536 Schlichthorst.
710 1500 806 1536 Got-

145 1558 234 1604 ting.
257 1557 376 1596 1800.
395 1558 430 1597 8.
450 1570 486 1606 p.
510 1557 590 1603 19).
636 1555 803 1592 Pluribus

143 1613 191 1650 de
211 1612 280 1649 hoc
294 1613 426 1659 fluvio,
457 1625 611 1661 quocum
634 1612 694 1661 qui
714 1625 804 1649 con-

142 1669 276 1715 veniat,
305 1668 421 1705 nullus
443 1670 518 1705 fere
537 1668 721 1717 hodieque
741 1682 800 1706 re-

141 1726 325 1776 periatur,
368 1726 533 1775 disputat
554 1725 710 1762 Rennel.
733 1725 755 1762 l.
777 1724 800 1761 l.

140 1794 226 1833 pag.
249 1781 353 1828 407,
384 1782 481 1819 cuius
503 1786 719 1830 argumenta
745 1795 801 1819 re-

141 1839 251 1889 petiit
288 1837 383 1874 Miot
413 1839 461 1875 ad
489 1838 523 1874 h.
551 1838 573 1875 l.
617 1838 799 1875 Gerrhum

143 1895 239 1932 enim
270 1900 307 1932 et
334 1896 413 1944 ipse
442 1894 525 1931 olim
558 1895 797 1944 Borysthenis

142 1950 328 1987 brachium
367 1951 479 1988 fuisse
519 1952 723 2002 suspicatur
760 1952 797 1988 in

142 2005 309 2043 Maeotin
342 2020 381 2044 se
423 2020 643 2044 exonerans:
700 2009 799 2056 quod

142 2067 263 2100 tamen
276 2093 287 2111 ‚
316 2063 545 2112 Borysthene
565 2064 612 2100 ad
631 2064 799 2102 occiden-

143 2124 217 2157 tem
248 2121 364 2168 magis
394 2121 584 2169 magisque
611 2134 799 2168 converso,

139 2175 317 2226 paulatim
344 2178 439 2225 aqua
471 2177 637 2214 detracta
667 2178 717 2213 ita
738 2190 800 2214 ex-

142 2233 313 2269 siccatum
330 2233 457 2280 fuerit,
496 2239 534 2270 ut
554 2234 600 2270 ad
620 2246 719 2271 mare
739 2248 799 2270 us-

141 2302 212 2338 que
231 2290 421 2340 pervenire
444 2290 597 2339 amplius
617 2303 691 2327 non
709 2304 797 2341 pos-

142 2350 225 2392 set,
274 2347 340 2383 sed
375 2347 411 2382 in
448 2347 620 2396 paludeS,
672 2346 797 2396 quales

141 2402 336 2439 etiamnum
349 2403 397 2439 ibi
407 2404 646 2453 reperiantur,
659 2404 799 2441 demer-

142 2463 299 2506 geretur.
341 2459 439 2503 Quin
458 2459 640 2509 hodieque
660 2473 704 2497 eo
724 2461 797 2498 fer-

142 2527 200 2550 me
220 2513 319 2562 loeo,
356 2528 429 2565 quo
448 2516 629 2553 Gerrhum
650 2518 741 2553 mari
758 2529 798 2554 se

144 2570 326 2609 miscuisse
359 2572 529 2610 credibile
562 2574 628 2621 sit,
675 2573 796 2623 plures

143 2627 294 2663 inveniri
324 2628 476 2676 rivulos,
521 2630 558 2666 in
590 2629 705 2667 lacum
731 2642 797 2667 an-

143 2686 289 2731 gustum
318 2683 533 2723 Molocznoe
557 2688 796 2734 confluentes,

143 2751 250 2787 quem
269 2739 352 2776 olim
371 2753 450 2777 cum
468 2743 577 2779 maris
598 2756 672 2780 non
690 2743 796 2780 valde

142 2796 275 2832 remoti
292 2796 373 2833 sinu
388 2799 547 2845 quodam
564 2799 795 2837 coniunctum

141 2852 252 2890 fuisse
276 2853 463 2903 probabile
493 2855 549 2894 sit.
609 2855 792 2895 Mannert.

867 764 918 800 JV
934 777 969 814 p.
990 766 1044 805 96
1076 765 1223 802 fluvium
1247 765 1422 803 Calmz'um
1448 777 1531 803 esse

867 821 1040 857 Gerrhum
1092 824 1242 867 statuit3
1301 835 1367 872 pro
1418 823 1528 859 fluvio

867 876 1132 927 Molotsclmyz'a
1146 878 1257 915 habet
1265 879 1460 916 Reichard.
1473 878 1493 915 l.
1507 878 1527 915 Ι.

863 946 950 983 pag.
976 934 1053 979 51,
1092 947 1160 983 pro
1182 935 1312 979 fluvio,
1352 936 1412 983 qui
1433 947 1528 972 nunc

865 997 1013 1027 vocetur
1030 989 1223 1027 Moloczna
1256 991 1333 1041 (qui
1354 992 1450 1028 idem
1471 996 1528 1028 at-

864 1059 936 1095 que
955 1046 1245 1096 Molotschnyia)
1257 1076 1269 1094 ,
1300 1048 1435 1096 quique
1453 1052 1528 1084 tam

863 1116 979 1153 prope
997 1105 1176 1141 accedens
1189 1106 1235 1141 ad
1246 1105 1526 1153 Borysthenem,

864 1165 903 1196 ut
925 1173 993 1210 pro
1022 1173 1094 1197 uno
1123 1162 1198 1198 eius
1226 1161 1372 1198 brachio
1400 1160 1526 1197 haberi

864 1217 999 1266 possit,
1035 1217 1071 1253 in
1093 1216 1262 1254 Maeotin
1285 1219 1435 1264 influat,
1460 1217 1526 1254 ha-

865 1274 929 1310 bet
951 1272 1118 1311 Vtilcker.
1140 1274 1162 1310 l.
1184 1275 1205 1311 l.
1231 1288 1316 1324 pag.
1340 1275 1418 1314 176
1447 1286 1523 1323 seq.

862 1329 912 1366 At
941 1330 1074 1366 Gerrln'
1105 1333 1304 1378 regionem,
1345 1331 1438 1367 infra
1460 1330 1524 1377 IV,

864 1386 916 1426 53
941 1392 1259 1424 commemoratam
1287 1400 1362 1424 non
1387 1387 1457 1423 nisi
1474 1387 1524 1423 ad

861 1443 1129 1490 Borysthenem
1162 1445 1383 1494 superiorem
1409 1456 1524 1492 quae-

861 1499 1013 1536 rendam
1067 1513 1148 1537 esse
1195 1505 1320 1538 censet
1364 1500 1523 1537 Heeren.

860 1554 972 1592 Ideen
993 1559 1062 1593 etc.
1084 1556 1114 1602 Ι,
1138 1561 1164 1598 2
1184 1569 1268 1606 pag.
1284 1557 1386 1601 2753
1410 1569 1520 1605 quam

860 1611 1044 1649 Mannert.
1064 1612 1115 1648 IV
1132 1626 1168 1662 p.
1188 1615 1242 1653 80
1261 1612 1413 1649 collocat
1430 1626 1517 1662 pro-

858 1680 906 1718 pe
926 1669 1051 1706 urbem
1063 1669 1168 1706 Kiew
1189 1670 1294 1719 eique
1309 1670 1518 1719 oppositam

860 1730 895 1761 et
928 1724 1038 1775 paulo
1076 1726 1191 1775 magis
1231 1727 1517 1776 septentrionem

856 1794 981 1818 versus
1001 1788 1216 1832 porrectam.
1248 1783 1325 1820 Sed
1347 1782 1407 1821 Tu
1422 1783 1518 1821 conf.

855 1842 950 1874 nott.
972 1840 1021 1875 ad
1045 1838 1106 1885 lV,
1131 1838 1196 1879 53.

1078 1894 1184 1946 Cap.
1214 1896 1296 1931 XX.

912 1952 1035 1988 ταῦτα
1061 1947 1109 2001 δή
1133 1949 1180 1989 τοὶ
1200 1947 1423 2002 καλεύμενα
1440 1953 1518 1989 Βα-

858 2003 990 2057 &amirei
1019 2006 1111 2057 ἐστι]
1158 2009 1374 2057 intelligitur
1393 2021 1437 2045 ea
1459 2021 1518 2045 re-

855 2065 938 2112 gi0,
975 2077 1085 2112 quam
1104 2067 1216 2113 regii,
1246 2065 1307 2114 qui
1331 2069 1518 2110 vocantur,

858 2119 1016 2169 Scythae
1054 2122 1244 2167 obtinent,
1296 2122 1343 2157 de
1384 2121 1516 2169 quibus

856 2177 949 2214 conf.
970 2177 1033 2223 IV,
1053 2180 1092 2217 6.
1124 2179 1223 2216 Add.
1247 2177 1452 2214 Tzschuck.
1465 2178 1515 2213 ad

856 2233 944 2271 Mel.
969 2233 1014 2280 ll,
1040 2237 1057 2273 1
1079 2239 1172 2274 nott.
1194 2247 1326 2283 exegg.
1346 2246 1431 2283 pag.
1459 2233 1512 2274 53

854 2302 931 2339 seq.
952 2290 1032 2326 Vol.
1056 2290 1105 2327 ΙΙΙ
1124 2290 1165 2327 P.
1187 2291 1231 2327 ll.
1263 2293 1314 2327 Ac
1334 2290 1512 2327 Niebuhr.

856 2346 1083 2384 Vermischte
1103 2347 1198 2384 Hist.
1220 2347 1368 2384 schrift.
1390 2347 1404 2383 I
1425 2359 1512 2397 pag.

854 2404 961 2450 360,
991 2403 1047 2440 hic
1071 2404 1308 2452 cogitandum
1333 2408 1441 2454 putat
1467 2404 1513 2440 de

853 2460 1005 2509 regione
1052 2460 1219 2497 orientali
1269 2461 1513 2506 desertorum,

854 2529 948 2565 quae
976 2522 1060 2553 sunt
1084 2518 1175 2554 circa
1196 2518 1345 2554 fluvium
1363 2516 1512 2554 Donetz

853 2574 900 2610 ad
926 2572 1151 2610 Maeotidem
1190 2587 1307 2622 usque
1345 2577 1514 2623 porrecta

852 2630 1011 2679 itemque
1035 2631 1072 2667 in
1096 2631 1176 2680 ipsa
1195 2630 1364 2668 Taurica.
1412 2629 1513 2666 Illum

853 2688 948 2724 enim
975 2688 1144 2734 fluvium,
1171 2687 1216 2724 ab
1238 2687 1376 2724 oriente
1395 2686 1515 2735 Bory—

851 2743 988 2782 sthenis
1027 2743 1278 2791 delabentem,
1325 2756 1407 2780 cum
1449 2743 1515 2779 Ol-

852 2800 1051 2850 biopolitae
1079 2813 1146 2850 pro
1176 2799 1416 2849 Borysthenis
1446 2799 1509 2835 ha-

851 2857 998 2895 buerint
1017 2857 1183 2905 brachio,
1213 2856 1318 2894 facile
1343 2855 1425 2892 oriri
1444 2867 1511 2905 po-
