1904 3304
473 230 558 270 356
870 224 1346 263 HERODOTI

140 344 222 370 num,
239 335 421 368 Phoenicen,

142 357 423 405 ,ψ’ωημωιπει,
479 334 643 393 κομένη
680 331 904 390 Ἀσσυρίη,
953 333 1028 376 καὶ
1074 331 1161 376 ἄπο
1210 332 1436 416 Ἀσσυρίης
1486 330 1513 388 ἡ
1552 330 1744 386 Ἀραβίη

143 412 222 437 ''³¹¹'’
241 391 419 438 ΛέἕΥΡωω·
450 406 602 463 Ξλήγει
640 403 686 447 δὲ
727 403 837 459 αὕτη
875 401 960 459 (οὐ
999 403 1195 459 λήγουσα
1226 405 1261 447 εἰ
1301 403 1358 460 μὴ
1393 402 1546 459 νόμῳ)
1588 401 1630 452 ἐς
1671 399 1806 443 τὸυ50

479 476 648 520 κόλπον
678 474 754 517 τὸν
780 471 1004 529 Ἀράβιον,
1048 474 1090 525 ἐς
1127 473 1204 516 τὸν
1234 479 1426 528 Δαρεῖος
1455 474 1501 517 ἐκ
1535 477 1615 516 τοῦ
1647 472 1747 515 Νεί-

451 555 566 591 3λου
608 545 803 600 διώρυχα
842 544 1035 600 ἐσήγαγε.
1105 544 1246 599 Μέχρι
1292 544 1372 599 μέν
1413 561 1497 587 νυν
1540 544 1749 598 Φοινίκης

482 616 569 661 ἀπὸ
602 618 830 671 Περσέων,
871 621 1010 672 χῶρος
1047 615 1212 666 πλατύς
1250 615 1323 658 καὶ
1361 614 1522 666 πολλός
1552 615 1658 659 ἐστι·
1699 613 1747 656 τὸ

427 785 545 823 usque
570 770 856 823 septentrionem
877 780 1002 805 versus
1027 780 1088 805 ex—

427 837 578 874 tensae3
615 840 724 878 quam
740 839 819 863 cum
840 825 1088 874 angustiorem

426 886 595 923 habuerit
642 883 855 921 Herodotus
897 882 1089 930 sinumque

427 943 611 980 Persicum
633 946 745 989 atque
764 938 956 975 Arabicum
977 938 1086 974 nimis

427 999 496 1035 sibi
525 996 852 1048 appropinquarit,
882 994 927 1030 ab
956 994 1088 1031 erroris

427 1055 635 1105 suspicione
660 1053 718 1089 ille
749 1064 820 1088 non
845 1050 1090 1087 absolvendus

429 1112 521 1158 erit,
553 1116 592 1147 ut
621 1109 745 1146 statuit
768 1108 948 1155 Rennel.‚
981 1107 1092 1143 subii-

430 1168 530 1204 ciens
570 1167 667 1203 hunc
706 1176 865 1202 errorem
902 1163 956 1199 vel
988 1163 1092 1199 Plinii

432 1224 498 1271 (cs.
526 1222 622 1258 Hist.
653 1220 740 1258 Nat.
764 1220 835 1267 Vl,
868 1220 938 1267 28)
969 1223 1094 1256 aetate

430 1279 548 1317 adhuc
568 1278 761 1315 exstitisse

487 1330 597 1386 ληγει
637 1331 679 1372 δὲ
710 1328 836 1381 αὕτη]
881 1326 983 1380 αὕτη
1015 1342 1096 1397 cum

431 1396 583 1429 recentt.
617 1390 705 1427 edd.
732 1388 852 1438 recepi
882 1401 948 1438 pro
979 1381 1095 1436 αὐτή.

433 1448 542 1492 Quae
563 1450 764 1496 sequuntur
786 1445 915 1481 verba:
958 1439 1007 1481 οὕ
1028 1439 1098 1492 λη’-

435 1515 562 1556 γουσα
583 1502 618 1541 εἰ
635 1518 686 1552 μη
711 1497 820 1553 νίμῳ
834 1531 844 1547 ,
875 1513 898 1537 a
916 1499 1096 1536 nonnullis

437 1560 530 1597 male
557 1558 758 1603 intellecta,
790 1570 871 1593 cum
893 1556 1097 1604 Schweigh.

438 1617 490 1654 sic
506 1615 737 1665 interpretari
756 1613 896 1650 malim:
936 1626 1003 1648 non
1023 1624 1100 1648 vere

438 1672 579 1723 quidem
617 1672 702 1719 (ait)
739 1682 835 1706 oram
868 1669 1024 1706 desinere
1055 1681 1099 1705 eo

439 1730 543 1775 loco,
573 1729 636 1765 ubi
668 1728 768 1764 sinus
788 1725 965 1762 Arabicus
988 1726 1101 1762 inter-

438 1787 536 1823 iecto
564 1784 698 1821 isthmo
726 1796 747 1820 a
774 1783 863 1820 mari
888 1782 1102 1819 mediterra-

439 1855 511 1879 neo
530 1846 722 1892 separatur
735 1868 744 1884 ‚
775 1840 840 1877 sed
860 1852 903 1875 ex
926 1852 993 1874 usu
1013 1850 1103 1874 rece—

440 1901 504 1949 pto
558 1901 701 1934 tantum
756 1896 958 1945 loquendive
1011 1908 1102 1931 more

443 1949 600 2006 (νόμῳ)
652 1953 722 1989 illic
762 1953 930 1990 desinere
968 1952 1101 2002 putari,

442 2024 524 2048 cum
545 2023 673 2048 revera
690 2009 762 2046 illic
774 2022 849 2046 non
861 2010 1020 2055 desinat,
1037 2009 1103 2045 sed

443 2067 592 2105 ulterius
621 2079 840 2116 progressa,
872 2078 938 2116 per
959 2077 1103 2102 omnem

443 2124 676 2161 continuetur
725 2120 908 2167 Africam3
966 2122 1019 2158 ita
1065 2126 1106 2158 ut

446 2181 555 2217 etiam
578 2179 712 2225 Africa,
735 2192 829 2228 quae
848 2178 1005 2215 Arabico
1025 2178 1104 2214 sinu

445 2237 492 2272 ab
510 2234 598 2272 Asia
617 2235 803 2272 terminari
823 2235 932 2284 vulgo
951 2235 1106 2282 dicatur,

447 2305 573 2328 verum
611 2292 641 2327 si
679 2304 854 2340 quaeras,
895 2304 961 2341 pro
1000 2291 1105 2327 huius

446 2347 594 2385 alterius
635 2360 722 2384 orae
762 2348 838 2384 sive
872 2347 1107 2397 paeninsulae

449 2408 555 2454 parte
573 2404 732 2452 quadam
751 2404 1022 2451 quodammodo
1041 2404 1107 2440 ha-

447 2460 524 2497 beri
554 2460 700 2497 debeat.
760 2459 840 2495 Usu
866 2465 1005 2496 tantum
1039 2460 1107 2497 hoc

446 2521 634 2566 receptum
661 2528 741 2553 esse
767 2529 809 2551 ac
830 2516 1002 2565 loquendi
1020 2529 1107 2552 con-

446 2573 660 2618 suetudine,
699 2577 737 2608 ut
769 2572 830 2608 illa
858 2585 922 2608 ora
953 2573 1106 2609 Arabico

447 2630 527 2665 sinu
557 2629 627 2665 iam
650 2628 843 2665 terminata
865 2630 1106 2675 existimetur,

449 2697 529 2721 cum
560 2697 707 2731 revera,
738 2684 880 2733 longius
899 2697 1108 2734 progressa,

449 2753 593 2777 omnem
613 2739 792 2787 Africam,
822 2754 930 2790 quam
952 2742 997 2777 ab
1022 2741 1108 2777 Asia

449 2796 558 2846 vulgo
584 2801 812 2848 separatam,
843 2798 990 2834 tertiam
1010 2797 1109 2833 orbis

448 2856 625 2890 terrarum
681 2854 905 2891 constituant
952 2858 1107 2904 partem,

1146 766 1444 817 comprehendat.
1485 767 1604 810 Quem
1633 765 1701 802 loci
1721 777 1804 802 sen-

1146 837 1225 860 sum
1247 824 1476 860 Dahlmanno
1505 835 1653 871 quoque
1674 821 1808 872 proba-

1146 886 1221 917 tum
1271 879 1432 927 (Herod.
1474 892 1560 929 pag.
1600 877 1674 926 84)
1715 878 1809 914 bene

1146 937 1324 987 expressit
1344 935 1488 984 Lange,
1520 937 1680 983 itemque
1701 933 1810 977 Miot‚

1146 994 1239 1030 alter
1287 992 1414 1028 Gallus
1460 993 1637 1041 interpres
1685 989 1809 1039 (‚,non

1144 1063 1213 1099 pas
1256 1050 1479 1095 re‘ellemeut,
1517 1050 1607 1084 mais
1639 1059 1710 1097 par
1743 1058 1811 1082 une

1149 1109 1240 1142 sorte
1284 1106 1326 1142 ‹Ie
1375 1107 1577 1141 conventam
1615 1102 1809 1153 adoptffl)

1151 1167 1188 1199 et
1208 1162 1317 1198 ltalus
1348 1163 1546 1212 interpres:
1577 1160 1691 1207 (,‚ma
1717 1159 1811 1195 sola-

1151 1222 1262 1254 mente
1299 1219 1442 1254 secondo
1477 1218 1513 1253 la
1549 1219 1711 1253 consueta
1739 1217 1812 1264 ope·-

1153 1277 1342 1322 m'otze“),
1373 1274 1753 1322 Scliweighaeuserum
1776 1276 1814 1308 et

1153 1333 1232 1382 ipse
1275 1335 1431 1368 secutus.
1464 1351 1519 1357 —
1559 1329 1665 1366 Valet
1700 1329 1815 1377 igitur

1154 1384 1265 1441 νόμῳ
1287 1389 1386 1425 idem
1407 1388 1484 1423 sere
1503 1386 1604 1435 quod
1623 1387 1680 1436 τῷ
1697 1399 1813 1423 νενο-

1156 1443 1315 1496 μισμέν
1303 1459 1354 1489 ω,
1392 1448 1430 1480 ut
1462 1443 1515 1489 ll,
1550 1446 1614 1483 17.
1646 1428 1717 1488 l‘V,
1747 1441 1813 1482 45.

1155 1500 1234 1538 Nec
1268 1473 1371 1537 aliter
1397 1495 1521 1548 τόμος
1553 1500 1599 1535 de
1636 1497 1814 1535 communi

1155 1557 1339 1594 hominum
1385 1557 1555 1606 opinione
1602 1555 1638 1591 in
1674 1555 1814 1591 Platon.

1156 1613 1314 1651 Phaedr.
1354 1626 1388 1662 p.
1417 1614 1494 1651 231
1532 1610 1600 1657 D.,
1645 1611 1703 1647 ubi
1743 1610 1815 1646 vid.

1156 1670 1351 1707 Heindorf.
1372 1682 1407 1718 p.
1421 1670 1502 1709 203
1525 1673 1563 1705 et
1575 1667 1652 1704 Ast.
1672 1681 1706 1717 p.
1721 1668 1817 1707 238.

1214 1725 1253 1771 ἐς
1272 1722 1340 1764 τὸν
1366 1728 1595 1774 Λαρεῐος-
1628 1720 1816 1774 ἐσήγαγε]

1158 1783 1264 1819 Haec
1305 1782 1416 1818 verba
1452 1781 1537 1818 ideo
1581 1780 1668 1816 addi
1714 1783 1821 1830 putat

1158 1838 1380 1876 Dahlmann.
1434 1837 1576 1875 Herod.
1624 1849 1710 1887 pag.
1749 1835 1818 1881 85,

1161 1895 1261 1945 quod
1296 1894 1365 1931 hoc
1399 1893 1536 1941 canali,
1575 1905 1647 1942 quo
1671 1892 1819 1929 rubrum

1160 1964 1261 1989 mare
1301 1964 1381 1988 cum
1425 1951 1694 1988 mediterraneo
1730 1947 1821 1986 mari

1159 2008 1411 2056 coniungitur,
1468 2008 1614 2055 integra
1667 2004 1821 2043 efficitur

1160 2063 1386 2115 paeninsula.
1431 2064 1491 2102 De
1521 2065 1601 2113 ipso
1627 2062 1731 2100 Darii
1762 2073 1821 2098 ca-

1161 2120 1233 2158 nali
1273 2121 1430 2158 diximus
1461 2120 1508 2157 ad
1535 2120 1590 2166 ll,
1633 2118 1723 2159 158·
1779 2117 1820 2153 ln

1165 2178 1330 2228 proxime
1349 2176 1540 2214 antecedd.
1559 2177 1674 2212 sinum
1691 2174 1822 2210 Arabi-

1163 2246 1239 2271 cum
1297 2245 1469 2282 expresse
1516 2230 1822 2275 commemoravit,

1162 2303 1270 2340 quem
1315 2289 1402 2326 alias
1438 2288 1556 2325 latiori
1584 2282 1693 2323 minis
1721 2287 1824 2322 rubri

1162 2346 1406 2396 appellatione
1427 2343 1715 2395 comprehendit.
1760 2343 1821 2380 Cf.

1162 2402 1435 2438 Schlichthorst.
1466 2414 1501 2451 p.
1541 2403 1601 2441 18.
1656 2400 1821 2449 Breiger.

1162 2458 1185 2496 l.
1206 2458 1228 2494 l.
1248 2470 1332 2509 pag.
1356 2460 1405 2497 13
1428 2470 1505 2506 seq.

1219 2517 1346 2565 χώρος
1382 2510 1530 2559 πλατυς
1559 2528 1626 2550 και
1656 2508 1819 2560 πολλός]

1164 2571 1231 2607 Est
1257 2584 1321 2618 retO
1309 2571 1359 2605 ἰο
1388 2569 1497 2619 plana
1529 2571 1689 2618 itemque
1712 2568 1822 2617 longe

1163 2600 1321 2675 latequeO
1334 2632 1474 2676 patens.
1516 2627 1577 2663 Sic
1606 2627 1678 2671 IV,
1720 2627 1821 2665 109:

1164 2683 1281 2731 λίμνη
1302 2678 1449 2732 μεγάλη
1473 2697 1512 2721 τε
1531 2681 1596 2721 καὶ
1616 2676 1822 2730 πολλή.-

1165 2736 1230 2777 διά
1251 2740 1369 2788 τῆσδε
1390 2742 1461 2788 τῆς
1482 2736 1688 2788 θαλάσσης
1718 2737 1767 2783 ,,ἱ.
1791 2748 1822 2773 e·

1165 2796 1362 2832 secundum.
1403 2797 1510 2832 Conf.
1533 2795 1702 2845 Thucyd.
1721 2794 1746 2840 l,
1768 2794 1820 2833 63

1165 2857 1203 2889 et
1233 2852 1404 2890 Abresch.
1433 2852 1616 2889 Dilucidd.
1654 2848 1821 2897 Thucyd.
