1904 3304
406 201 491 242 634
802 201 1269 241 HERODOTI

404 313 568 366 βρωται
598 308 622 351 ὁ
652 310 822 361 πρῶτος
850 310 1041 363 καρπός,
1079 310 1154 354 καὶ
1184 309 1208 354 ὁ
1239 316 1481 363 τελευταῖος
1511 324 1675 367 συμπα-

405 383 638 436 ραγίνεται.
675 376 790 421 οὕτω
814 377 883 422 ἐπ’
916 380 1029 424 ὀκτώ
1054 386 1195 438 μῆνας
1218 384 1494 438 Κυρηναίους
1515 381 1699 440 όπώρηι

401 452 549 508 ἐπέχει.
613 453 763 493 Ταῦτα
794 450 873 505 μέν
903 469 987 495 νυν
1016 453 1085 496 ἐπὶ
1114 456 1328 497 τοσοῦτον
1357 453 1560 509 εἰρήσθω.

244 530 344 574 200
515 524 569 565 05
607 521 652 564 δὲ
695 523 929 577 Φερετίμης
967 525 1149 578 τιμωροὶ
1189 524 1378 577 Πέρσαι,
1419 523 1508 567 ἐπεί
1543 540 1587 567 τε
1626 523 1673 567 ἐκ

70 593 193 653 Ρξξζῖξζ,
213 594 351 656 ξ’,ξζξξιῑζῖζζῑ
409 598 484 650 τῆς
505 592 734 649 Αἰγύπτου
763 592 986 644 σταλέντες
1007 594 1095 638 ὑπὸ
1125 598 1204 638 τοῦ
1221 593 1469 648 Ἀρυάνδεω
1491 593 1674 638 ἀπίκατο

72 661 348 736 gffi‘i'ca'grfflfffi}
405 665 449 716 ἐς
479 664 556 720 τὴν
587 661 788 720 Βάρκην,
820 663 1101 719 ἐπολιόρκεον
1130 664 1212 722 τήν
1241 665 1389 717 πόλιν,
1424 664 1672 720 ἐπαγγελλό-

70 728 171 797 Ιῦᾞῑῗξῗ
189 731 353 800 (Ιί,ζ“ο,,“ξ’,ἓξζ
411 753 535 792 μενοι
564 736 785 779 ἐκδιδόναι
815 734 919 785 τοὺς
949 737 1113 786 αἰτίους
1141 736 1222 779 τοῦ
1253 736 1398 791 φόνου
1427 739 1507 779 τοῦ
1531 734 1702 790 Ἀρκε-6

71 800 351 866 ξῗξὴζξῌὲξζὶξε,“ε”
413 811 564 852 σίλεω·
611 810 699 850 τῶν
739 806 809 858 δὲ,
847 810 936 850 πᾶν
966 806 1048 862 γαρ
1078 803 1134 863 ἦν
1162 806 1212 850 τό
1242 811 1411 863 πλῆθος
1443 807 1676 862 μεταίτιον,

379 877 497 922 Ξοῦκ
527 877 728 921 ἐδέκοντο
759 877 866 930 τούς
898 877 1069 934 λόγους.
1117 878 1312 923 ἐνθαῦτα
1334 878 1379 922 δὲ
1398 877 1677 932 ἐπολιόρκεον

405 947 486 1005 τὴν
506 947 684 1005 Βάρκην
701 949 767 992 ἐπὶ
787 953 928 1006 μῆνας
948 948 1094 1001 ἐννέα,
1126 949 1389 1004 ὀρύσσοντες
1417 965 1461 992 τε
1482 947 1674 1004 ὀρύγμα-
1691 954 1734 987 10

404 1037 459 1063 τα
493 1018 685 1074 ὑπόγαια
727 1021 921 1077 φέροντα
955 1019 998 1071 ἐς
1037 1020 1086 1063 τό
1125 1026 1282 1078 τεῖχος,
1325 1021 1401 1065 καὶ
1427 1017 1676 1076 προσβολὰς

378 1090 625 1146 3καρτεροὶς
645 1090 908 1146 ποιεύμενοι.
938 1091 991 1134 τοὶ
1009 1090 1089 1147 μέν
1105 1108 1189 1135 νυν
1211 1089 1436 1146 ὀρύγματα
1455 1090 1562 1147 ἀνὴρ
1576 1093 1675 1146 χαλ-

401 1162 502 1213 κεύς
523 1161 680 1218 ἀνεῦρε
696 1161 912 1219 ἐπιχάλκῳ
935 1160 1087 1206 ἀσπίδι
1105 1157 1190 1207 ὦδε
1209 1161 1524 1217 ἐπιφρασθείς·
1555 1176 1677 1216 περι·

1737 663 1821 704 369

570 1317 681 1367 Cap.
712 1317 791 1356 CC.

406 1372 458 1411 Οἱ
475 1370 515 1411 δὲ
539 1374 757 1423 Φερετίμης
783 1371 948 1425 τιμωροὶ
976 1388 1012 1411 κ.

347 1445 379 1468 τ.
416 1428 474 1480 λ.]
518 1430 594 1467 Iam
629 1429 770 1468 Noster
808 1443 1014 1468 sermonem

346 1487 458 1535 longa
502 1487 746 1538 interruptum
785 1487 1014 1536 digressione

350 1544 436 1580 inde
474 1556 495 1580 a
537 1556 617 1593 cap.
649 1543 742 1584 165.
773 1546 851 1585 167
893 1544 1013 1581 denuo

350 1600 524 1649 suscipit,
572 1600 845 1650 expeditionem
882 1600 1014 1637 Persa-

350 1669 429 1693 rum
460 1661 586 1693 contra
606 1657 759 1693 Baream
791 1654 906 1707 (quae
934 1657 1013 1706 ipsa

351 1725 477 1749 ansam
508 1713 661 1749 dederat
690 1713 905 1761 digressioni
931 1713 1014 1749 huic

350 1770 399 1805 de
425 1768 535 1805 rebus
562 1768 728 1817 Libycis)
769 1773 1012 1806 enarraturus.

349 1846 406 1853 ·—-
435 1824 494 1861 Ad
511 1826 661 1861 verbum
683 1822 1011 1877 ἐπαγγελλόμενοι

349 1881 444 1918 conf.
485 1893 580 1929 quae
613 1882 659 1917 ad
681 1882 753 1929 lv,
786 1884 864 1921 119
885 1886 1013 1918 notata

351 1942 438 1974 sunt
460 1941 508 1986 et,
538 1938 637 1986 quod
654 1938 701 1973 ad
721 1939 837 1989 ipsam
857 1950 933 1974 rem
954 1941 1011 1973 at-

349 1995 462 2041 tinet,
499 1994 571 2031 vid.
601 1994 672 2041 IV,
707 1997 800 2036 167.
845 1994 1012 2031 Structu-

349 2063 426 2087 ram
470 2051 663 2087 verborum
705 2064 807 2100 seqq.
845 2053 928 2088 ταῖν
968 2047 1011 2088 δὲ

347 2109 430 2145 πᾶν
448 2103 521 2158 γαρ
540 2101 592 2157 ἦν
612 2122 646 2145 κ.
660 2110 731 2145 τ.λ.
748 2108 868 2155 attigit
881 2106 1009 2143 Matth.

347 2164 413 2201 Gr.
439 2164 505 2200 Gr.
535 2178 570 2214 p.
593 2165 711 2206 1242.
733 2186 790 2191 —
817 2164 876 2201 Ad
899 2164 1012 2200 verba

349 2218 524 2269 φέροντα
553 2219 594 2267 ἐς
620 2217 661 2272 τὸ
679 2224 804 2271 τεῖχος
828 2220 922 2264 conf,
947 2219 1011 2266 111,

352 2279 430 2317 117
454 2277 579 2325 ibique
599 2270 690 2314 hott.

406 2328 511 2382 α’·νήρ
547 2330 712 2383 χαλκεύς
752 2328 894 2384 ἇνεῦρε
927 2331 1011 2371 ἔπι-

348 2384 476 2440 χάλκῳ
500 2385 663 2440 α’σπίδι]
694 2389 876 2427 Nimirum
909 2390 1012 2427 saber

347 2448 506 2484 aerarius
526 2459 639 2484 aeneo
657 2451 758 2483 scuto
779 2446 845 2483 hos
866 2446 1012 2483 cunicu-

348 2504 401 2540 los
431 2515 454 2539 a
476 2502 596 2540 Persis
626 2503 673 2540 ad
703 2503 883 2540 diruenda
911 2516 1011 2541 moe-

353 2560 414 2597 nia
444 2560 560 2596 factos
593 2560 743 2597 detexit.
804 2560 877 2596 Ubi
908 2554 1010 2610 οἷνήρ

353 2617 482 2653 eodem
507 2617 618 2653 modo
640 2617 828 2662 additum,
858 2629 931 2664 quo
951 2630 1012 2653 su-

353 2685 419 2723 pra
439 2673 506 2718 lv,
542 2671 619 2715 194
649 2677 686 2710 et
707 2673 805 2722 apud
823 2673 913 2709 Aen.
934 2672 1011 2709 'l'a-

352 2729 430 2766 ctic.
457 2731 524 2775 37,
557 2730 619 2766 ubi
640 2730 768 2767 eadem
790 2741 860 2775 reS,
890 2730 937 2766 ad
957 2729 1013 2765 in-

351 2785 530 2823 cunabula
545 2787 631 2823 artis
645 2785 887 2823 cuniculorum
900 2798 1013 2834 agen-

352 2842 480 2879 dorum
519 2844 674 2880 maxime
711 2842 921 2893 pertinens,
968 2856 1011 2881 ex

1069 1317 1148 1367 ipso
1167 1316 1358 1354 Herodoto
1384 1316 1512 1353 iisdem
1539 1327 1734 1366 propemo-

1071 1375 1157 1411 dum
1192 1378 1382 1411 enarratur
1409 1373 1539 1410 verbis.
1595 1371 1628 1408 E
1658 1383 1732 1421 quo

1072 1431 1201 1468 eodem
1224 1429 1343 1467 retulit
1364 1429 1533 1466 Eustath.
1555 1429 1603 1466 ad
1624 1427 1663 1464 ll.
1683 1422 1732 1474 ν’,

1070 1501 1107 1537 p.
1140 1488 1245 1534 918,
1274 1488 1324 1525 21
1361 1499 1389 1522 5.
1420 1487 1524 1532 883,
1555 1485 1609 1524 42
1635 1488 1672 1522 et
1692 1497 1731 1534 p.

1070 1544 1176 1589 436,
1207 1542 1260 1584 35
1283 1555 1311 1578 s.
1331 1544 1408 1582 331
1433 1542 1516 1589 fin.,
1549 1541 1730 1579 Herodoti

1071 1595 1275 1650 ὀρύγματα
1285 1593 1463 1648 ’ὑπόγαια
1478 1610 1611 1634 vocans
1629 1591 1731 1636 ὑπό-

1070 1670 1196 1705 νομον
1226 1669 1257 1692 5.
1276 1655 1466 1691 cunz'culos.
1509 1652 1591 1690 Alio
1620 1653 1730 1690 modo

1071 1712 1141 1759 (ait
1160 1712 1354 1757 Valcken.)
1389 1711 1567 1748 Demetrii
1583 1710 1729 1747 cunicu-

1069 1769 1178 1805 larios
1208 1769 1368 1813 Rhodii,
1411 1768 1600 1805 Romanos
1628 1765 1731 1803 fefel-

1070 1825 1189 1862 lerunt
1210 1823 1478 1870 Ambraciotae,
1500 1824 1598 1873 apud
1617 1821 1729 1859 Diod.

1069 1882 1160 1928 XX,
1189 1880 1254 1921 94.
1294 1880 1373 1918 Liv.
1394 1879 1608 1926 XXXVIII,
1638 1881 1663 1919 7
1694 1884 1731 1917 et

1069 1937 1241 1986 Polyaen.
1253 1937 1315 1984 Vl,
1332 1939 1392 1977 17.
1406 1937 1548 1980 Quibus
1560 1934 1729 1984 Schwgh.

1069 1994 1190 2031 adiicit
1226 1993 1354 2043 Polyb.
1389 1992 1518 2040 XXII,
1568 1995 1617 2033 11
1659 1990 1731 2029 hoc

1068 2063 1215 2099 quoque
1240 2062 1405 2097 monens,
1435 2049 1534 2100 apud
1556 2048 1727 2085 Herodo-

1067 2111 1143 2144 tum
1181 2119 1288 2144 voces
1328 2104 1541 2156 ἐπίχαλκον
1579 2100 1728 2143 &saida

1068 2164 1214 2201 minime
1250 2163 1363 2212 accipi
1403 2175 1512 2212 posse
1542 2162 1589 2200 de
1617 2164 1727 2208 scuto,

1070 2220 1161 2269 quod
1188 2233 1269 2256 aere
1286 2219 1404 2270 suerit
1429 2219 1632 2264 obductum,
1661 2218 1727 2255 sed

1068 2278 1192 2327 potius
1212 2277 1260 2314 de
1277 2277 1357 2327 ipso
1378 2289 1479 2313 aeneo
1499 2279 1596 2312 scuto
1613 2287 1644 2311 S.
1664 2287 1725 2310 ae-

1068 2345 1135 2369 nea
1179 2334 1334 2379 lamina,
1378 2345 1474 2382 quae
1508 2330 1725 2368 obducendo

1069 2394 1172 2426 scuto
1199 2391 1384 2427 inserviat.
1426 2389 1555 2437 ltaque
1575 2382 1725 2437 χαλκώ-

1069 2461 1170 2496 ματα
1213 2441 1426 2484 λεπτότατα
1471 2448 1555 2490 ταῐς
1606 2457 1726 2481 κατα-

1069 2506 1228 2548 σκευαῖς
1250 2502 1414 2540 adhiberi
1431 2506 1560 2538 auctor
1578 2504 1634 2537 est
1653 2499 1726 2537 Po-

1069 2559 1187 2608 lybius
1215 2558 1237 2595 l.
1266 2559 1309 2604 1.;
1352 2558 1483 2595 mansit
1511 2558 1607 2594 enim
1637 2556 1727 2594 haec

1071 2617 1165 2653 inter
1202 2615 1364 2652 Graecos
1400 2614 1648 2660 consuetudo,
1687 2616 1727 2650 ut

1071 2672 1252 2710 cuniculos
1282 2671 1430 2707 admoto
1456 2671 1502 2707 ad
1530 2670 1645 2707 Iocum
1668 2682 1728 2706 su-

1071 2733 1234 2778 spectum
1254 2733 1462 2765 aeramento
1483 2726 1727 2777 explorarent.

1071 2782 1189 2830 ἀσπὶς
1216 2783 1421 2833 ἐπίχαλκος
1459 2783 1622 2830 (scutum
1650 2793 1729 2819 aere

1069 2840 1272 2889 obductum)
1295 2841 1395 2892 apud
1406 2839 1624 2878 Pausaniam
1636 2851 1728 2890 quo-
