1904 3304
122 528 187 574 41

660 267 1002 311 THALIA.
1050 267 1113 306 ΙΙΙ.

1466 267 1523 308 77

251 383 335 443 ἥδη
371 383 421 428 τό
458 381 545 428 ἀπὸ
582 380 746 426 τούτου
786 382 832 425 αἱ
868 379 1071 442 εὐτυχίαι,
1098 395 1167 423 τοι
1195 381 1311 421 ταῖσι
1340 375 1526 420 πάθαισι

252 456 566 511 προσπίπτωσι,
603 452 749 510 τρόπῳ
779 457 840 510 τῷ
869 453 910 504 ἐξ
939 452 1040 508 έμεῦ
1069 449 1338 506 ὑποκειμένῳ
1371 445 1524 491 clueo-‘⁴

253 531 400 569 Ταῦτα
432 523 730 580 ἐπιλεξάμενος
768 522 791 567 ὁ
816 522 1124 579 Πολυκράτης,
1153 521 1227 566 καὶ
1256 519 1347 578 νόῳ
1377 519 1527 575 λαβών

252 597 311 649 ὥς
342 600 386 640 οἵ
414 591 463 640 εὖ
494 596 720 640 ὑπετίθετο
748 594 954 650 ’Ἀμασις,
997 595 1162 650 ἐδίζητο
1190 592 1258 636 ἐπ’
1293 587 1326 649 ᾧ
1358 591 1413 635 ἂν
1441 589 1527 646 μά·
1588 593 1669 632 217

1584 519 1760 554 Polycrates
1806 524 1861 544 :iu-

1585 554 1688 580 nulum
1716 560 1734 579 a
1759 550 1861 578 Theo-

1585 643 1657 670 doro
1667 642 1766 669 Samio
1783 640 1860 667 scal-

250 674 374 713 λιστα
398 670 476 726 τὴν
499 666 643 722 ψυχὴν
666 665 849 726 ᾴσηθείη
882 665 1137 724 ἀπολομένῳ
1166 669 1253 708 τῶν
1282 663 1526 718 κειμηλίων·
1538 667 1581 702 76
1606 676 1858 711 numdandum

224 742 479 797 Ξδιζήμενος
512 737 545 782 ὁ’
570 738 740 792 εὕρισκε
762 735 875 781 τόδε.
933 731 988 793 ἦν
1020 739 1063 780 οἱ
1096 736 1282 793 σφρηγὶς
1312 734 1391 791 τὴν
1421 731 1523 789 έφό-
1582 744 1695 773 abiicit.

197 880 370 916 secundae
391 893 453 928 per
482 881 569 915 vices
591 877 667 927 fere
689 892 764 915 cum
789 879 856 915 ad*

196 938 304 972 versis
332 937 415 972 Tibi
437 936 593 971 arrident
605 964 614 980 ,
637 934 706 984 sac
740 939 777 971 ut
813 938 857 971 iis

197 1006 233 1029 eo
256 1007 320 1042 qno
343 993 424 1028 diri
443 993 539 1028 modo
557 992 766 1030 medearis.“
816 993 857 1028 ln

198 1050 278 1099 ipso
312 1054 411 1085 textu
447 1050 702 1086 constituendo
741 1049 858 1085 Gaisf.

197 1111 342 1142 secutus
353 1118 442 1142 sum.
457 1105 661 1153 Schweigh.
678 1111 715 1143 et
726 1105 858 1142 Matth.

196 1164 356 1199 retinent
375 1162 555 1211 vulgatam
568 1159 676 1201 τιόπό
692 1176 758 1212 pro
778 1165 860 1199 ταῖ-

199 1218 431 1267 6z,Schwgh.
452 1214 626 1266 cai-mim,-
657 1225 765 1256 antea
785 1218 861 1255 vul-

199 1288 246 1323 go
267 1275 456 1323 legebatur
475 1280 705 1314 τοιαυταῖσι.
726 1299 777 1305 —-
800 1273 861 1312 Ad

201 1326 293 1369 α’κὲο
316 1332 413 1367 conf.
435 1332 498 1378 ΙΙΙ,
524 1335 587 1372 17.

407 1387 517 1437 Cap.
548 1387 646 1424 XLI.

257 1440 647 1494 ἐπιλεξάμενος]
679 1444 748 1481 i.e.
772 1455 861 1493 quae

201 1513 276 1537 cum
293 1500 442 1548 legisset.
473 1502 580 1538 Cont'.
602 1501 628 1546 Ι,
654 1498 744 1540 124.
768 1502 859 1541 125.

200 1558 244 1603 ll,
272 1558 361 1596 125.
383 1557 453 1603 Ill,
477 1557 541 1597 43.
565 1559 643 1597 128
666 1563 731 1594 etc.
781 1558 860 1594 He-

198 1613 354 1662 sychius,
376 1618 525 1651 notante
537 1613 737 1660 LarcherO,
750 1613 858 1651 haec:

197 1668 401 1715 ἐπελέξατο
416 1679 424 1689 ·
436 1667 483 1709 τοὶ
508 1668 756 1722 γεγραμμένα
770 1665 858 1709 (ἶνέ-

198 1738 360 1778 γνωσεν.

255 1781 320 1821 καὶ
339 1777 420 1834 νόῳ
439 1780 587 1833 λαβών]
617 1783 638 1819 i.
662 1797 694 1820 e.
718 1795 861 1833 cumque

200 1839 284 1875 haec
308 1841 425 1874 animo
457 1840 724 1887 recondidisset,
754 1840 861 1877 intel-

201 1896 341 1932 lexisset
361 1908 404 1931 ac
420 1900 625 1945 reputasset.
656 1897 785 1934 Exstat
800 1909 861 1934 ea-

202 1953 286 1988 dem
305 1951 434 1988 locutio
453 1953 516 1999 Ill,
536 1955 600 1994 51.
626 1953 716 1994 143.
736 1955 859 2000 V,91.

201 2007 300 2054 VIII,
314 2009 376 2047 19.
388 2008 554 2057 Schwgh.
574 2011 632 2046 cst.
645 2010 710 2057 lx,
723 2012 787 2056 10,
798 2010 860 2046 ubi

202 2069 277 2102 est:
299 2062 415 2114 φρενὶ
435 2061 623 2116 λαβόντες
641 2062 709 2104 τόν
727 2061 859 2117 λόγον.

201 2120 286 2164 Quo
334 2121 464 2158 eodem
515 2123 592 2159 fere
630 2123 863 2172 pertinebant

200 2177 309 2214 haec:
342 2175 405 2215 ἐπὶ
425 2173 518 2216 νόον
542 2177 697 2229 τρέπειν
717 2179 778 2226 ΙΙΙ,
793 2182 861 2225 21,

200 2233 261 2270 ubi
288 2233 379 2280 vid-3
416 2233 457 2273 ἐν
487 2230 568 2287 νόῳ
596 2234 696 2285 ἔχειν
723 2235 760 2282 Ι,
798 2238 860 2276 10·

201 2292 265 2331 27.
296 2289 366 2337 ΙΙΙ,
393 2291 482 2332 143.
509 2290 551 2330 έν
573 2288 655 2346 νόῳ
676 2292 862 2344 γίνεσθαι

200 2346 266 2392 ΙΧ,
288 2345 353 2386 46.

257 2399 331 2451 τήν
349 2400 486 2454 ψυχήν
508 2399 696 2455 α’σηθείη]
720 2406 860 2442 Obser-

199 2463 260 2495 vat
288 2459 440 2498 Wessel.
480 2456 581 2500 α’σᾶν
613 2466 650 2499 et
681 2457 861 2500 α’σᾶσθαι

201 2515 299 2564 apud
326 2515 586 2566 Hippocratem
614 2520 757 2569 saepius
789 2519 860 2555 dici

203 2571 250 2608 de
281 2572 426 2609 fastidio
454 2578 491 2612 et
518 2575 665 2612 tristitia
698 2576 861 2624 itemque

204 2628 302 2675 apud
324 2627 532 2679 Theognid.
553 2631 648 2678 659,
666 2632 726 2668 ubi
754 2632 861 2668 addi-

203 2686 260 2718 tur
290 2682 429 2733 φρένα,
453 2691 489 2725 et
509 2689 604 2735 983,
631 2688 692 2724 ubi
714 2689 862 2725 additur

203 2735 348 2793 θυρξὸν.

259 2795 324 2858 ἦν’
341 2795 382 2834 οἱ
415 2797 584 2850 σφρηγὶς
617 2796 691 2850 τήν
725 2794 864 2851 ἐφόρεε

203 2851 452 2902 χρυσοὸετος]
475 2854 554 2891 Hac
575 2856 621 2894 de
634 2869 778 2905 gemma
800 2870 863 2893 ve-

202 2911 320 2944 terum
339 2907 437 2945 locos
456 2910 599 2960 collegit
618 2912 786 2950 Panofka
804 2913 862 2950 De

915 878 1090 914 Samiorr.
1121 877 1222 914 rebb.
1252 890 1337 925 pag.
1367 873 1420 916 34
1452 878 1527 911 not.
1553 877 1572 913 1

915 940 951 972 et
980 934 1092 971 multo
1128 939 1215 970 ante
1244 933 1480 968 lx'irehmann.
1518 930 1577 967 De

915 991 1049 1029 annuli.
1071 1004 1156 1039 pag.
1182 992 1260 1030 170
1282 1002 1384 1038 seqq.
1416 989 1578 1032 Quibus-

916 1062 995 1085 cum
1040 1048 1069 1084 C
1080 1061 1106 1083 r.
1151 1047 1307 1084 conferri
1344 1046 1440 1092 vult,
1483 1057 1579 1093 quae

917 1106 1016 1154 apud
1050 1104 1205 1141 Pausau.
1236 1104 1264 1149 l,
1300 1106 1349 1143 17
1379 1101 1416 1153 ξ.
1448 1104 1471 1141 3
1501 1101 1580 1138 coll.

918 1162 1052 1211 Hygin.
1076 1162 1178 1198 Poet.
1198 1159 1295 1196 Astr.
1315 1159 1360 1205 ΙΙ,
1383 1159 1406 1199 5
1428 1171 1580 1195 narran-

917 1223 975 1255 tur
999 1220 1046 1255 de
1066 1217 1201 1254 Minois
1222 1229 1380 1266 gemma,
1410 1227 1520 1264 quam
1542 1215 1579 1251 in

917 1287 1017 1312 mare
1053 1275 1229 1311 deiectam
1267 1273 1458 1318 Theseus,
1508 1285 1581 1321 quo

918 1330 1083 1381 Neptuni
1103 1331 1213 1367 filium
1236 1342 1275 1367 se
1296 1343 1377 1366 esse
1395 1329 1582 1379 probaret,

919 1388 1082 1425 retulisse
1114 1388 1250 1433 fertur,
1301 1391 1338 1423 et
1370 1398 1464 1435 quae
1490 1385 1578 1422 ibid.

918 1445 965 1491 X,
989 1447 1042 1484 30
1065 1442 1100 1494 ἓ.
1119 1446 1144 1484 2
1166 1444 1359 1480 traduntur
1378 1443 1424 1479 de
1442 1441 1581 1489 Phoco,

918 1499 1027 1537 Aeaci
1052 1501 1139 1545 filio,
1168 1501 1223 1537 cui
1248 1501 1369 1537 Iaseus
1397 1511 1578 1548 gemmam

918 1559 1016 1594 dono
1034 1557 1136 1594 dedit
1158 1569 1247 1593 auro
1274 1555 1450 1592 inclusam
1474 1568 1517 1601 s.‚
1540 1559 1579 1591 ut

916 1615 997 1664 ipsa
1046 1614 1157 1650 verba
1204 1625 1413 1663 apponam,
1456 1611 1578 1649 λίθου

917 1670 1118 1721 σφραγῖδα
1148 1667 1407 1719 ἐνδεδεμένην
1434 1669 1580 1721 χρυσῷ.

916 1728 973 1765 De
1005 1727 1205 1776 Polycratis
1227 1726 1360 1763 annulo
1384 1738 1427 1762 ex
1457 1725 1580 1762 Hero-

917 1785 993 1821 doti
1021 1784 1099 1821 loeo
1139 1784 1339 1833 disputavit
1377 1782 1512 1820 Facius
1540 1782 1578 1819 in

918 1840 1068 1878 Miscell.
1093 1854 1123 1876 z.
1139 1840 1273 1877 Gesch.
1293 1840 1329 1877 d.
1349 1839 1480 1876 Cultur
1503 1839 1578 1875 und

917 1898 1041 1935 Kunst
1057 1910 1141 1947 pag.
1156 1899 1207 1936 66
1221 1909 1322 1946 seqq.
1335 1900 1486 1933 notante
1498 1895 1578 1943 Cr„

917 1955 1079 2003 itemque
1103 1954 1273 2002 Lessing.
1296 1954 1349 1990 in:
1382 1952 1576 2001 Antiquar.

915 2011 1027 2048 Brief.
1051 2011 1170 2060 (opp.
1194 2010 1242 2046 T.
1263 2010 1314 2046 XI
1334 2022 1419 2058 pag.
1436 2011 1579 2050 153—-

920 2069 999 2107 161
1023 2071 1059 2104 et
1086 2067 1298 2103 additamm.
1330 2066 1578 2113 Eschenburg.

918 2123 1004 2160 ibid.
1037 2136 1123 2173 pag.
1149 2124 1228 2162 183
1252 2126 1288 2159 et
1310 2121 1379 2158 xu
1401 2135 1437 2172 p.
1459 2118 1579 2174 253),

918 2180 965 2215 ad
988 2192 1096 2228 quem
1125 2179 1280 2216 eundem
1302 2179 1377 2215 iure
1406 2182 1582 2228 provocat

919 2235 1035 2285 Sillig.
1058 2236 1093 2272 in
1113 2235 1286 2284 Catalog.
1307 2235 1463 2272 Artificc.
1489 2247 1577 2284 pag.

919 2291 1012 2332 442.
1033 2291 1311 2340 AcLessingius
1325 2292 1472 2341 quidem
1485 2291 1581 2329 hunc

917 2348 1119 2399 Polycratis
1170 2348 1342 2385 annulum
1395 2361 1579 2397 gemmam

918 2406 1094 2443 caelatam
1107 2434 1118 2452 ,
1149 2418 1245 2454 quae
1265 2405 1425 2454 effigiem
1442 2405 1581 2442 habue-

918 2462 964 2498 rit
985 2462 1212 2512 insculptam,
1236 2462 1346 2499 fuisse
1365 2466 1491 2510 negat,
1512 2462 1577 2498 sed

916 2518 1075 2569 lapidem
1118 2518 1334 2568 simplicem,
1383 2518 1579 2567 integrum,

918 2587 1006 2612 auro
1047 2574 1233 2612 inclusum.
1311 2574 1444 2624 Neque
1480 2575 1577 2612 enim

919 2631 1180 2678 Theodorum,
1219 2631 1283 2681 qui
1315 2635 1392 2668 tum
1423 2632 1460 2667 in
1494 2643 1579 2667 aere

921 2687 1159 2735 elaborasset,
1188 2692 1263 2724 tum
1287 2687 1503 2724 architectus
1524 2687 1580 2723 in-

921 2744 1035 2793 signis
1070 2745 1181 2781 fuisse
1212 2745 1349 2790 fertur,
1391 2742 1579 2793 sculpendi

918 2801 1076 2851 peritum
1106 2801 1177 2838 dici
1204 2813 1226 2837 a
1263 2801 1467 2846 veteribus3
1511 2811 1578 2835 nec

920 2858 1089 2903 omnino,
1125 2861 1221 2894 teste
1255 2857 1370 2894 Plinio
1407 2857 1444 2893 in
1480 2855 1577 2891 Hist.

917 2912 1007 2950 Nat.
1027 2913 1217 2960 XXXVII,
1240 2916 1276 2960 1,
1296 2917 1381 2951 ante
1405 2911 1577 2961 Polycra-

1605 710 1764 750 edigiioin
1775 716 1859 736 maro
