1904 3304
606 265 954 304 THALIA.

1016 265 1075 302 ΙΙΙ.
1422 265 1480 306 55

206 374 443 431 ἐπιφανέος
484 375 529 419 δὲ
569 373 729 418 τούτου
765 375 1031 431 γενομένου,
1075 372 1233 417 αὐτίκα
1270 374 1314 415 οἱ
1344 371 1478 428 Αἰγύ-
1536 382 1565 409 di
1589 382 1745 417 conspicuo
1766 382 1811 409 fa-

203 462 320 490 πτιοι
351 443 501 502 εἵματά
531 461 574 488 τε
605 444 794 501 ἐφόρεον
822 446 874 489 τὰ
912 446 1138 494 κάλλιστα,
1187 444 1261 487 καὶ
1289 438 1401 499 ἦσαν
1431 443 1478 486 ἐν

174 525 196 558 2
205 519 399 574 θαλίῃσι.

462 517 569 560 ἰδών
608 515 652 560 δὲ
690 521 824 561 ταῦτα
860 517 965 569 τούς
999 517 1265 572 Αἰγυπτίους
1302 518 1503 557 ποιεῦν-1

1460 589 1478 597 -ι

1535 419 1584 443 cto
1612 417 1812 450 celebrantes,

1535 449 1573 476 de
1583 450 1672 477 rebus
1683 458 1699 476 a
1709 458 1741 475 se
1750 458 1810 477 ma-

1535 483 1564 510 le
1583 484 1676 518 gestis
1701 484 1812 510 laetari

1536 520 1631 552 ratus,
1641 517 1811 552 praefectos

1537 551 1618 577 urbis
1660 551 1810 587 Memphis

201 605 277 640 τας
307 587 330 632 ὁ
364 587 626 644 Καμβύσης,
659 589 801 645 πάγχυ
833 588 969 645 σφέας
999 586 1263 639 καταδόξας,
1307 585 1475 629 ἑωυτου
1537 584 1654 612 mmu-

203 663 347 710 κακῶς
367 658 634 715 πρήξαντος,
666 658 926 716 χαρμόσυνα
955 663 1091 702 ταῦτα
1116 657 1304 708 ποιέειν,
1336 657 1480 702 ἐκάλεε

200 730 306 783 τοὺς
332 730 594 786 ἐπιτρόπους
631 735 707 787 τῆς
737 731 970 786 Μέμφιος·
1018 728 1311 785 ἀπικομένους
1351 730 1396 773 δὲ
1437 729 1480 780 ἐς

198 802 322 853 ὅφιν,
367 804 504 857 εἴρετο
550 800 609 851 ,,ὅ
638 819 678 844 τι
707 800 923 856 πρότερον
952 801 1050 856 μὲν,
1084 799 1233 852 ἐόντος
1264 798 1403 845 αὑτοῦ
1431 800 1508 844 ἐν5

197 873 380 930 Μέμφι,
414 873 589 916 ἐποίευν
619 876 824 916 τοιοῦτον
855 869 986 914 οὐδὲν
1008 869 1263 926 Αἰγύπτιοι·
1303 872 1399 915 τότε
1418 871 1476 921 δὲ,

194 943 285 987 ἐπεὶ
318 942 452 994 αὐτὸς
494 946 650 999 παρείη
688 947 763 998 τῆς
793 946 994 998 στρατιῆς
1028 940 1200 997 πλῆθός
1234 959 1274 986 τι
1312 942 1475 999 οἷποβα-

168 1014 349 1066 3λω’ν,·“
399 1017 442 1058 οἱ
472 1015 518 1058 δὲ
545 1015 759 1071 ἔφραζον,
792 1014 851 1065 ὥς
877 1026 955 1070 σφι
983 1013 1090 1065 θεὸς
1115 1015 1180 1069 εἴη
1207 1015 1374 1070 φανεὶς,
1405 1013 1476 1057 διὰ

194 1088 356 1142 χρόνου
385 1089 552 1129 πολλοῦ
583 1085 736 1137 ἐωθὼς
766 1086 1099 1142 ἐπιφαίνεσθαι·
1149 1085 1221 1128 καὶ
1253 1085 1311 1136 ὠς
1341 1084 1476 1128 ἐπεάν

192 1161 338 1214 φανῇ,
381 1154 477 1199 τότε
508 1154 665 1207 πάντες
696 1159 740 1200 οἱ
768 1157 1002 1213 Αἰγύπτιοι
1032 1155 1315 1212 κεχαρηκότες
1347 1154 1472 1209 ὁρτά-

164 1231 319 1282 4ζοιεν.
378 1231 516 1271 ταῦτα
547 1225 741 1279 ἀκούσας
773 1228 795 1272 ὁ
818 1228 1081 1286 Καμβύσης,
1115 1228 1198 1283 ἔφη
1230 1225 1472 1279 ψεύδεσθαί
1486 1235 1528 1267 10

192 1310 350 1355 σφεας·
406 1298 481 1341 καὶ
535 1297 594 1350 ὦς
641 1301 969 1357 ψευδομένους,

67 1374 133 1419 28
186 1367 463 1420 Ἀποκτείνας
495 1370 539 1413 δὲ
569 1369 774 1422 τούτους,
818 1370 997 1426 δεύτερα
1034 1370 1139 1421 τούς
1180 1369 1299 1425 ἱρέας
1329 1368 1472 1412 ἐκάλεε

1043 1297 1225 1356 θανάτῳ
1282 1298 1468 1354 ἐζημίου.

193 1441 236 1491 ἐς
267 1439 384 1491 ὄψιν.
434 1441 652 1497 λεγόντων
683 1442 728 1485 δὲ
759 1442 868 1484 κατὰ
897 1441 949 1485 τὰ
979 1441 1090 1485 αὐτὰ
1119 1446 1208 1484 τῶν
1241 1440 1384 1495 ἱρέων,
1416 1439 1471 1483 ου’

190 1510 338 1567 λήσειν
368 1511 451 1568 ἔφη
484 1511 640 1565 αὐτὸν,
680 1513 717 1556 εἰ
745 1512 852 1563 θεός
881 1529 944 1564 τις
971 1512 1204 1577 χειροήθης
1235 1510 1472 1570 ἀπιγμένος

133 1667 314 1704 tabantur.
343 1667 435 1705 Tum
459 1668 603 1705 demum
621 1668 802 1718 Heliopo-

132 1724 184 1760 lin
215 1724 370 1762 bestiam
399 1725 603 1771 ducebant,
641 1730 678 1762 et
708 1738 799 1774 qua—

132 1781 306 1829 draginta
341 1794 407 1831 per
450 1782 526 1818 (lies
566 1782 799 1827 nntriebant3

133 1837 266 1886 quibus
286 1838 464 1887 peractis,
503 1838 694 1888 Memphin
713 1838 799 1875 Vul-

131 1894 213 1930 cani
247 1895 283 1930 in
313 1893 487 1944 templum
517 1896 606 1943 Apis
642 1896 800 1932 deduce-

134 1949 242 1986 batur
260 1951 431 1999 omnique
451 1952 707 1987 sacrificiorum
731 1952 797 1987 ho-

133 2018 241 2051 nore,
282 2006 411 2053 thure,
454 2008 532 2043 aliis
563 2008 797 2045 alliciebatur.

132 2062 191 2099 De
211 2076 284 2111 quo
308 2069 454 2112 praeter
474 2064 611 2099 Herod.
639 2064 701 2110 Ill,
733 2066 798 2109 28,

133 2131 289 2167 quocum
322 2120 415 2156 conf.
448 2119 538 2155 Plin.
560 2120 607 2155 H.
630 2121 676 2156 N.
700 2121 797 2166 vlll,

132 2174 226 2225 (72)
247 2174 310 2214 46.
356 2176 421 2211 Cr.
454 2177 542 2212 citat
564 2176 714 2212 Diodor.
737 2177 756 2213 I.
777 2177 797 2213 l.

132 2232 302 2268 Strabon.
318 2232 420 2268 XVII
442 2246 476 2282 p.
488 2234 568 2272 803
582 2245 608 2268 s.
627 2247 661 2282 p.
683 2234 797 2273 1155.

131 2287 273 2327 Alberti
301 2289 349 2324 ad
367 2289 526 2337 Hesych.
556 2302 583 2324 s.
608 2302 638 2325 v.
671 2289 799 2338 Zoega

131 2344 191 2382 De
210 2344 374 2382 obeliscc.
396 2359 429 2395 p.
449 2347 529 2386 283
549 2358 625 2394 seq.
657 2347 713 2381 Ad
727 2348 800 2382 sor-

132 2414 228 2438 mam
261 2402 364 2438 bovis
396 2403 565 2438 observat
590 2402 684 2438 Lini<
709 2403 799 2449 (Die

132 2457 271 2495 Urwelt
290 2471 374 2508 pag.
400 2459 523 2506 180),
552 2457 708 2508 Apidem
725 2472 798 2495 non

133 2515 246 2552 fuisse
268 2527 311 2552 ex
340 2528 382 2552 eo
407 2516 515 2551 boum
543 2529 702 2563 genere,
743 2516 797 2552 cui

131 2583 226 2607 nunc
249 2584 382 2608 nomen
406 2571 665 2608 Buclseloclcsen
680 2602 692 2617 ,
732 2572 797 2608 sed

132 2627 178 2661 ad
210 2627 359 2675 vulgare
393 2629 501 2665 boum
535 2641 651 2676 genus
683 2629 796 2678 petti—

131 2683 249 2720 nuisse
269 2684 392 2721 videri.

187 2735 317 2789 πάγχυ
333 2740 456 2789 σφέας
469 2737 705 2789 καταδόξας]
729 2756 794 2778 κα-

131 2791 309 2842 ταδόξας,
331 2798 427 2835 idem
441 2799 517 2835 fere
532 2799 631 2847 quod
645 2798 796 2847 simplex

132 2847 267 2899 δόξας,
306 2854 374 2889 nisi
398 2856 496 2902 quod
527 2854 659 2891 malam
678 2867 794 2902 quan-

130 2910 216 2946 dam
236 2909 272 2946 in
294 2913 435 2960 partem
459 2911 622 2948 adhiberi
654 2912 797 2948 videtur

858 1668 1008 1706 verbum
1045 1668 1299 1718 compositum.
1350 1667 1459 1704 Conf.
1496 1666 1527 1713 I,

860 1727 924 1766 22.
945 1726 1009 1764 79.
1043 1728 1132 1765 111.
1168 1725 1234 1770 ΙΙΙ,
1256 1726 1321 1764 69.
1354 1724 1452 1769 VIII,
1472 1726 1525 1764 69

858 1786 923 1818 etc.
974 1779 1036 1817 Ad
1075 1777 1304 1832 χαρμόσυνα
1343 1781 1379 1817 in
1420 1792 1523 1829 seqq.

857 1838 1061 1886 Schweigh.
1089 1839 1126 1874 in
1147 1837 1235 1875 Lex.
1263 1838 1403 1874 Herod.
1437 1849 1525 1886 sup-

856 1894 947 1944 pleri
967 1894 1041 1931 vult
1066 1891 1175 1945 ἵεριὶ,
1215 1898 1255 1930 ut
1284 1895 1340 1930 ἀίί
1358 1893 1452 1943 festi
1467 1906 1525 1928 sa-

858 1964 1010 1999 craque,
1050 1964 1144 2000 quae
1177 1951 1312 1988 obeant
1337 1950 1523 2000 Aegyptii,

856 2007 1114 2055 intelligantur.

911 2060 1045 2102 ἐκάλεε
1081 2060 1174 2109 τούς
1208 2058 1524 2113 ἐπιτρόπους

855 2122 926 2168 τῆς
950 2119 1160 2169 ΖΙΙΙέμφιος]
1202 2120 1310 2156 Conf.
1338 2118 1383 2165 V,
1412 2121 1467 2159 30
1486 2123 1525 2156 et

857 2176 937 2221 Ul,
951 2179 1041 2217 176.
1057 2176 1238 2225 Equidem
1256 2176 1433 2212 eiusmodi
1447 2188 1526 2212 ma-

856 2233 1028 2281 gistratus
1057 2232 1115 2269 hic
1149 2233 1300 2268 indicari
1343 2245 1525 2276 censeam,

857 2290 918 2337 qui
965 2290 1013 2325 ad
1044 2289 1295 2325 Romanorum
1333 2290 1526 2336 vicomagi-

857 2349 946 2381 stros
964 2346 1152 2382 accedunt.
1189 2344 1323 2393 Neque
1343 2346 1438 2382 enim
1457 2358 1522 2381 no-

857 2416 995 2439 morum
1017 2402 1210 2452 praefecti,
1249 2402 1297 2438 de
1324 2402 1454 2448 quibus
1476 2401 1521 2445 Il,

860 2461 953 2505 164,
974 2471 1093 2507 neque
1107 2458 1307 2502 demotum,
1325 2458 1372 2495 de
1390 2457 1521 2506 quibus

856 2516 919 2562 ΙΙΙ,
936 2518 975 2561 6,
992 2516 1049 2551 hic
1060 2514 1211 2561 intelligi
1223 2527 1332 2563 posse
1342 2515 1519 2551 videntur.

1033 2573 1141 2620 Cap.
1173 2570 1340 2607 XXVIII.

912 2623 961 2667 ου’
993 2623 1129 2678 λήσειν
1160 2626 1236 2676 ἔφη
1262 2622 1403 2677 αὐτόν]
1444 2626 1463 2663 i.
1486 2640 1517 2663 e.

855 2699 959 2731 „mm
982 2685 1071 2721 clam
1092 2698 1126 2720 se
1148 2686 1221 2733 ipso
1233 2682 1312 2732 fore
1335 2684 1383 2730 (s.
1406 2697 1446 2720 se
1464 2683 1520 2718 in-

853 2741 1120 2787 tellecturum),
1160 2742 1192 2776 si
1211 2753 1319 2776 ιιιαηιι
1346 2740 1517 2776 tractabi-

855 2799 900 2834 lis
921 2799 969 2835 acl
989 2799 1183 2847 Aegyptios
1210 2798 1356 2833 venisset
1386 2797 1480 2832 (leus.
1494 2798 1519 2814 ‘⁶

854 2855 896 2891 In
917 2868 1019 2903 seqq.
1045 2854 1144 2891 edidi
1177 2855 1351 2907 μετῇσαν
1383 2857 1421 2888 ut
1456 2851 1516 2896 Ill,

857 2913 918 2951 19.
949 2911 1070 2960 Vulgo
1090 2906 1296 2961 μετήϊσαν,
1319 2909 1420 2947 cuius
1440 2908 1517 2944 Ioco

1530 1371 1709 1400 Sacerdotes
1723 1373 1805 1401 iubet

1529 1406 1683 1433 adducere
1696 1406 1752 1434 sibi
1769 1409 1804 1434 Α-

1529 1440 1645 1475 pidem:
1657 1439 1745 1468 huius
1754 1440 1804 1468 de—

1529 1474 1664 1510 scriptio.
