1904 3304
491 247 1058 289 MELPOMENE.

1117 247 1179 286 IV.
1387 249 1468 288 351

176 362 318 415 3γελῶ
355 359 401 402 δὲ
433 357 573 414 ὁρέων
600 361 680 414 γῆς
709 356 942 412 περιόδους
972 356 1245 414 γράψαντας,
1282 357 1527 409 πολλού925

147 519 280 555 Strabo
310 519 343 564 Ι,
373 521 396 558 3
427 532 462 568 p.
492 519 558 558 61.
585 520 638 560 62
668 531 694 554 s,
728 519 807 558 106

147 575 189 611 C.
208 588 284 623 seq.
314 575 605 619 Eratosthenem,
630 574 808 611 Herodoti

146 631 243 667 dicta
262 632 504 679 cavillantem,
531 637 567 668 et
590 632 708 681 ipsum
725 643 807 679 per-

146 688 306 736 stringit.
345 688 479 737 Attigit
510 701 656 736 quoque
686 687 806 722 Hero-

145 744 257 781 dotea
295 745 406 781 schol.
447 744 565 795 Apoll.
599 743 719 779 Rhod.
762 742 806 788 ll,

146 801 251 846 6753
282 800 443 851 itemque
478 805 603 837 nostra
633 798 806 836 memoria

144 855 405 905 WVJttenbach.
442 858 594 906 praefat.
622 855 668 891 ad
688 855 806 891 Phae-

146 914 230 949 don.
258 927 342 964 pag.
365 913 562 958 XXXVII,
595 917 636 948 ut
663 911 806 948 monuit

145 969 262 1007 Gaisf.

202 1028 301 1077 γελῶ
341 1022 383 1064 δὲ
412 1022 538 1075 ὁρέων
568 1026 643 1076 γῆς
669 1018 802 1072 περιό-

145 1082 240 1128 δους
269 1078 504 1133 γράψαντας
522 1096 557 1120 κ.
581 1097 610 1119 τ.
636 1079 694 1130 t]
726 1081 804 1117 He-

143 1139 262 1175 rodoti
287 1139 593 1189 vituperationem
613 1138 659 1174 ad
682 1137 804 1174 Heca-

143 1199 262 1232 taeum
291 1195 471 1233 Milesium
496 1196 690 1244 praecipue
717 1207 804 1243 spe-

143 1256 241 1290 ctare
290 1256 330 1289 ut
378 1253 525 1289 credam
574 1253 803 1288 commovent

143 1321 202 1345 me
228 1321 296 1354 ea,
329 1321 422 1357 quae
445 1309 581 1358 scripta
598 1312 739 1344 exstant
758 1306 803 1352 ll,

144 1368 220 1411 21,
252 1365 312 1401 ubi
342 1365 413 1401 vid.
445 1370 537 1401 nott.
580 1364 714 1413 Neque
739 1362 804 1400 ali-

142 1426 198 1457 ter
241 1420 418 1471 placuisse
461 1422 568 1458 video
609 1420 803 1457 Bredowio

143 1477 301 1526 (Geogr.
349 1482 384 1514 et
422 1477 624 1525 Uranolog.
662 1477 801 1513 Herod.

143 1535 288 1584 specim.
318 1546 404 1582 pag.
437 1534 520 1570 XV!
549 1528 644 1584 not.)
689 1537 802 1581 atque

140 1590 349 1640 nuperrimo
373 1590 658 1637 fragmentorum
679 1589 803 1626 Heca-

139 1647 211 1684 taei
238 1646 382 1692 editori,
407 1647 582 1691 KIausen‚
612 1646 704 1682 bene
722 1658 801 1682 mo-

140 1703 242 1740 nenti
264 1700 366 1753 (pag.
380 1705 432 1744 39
443 1706 542 1751 seq.)
560 1703 800 1748 Hecataeum,

140 1772 248 1809 quem
278 1772 370 1808 opus
401 1759 436 1795 in
465 1760 557 1796 duos
578 1759 687 1795 libros
708 1759 799 1794 divi-

140 1829 244 1863 sum,
274 1814 398 1851 Asiam
427 1816 593 1852 nimirum
623 1820 660 1853 et
684 1815 799 1851 Euro-

139 1885 240 1923 pam,
270 1872 329 1918 (cf.
353 1872 437 1907 ibid.
460 1885 544 1921 pag.
569 1873 639 1916 13)
676 1871 801 1908 condi-

141 1929 239 1966 disse
267 1929 530 1976 Oceanumque
558 1941 624 1978 pro
651 1928 799 1965 flumine

141 1997 285 2021 omnem
303 1989 435 2021 terram
447 1984 617 2033 cingente
629 1984 799 2020 habuisse

142 2042 329 2088 novimus,
367 2041 511 2090 saepius
536 2042 647 2077 tacita
676 2053 800 2090 repre-

141 2097 316 2134 hensione
328 2098 373 2134 ab
386 2097 578 2134 Herodoto
589 2096 799 2147 perstringi.

141 2154 213 2197 Qui
236 2153 409 2191 historiae
425 2158 541 2203 pater,
561 2153 798 2191 Mannertum

141 2211 170 2247 si
198 2210 324 2247 audias
356 2210 391 2256 (I
422 2223 457 2259 p.
493 2211 584 2256 12),
624 2209 692 2246 hoc
720 2209 797 2246 loco

141 2267 289 2304 decreta
320 2280 466 2313 eorum,
498 2267 558 2316 qui
590 2279 610 2303 e
630 2266 796 2304 Thaletis

142 2323 331 2373 disciplina
352 2324 504 2373 profecti
533 2322 631 2372 globi
662 2326 796 2359 statue-

142 2384 224 2416 rent
272 2380 535 2416 rotunditatem
583 2375 683 2432 (cum
723 2379 795 2416 scil.

142 2434 220 2484 ipse
275 2449 395 2474 rerum
455 2435 795 2472 Mathematicarum

144 2492 288 2529 omnino
316 2493 444 2530 fuisset
467 2493 638 2542 expers),
669 2493 797 2529 confu-

144 2546 195 2582 dit
213 2561 291 2584 cum
312 2561 436 2585 eorum
455 2549 640 2596 doctrina,
670 2549 731 2598 qui
747 2549 795 2584 ad

142 2601 291 2641 Homeri
337 2606 553 2643 sententiam
596 2618 670 2642 non
708 2604 795 2641 nihil

143 2659 346 2708 ampliatam
380 2666 535 2708 terram,
564 2661 708 2711 qualem
728 2674 795 2697 no-

143 2719 242 2760 rant,
266 2716 445 2754 haberent
459 2719 653 2755 rotundam
676 2718 795 2755 Ocea-

143 2782 263 2819 noque
279 2773 531 2811 circumfluam.
562 2775 696 2824 Neque
708 2788 794 2812 vero

144 2838 264 2864 veram
292 2829 508 2866 sententiam
531 2831 578 2868 de
598 2838 717 2869 terrae
736 2844 795 2867 ro-

143 2883 322 2921 tunditate
356 2884 586 2925 Herodotum
624 2887 795 2926 habuisse

865 529 932 553 nec
962 529 1046 562 eos,
1081 529 1173 566 quos
1203 517 1390 563 derideat,
1430 517 1526 554 idem

864 572 1049 609 Mannert.
1074 574 1234 620 iudicat,
1268 574 1430 623 quamvis
1449 573 1527 611 He-

864 629 1038 675 rodotus,
1069 643 1162 678 quae
1188 631 1302 679 ipsius
1327 631 1434 667 suerit
1452 635 1524 668 ter-

864 697 983 721 rarum
1019 685 1210 723 multarum
1240 700 1281 724 ac
1303 688 1524 724 diversarum

863 741 1042 788 cognitio,
1072 742 1165 780 bene
1184 743 1414 789 intellexerit,
1444 743 1524 781 He-

863 798 1000 844 cataei,
1032 798 1205 845 aliorum,
1236 813 1344 848 quam
1366 799 1454 837 falsa
1475 800 1522 837 sit

863 854 997 902 opinio.
1054 854 1136 892 Hoc
1168 857 1264 893 enim
1290 857 1521 907 potissimum

864 909 966 946 Illum
987 911 1053 946 sibi
1072 913 1245 950 sumsisse
1261 914 1337 949 vult
1358 913 1519 963 proban-

862 966 947 1002 dum
963 995 972 1012 ‚
995 972 1033 1003 ut
1055 972 1171 1005 terrae
1191 969 1418 1006 latitudinem
1443 969 1522 1005 lon-

862 1023 1029 1070 gitudine
1048 1026 1210 1074 superari
1228 1031 1422 1076 appareret
1442 1024 1522 1062 nul-

861 1078 1006 1129 lamque
1020 1081 1100 1118 hinc
1111 1081 1205 1118 effici
1226 1087 1345 1120 terrae
1356 1082 1522 1119 rotundi-

861 1141 972 1174 tatem
983 1139 1180 1187 quandam,
1191 1152 1268 1175 cum
1279 1139 1426 1189 Europa
1445 1138 1524 1175 sola

860 1194 1006 1243 reliquis
1033 1195 1129 1231 orbis
1159 1199 1336 1232 terrarum
1359 1195 1525 1246 partibus

861 1250 916 1286 vel
944 1252 1143 1288 coniunctis
1166 1253 1281 1288 maior
1303 1253 1349 1288 sit
1374 1252 1523 1289 ambitu.

862 1306 1034 1356 Namque
1057 1321 1077 1345 e
1097 1313 1217 1345 mente
1230 1309 1525 1346 Herodotiterra

861 1364 929 1400 fuit
957 1364 1089 1414 plana,
1129 1365 1230 1402 coelo
1259 1370 1458 1402 concavato
1484 1365 1521 1402 in

860 1420 1007 1457 modum
1058 1421 1310 1471 hemisphaerii
1361 1422 1520 1465 obtecta,

859 1489 934 1512 non
976 1482 1178 1514 accuratam
1220 1478 1337 1514 circuli
1367 1479 1521 1515 formam

860 1532 1032 1569 exhibens
1045 1561 1055 1579 ,
1083 1534 1148 1570 sed
1167 1534 1363 1582 oblongam
1383 1535 1519 1584 potius,

859 1588 914 1625 hic
936 1589 1004 1626 illic
1023 1590 1213 1635 inflexam3
1254 1591 1352 1628 unde
1373 1593 1520 1637 factum,

858 1649 895 1680 ut
912 1645 1097 1695 Europam
1129 1646 1274 1695 reliquis
1297 1647 1438 1684 duabus
1459 1660 1518 1683 or-

857 1701 912 1737 bis
951 1706 1126 1739 terrarum
1160 1704 1327 1753 partibus
1361 1703 1419 1741 ille
1448 1703 1518 1740 sibi

856 1758 1035 1806 cogitaret
1072 1760 1245 1796 maiorem
1281 1773 1418 1810 eosque
1450 1761 1517 1798 de-

856 1815 1029 1851 ridendos
1049 1829 1130 1853 esse
1149 1821 1306 1866 putaret,
1327 1818 1389 1866 qui
1407 1817 1518 1866 plane

855 1872 1052 1909 rotundam
1077 1885 1155 1910 cum
1175 1873 1423 1911 existimarent
1442 1877 1517 1911 ter-

857 1940 958 1973 ram,
998 1941 1122 1978 parem
1150 1943 1297 1979 quoque
1323 1929 1450 1967 Asiam
1480 1934 1518 1967 et

856 1983 1044 2035 Europam
1086 1987 1376 2033 constituerent,
1416 1987 1515 2023 omni

856 2044 1032 2078 terrarum
1068 2042 1156 2079 orbe
1186 2043 1221 2079 in
1253 2043 1343 2080 duas
1379 2055 1514 2091 easque

855 2109 962 2146 pares
985 2101 1019 2134 et
1040 2098 1211 2147 aequales
1230 2104 1353 2147 partes
1376 2099 1513 2136 diviso:

856 2165 964 2201 quam
992 2154 1169 2191 Hecataei
1201 2155 1332 2193 Milesii
1368 2168 1515 2204 quoque

853 2210 964 2247 fuisse
982 2211 1190 2259 opinionem
1210 2213 1425 2248 monuimus.
1457 2211 1514 2249 Tu

853 2267 947 2303 conf.
968 2266 1123 2304 Rennel.
1146 2281 1232 2317 pag.
1263 2270 1357 2308 383.
1394 2268 1515 2306 Ukert

853 2323 991 2372 Geogr.
1031 2323 1065 2359 d.
1100 2323 1164 2360 Gr.
1198 2338 1232 2361 u.
1261 2324 1367 2362 Rom.
1402 2325 1444 2372 l,
1484 2327 1511 2366 2

851 2391 938 2430 pag.
960 2381 1026 2420 26.
1056 2380 1225 2417 Bredow.
1247 2380 1269 2417 l.
1292 2380 1312 2417 l.
1334 2393 1422 2431 pag,
1442 2380 1511 2417 V11

852 2436 994 2485 (ibique
1015 2436 1193 2474 Herodot.
1213 2437 1285 2484 III,
1316 2439 1381 2479 98.
1419 2436 1510 2478 104.

853 2490 928 2542 [ubi
955 2493 1026 2528 vid.
1058 2497 1152 2530 nott.
1172 2506 1257 2543 pag.
1282 2493 1377 2544 192]
1416 2494 1509 2535 105.

851 2548 914 2595 lV,
939 2546 1025 2597 44.)
1052 2549 1151 2597 XVI,
1180 2550 1410 2587 Herodotum
1432 2563 1509 2587 me-

849 2605 918 2641 rito
954 2604 1130 2652 laudans,
1172 2607 1272 2655 quod
1304 2607 1441 2656 primus
1469 2607 1505 2643 in

847 2662 1007 2711 priorum
1049 2663 1261 2712 scriptorum
1299 2667 1508 2701 commenta

849 2718 1075 2767 inquisiverit
1123 2732 1261 2768 eaque,
1299 2732 1374 2757 non
1418 2720 1505 2756 satis

850 2774 954 2812 firmo
970 2788 1064 2824 quae
1082 2775 1186 2812 inniti
1202 2776 1414 2813 viderentur
1423 2777 1505 2812 fun-

851 2832 1044 2879 damento,
1081 2831 1283 2870 convellere
1311 2832 1502 2869 studuerit.

850 2887 908 2926 De
935 2901 1009 2938 quo
1033 2889 1217 2940 scriptoris
1233 2888 1346 2925 nostri
1366 2888 1503 2935 studio,
