1904 3304
585 249 940 291 THALIA.
1000 250 1060 290 Ill.

1367 253 1451 293 113

181 375 279 416 ρευε
310 358 412 411 στάς
441 358 484 412 ἐς
511 359 647 417 μέσον
675 361 728 404 τά
758 359 1041 417 ἐντεταλμένα
1079 359 1125 403 ἐκ
1161 363 1243 404 τοῦ
1273 359 1451 417 Μάγου.

150 431 421 488 ΞΚαμβύσης
460 431 505 475 δὲ
545 431 738 483 ἀκούσας
766 436 903 476 ταῦτα
932 433 978 476 ἐκ
1007 434 1087 475 τοῦ
1116 430 1332 487 κη’ρυκος,
1377 433 1452 476 καὶ

179 503 357 554 ἐλπίσας
386 520 461 557 μιν
490 504 630 558 λέγειν
661 501 846 558 άληθέα,
898 501 1030 554 αὐτός
1067 519 1111 546 τε
1149 500 1452 556 προδεδόσθαι

178 573 228 617 ἐκ
260 571 565 629 Πρηξάσπεος,
597 574 872 630 (πεμφθέντα
898 572 983 629 γὰρ
1015 572 1153 617 αὐτόν
1185 572 1244 625 ὠς
1275 573 1509 618 &nome-30

180 646 337 689 νέοντα
366 645 582 701 Σμέρδιν,
614 643 667 688 οὐ
696 648 875 700 ποιῆσαι
904 648 1040 688 ταῦτα
1053 646 1080 701 ,)
1112 645 1273 701 βλέψας
1302 644 1345 696 ἐς
1374 644 1453 689 τὸν

153 715 471 772 3Πρηξάσπεα,
501 713 614 759 εἶπε·
674 746 699 765 ,,
714 713 992 770 Πρήξασπες,
1034 716 1149 759 οὕτω
1179 733 1255 771 μοι
1283 715 1454 773 διεπρή-

179 788 256 840 ξαο
284 787 332 830 τό
363 804 431 831 τοι
459 787 712 844 προσέθηκα
740 791 977 843 πρῆγμα;“
1031 786 1081 830 Ὃ
1111 787 1155 830 δὲ
1194 785 1308 831 εἷπε·
1369 782 1454 840 „⁷52

180 858 388 909 δέσποτα,
433 857 514 902 οὐκ
555 859 642 902 ἔστι
677 861 813 900 ταῦτα
851 855 1037 913 ἀληθέα,
1089 857 1202 910 ὅκως
1244 857 1343 901 κοτέ
1382 870 1453 902 σοι

178 929 370 985 Σμέρδις
400 928 612 985 άδελφεὸς
643 927 665 973 ὁ
698 928 773 979 σὸς
801 928 1081 984 ἐπανέστηκε,
1129 928 1230 973 οὐδὲ
1270 927 1382 981 ὅκως
1413 935 1508 973 τι35

179 1001 222 1052 ἐξ
260 1001 428 1044 ἐκείνου
462 1005 541 1043 τοῦ
583 998 747 1053 ἀνδρὸς
786 998 932 1050 νεῖκός
972 1016 1040 1043 τοι
1082 1001 1201 1043 ἔσται
1230 999 1257 1056 ἢ
1285 1002 1395 1056 μέγα
1424 1000 1455 1058 ἦ

189 1071 393 1128 σμικρόν·
430 1071 513 1127 ε’γώ
534 1071 617 1127 γὰρ
637 1069 792 1122 αὐτός,
824 1070 1011 1126 ποιήσας
1026 1070 1079 1114 τὰ
1100 1072 1154 1115 σύ
1173 1088 1225 1128 με
1251 1071 1456 1124 ἐκέλευες,

159 1142 335 1192 4ἔθαψά
367 1159 442 1198 μιν
470 1143 585 1198 χερσὶ
622 1147 722 1200 τῇσι
749 1141 983 1197 ἐμεωυτοῦ.
1041 1144 1078 1187 εἰ
1107 1143 1186 1200 μέν
1214 1160 1299 1186 νυν
1328 1144 1370 1188 οἱ
1393 1160 1456 1188 τε-

186 1218 374 1265 θνεῶτες
405 1212 650 1265 ἄνεστέασι,
680 1211 920 1267 προσδέκεό
942 1231 1010 1257 τοι
1031 1214 1104 1258 καὶ
1129 1212 1364 1271 Ἀστυάγεα
1380 1214 1459 1259 τὸν

189 1287 349 1340 Μῆδον
379 1285 774 1340 ἐπαναστήσεσθαι·
814 1285 850 1326 εἰ
883 1282 925 1326 δ’
956 1284 1044 1328 ἔστι
1075 1285 1219 1340 ὥσπερ
1249 1286 1334 1343 πρὸ
1364 1290 1460 1340 τοῦ,

191 1352 245 1397 οὐ
275 1355 334 1411 μή
364 1371 403 1398 τι
432 1372 499 1399 τοι
528 1356 574 1399 ἔκ
606 1372 652 1411 γε
683 1356 850 1399 ἐκείνου
879 1354 1094 1409 νεώτερον
1132 1354 1518 1414 άναβλαστήσει.40

151 1429 268 1468 5νῦν
299 1421 361 1468 ὦν
389 1443 465 1481 μοι
497 1427 659 1478 δοκέει,
691 1426 1037 1482 μεταδιώξαντας
1058 1426 1135 1470 τὸν
1153 1425 1345 1484 κήρυκα,
1375 1429 1458 1480 ἐξε-

179 1496 322 1550 τάζειν
371 1499 654 1552 εἰρωτεῦντας
703 1495 809 1551 παρ’
859 1496 958 1541 ὅτευ
1002 1497 1124 1555 ἥκων
1163 1496 1457 1553 προαγορεύει
1515 1514 1597 1553 228

54 1566 119 1611 63
178 1567 282 1624 ἡμῖν
312 1568 530 1623 Σμέρδιος
560 1569 761 1624 βασιλέος
792 1568 1021 1612 άκούειν.“
1085 1573 1231 1613 Ταῦτα
1258 1571 1458 1621 εἴπαντος
1514 1574 1711 1640 ξῇξέἒξῗιξζῑ
1738 1574 1791 1636 {23

183 1639 492 1697 Πρηξάσπεος,
521 1639 646 1696 ἤρεσε
676 1639 758 1694 γάρ
793 1638 1029 1696 Καμβύσῃ,
1062 1636 1220 1683 αὐτίκα
1250 1642 1456 1696 μεταδίω·
1513 1629 1723 1671 rumratetu'r.

181 1728 282 1762 κτος
310 1709 544 1767 γενόμενος
575 1709 598 1754 ὁ
629 1712 766 1767 κῆρυξ
802 1705 887 1767 ἧκε.
949 1709 1190 1765 ἀπιγμένον
1220 1711 1266 1755 δέ
1296 1728 1371 1767 μιν
1401 1713 1511 1755 εἷ’-45

152 1789 287 1837 Ξρετο
335 1780 358 1826 ὁ
401 1781 668 1838 Πρηξάσπης
710 1779 831 1825 τάδε·
907 1780 1196 1838 ,,’Ώνθρωπε,
1243 1782 1332 1840 φής
1369 1782 1454 1838 γάρ

127 1917 183 1953 nis
213 1917 359 1953 vocibus
389 1917 506 1954 dictus
538 1915 717 1955 Articulus
742 1919 790 1955 Al

127 1985 310 2021 nunquam
336 1975 570 2023 usurpatur.“

185 2024 214 2078 ἢ
236 2027 333 2080 μέγα
354 2024 380 2079 ἢ
403 2026 585 2079 σμικρόν]
608 2030 628 2065 i.
649 2043 679 2067 e.
700 2031 789 2067 nihil

125 2098 292 2135 prorsus,
323 2091 362 2122 ut
388 2086 442 2131 V,
479 2088 557 2125 106
596 2092 632 2121 et
662 2089 788 2123 crebro

128 2142 227 2191 apud
255 2146 418 2178 oratores
448 2141 608 2187 Atticos,
643 2147 683 2178 ut
712 2157 790 2179 mo-

127 2198 206 2234 nuit
220 2198 392 2235 Valcken.
431 2198 490 2234 Ad
512 2192 713 2237 άνεστέασι
744 2201 787 2237 cf.

128 2253 155 2299 Ι,
179 2257 260 2295 200
282 2255 357 2290 init.

184 2305 234 2349 οὗ
257 2306 311 2361 μή
334 2326 369 2349 τι
388 2325 447 2349 τοι
463 2331 518 2337 ——
543 2304 791 2361 α’ναβλαστή-

129 2365 209 2416 σει]
241 2368 262 2403 i.
295 2381 326 2404 e.
359 2368 452 2403 nihil
487 2367 679 2416 quidquam
712 2370 794 2404 ηουί

129 2423 170 2470 (ἰ.
194 2436 223 2460 e.
249 2424 352 2472 mali)
375 2424 454 2460 inde
475 2424 542 2459 tibi
561 2428 737 2470 nascetur,
760 2437 787 2460 s.

130 2477 322 2525 efflorescet.
356 2480 393 2516 In
412 2480 572 2530 pluribus
587 2480 686 2517 libris
706 2486 791 2530 post

129 2532 322 2587 νεώτερον
347 2538 516 2574 inseritur
536 2533 683 2585 κακὸν,
714 2550 791 2574 ma-

131 2590 184 2635 le3
213 2593 346 2642 quippe
376 2593 443 2630 hoc
471 2594 590 2642 ipsum
626 2598 723 2631 tecte
754 2598 791 2630 et

130 2659 196 2697 per
214 2650 394 2695 quendam
410 2649 695 2699 euphemismurn
711 2650 790 2699 ipsa

134 2715 219 2738 voce
241 2700 430 2755 νεώτερον
444 2706 658 2742 continetur.
683 2706 789 2742 Conf.

132 2758 287 2795 Pausan.
310 2760 372 2805 IV,
392 2762 457 2806 35,
480 2764 516 2801 2.
544 2762 724 2799 Herodot.
746 2763 790 2808 V,

136 2816 198 2854 19.
223 2814 286 2854 35.
311 2817 376 2855 93.
395 2817 491 2862 wll,
516 2816 602 2858 142.
624 2818 789 2866 Thucyd.

132 2870 161 2915 I,
188 2872 277 2910 132.
308 2872 432 2922 Eurlp.
457 2873 568 2909 Rhes.
589 2876 683 2914 590.
707 2874 790 2910 Ari-

132 2927 252 2977 stoph.
282 2928 417 2965 Eccles.
445 2929 547 2973 310,
577 2929 665 2976 alia,
696 2941 790 2978 quae

183 2983 393 3023 HERODOT.
429 2984 474 3022 ll.

847 1916 970 1954 attulit
990 1916 1163 1955 Valcken.
1209 1918 1297 1955 Inde
1316 1918 1413 1968 apud
1434 1918 1513 1955 He-

847 1975 926 2011 rod.
958 1974 994 2020 I,
1023 1977 1129 2021 210,
1167 1976 1296 2011 eodem
1325 1979 1512 2020 monente,

848 2026 1020 2080 νεώτερα
1052 2026 1260 2080 βουλεύειν
1292 2031 1430 2067 insidiis
1459 2030 1513 2066 al-

847 2087 914 2123 teri
932 2088 1079 2123 structis
1102 2100 1156 2122 'res
1174 2099 1279 2122 novas
1300 2086 1423 2122 moliri.
1446 2086 1511 2123 Cr.

848 2143 942 2179 conf.
968 2143 1161 2179 Heindorf.
1184 2144 1231 2179 ad
1252 2142 1396 2179 Platon.
1424 2142 1514 2178 Pro-

850 2204 966 2247 tagor.
1000 2212 1085 2248 pag.
1118 2201 1212 2239 461.
1247 2222 1296 2226 —
1335 2194 1512 2249 α’ναβλα-

851 2250 1008 2292 στάνειν
1029 2256 1177 2304 proprie
1199 2256 1247 2292 de
1267 2255 1400 2305 plantis
1424 2256 1513 2292 dici-

849 2316 907 2347 tur
926 2313 1155 2348 nascentibus
1184 2316 1219 2348 et
1242 2311 1512 2360 pullulantibus,

849 2368 934 2405 dein
953 2369 999 2404 ad
1017 2367 1104 2404 alias
1123 2369 1267 2416 quasvis
1297 2369 1513 2405 transfertur

847 2437 916 2461 res.
949 2424 1056 2461 Cous.
1077 2424 1158 2469 Vll,
1182 2425 1260 2464 150·
1288 2430 1323 2461 et
1345 2429 1436 2461 nott.
1465 2425 1513 2461 ad

848 2480 877 2525 1,
897 2481 961 2519 66.
983 2503 1033 2507 —
1063 2480 1103 2517 ln
1121 2481 1284 2530 proxime
1307 2494 1424 2530 seqq,
1451 2481 1513 2517 ubi

849 2537 1034 2573 sancrosti
1078 2536 1166 2574 liber
1211 2536 1345 2574 omittit
1386 2535 1512 2575 δοκέει

848 2593 1023 2642 idemque
1064 2593 1209 2630 exhibet
1249 2589 1513 2644 μεταδιώξας,

849 2649 1113 2699 W'esselingius
1145 2651 1274 2699 reponi
1302 2650 1398 2687 vult:
1437 2651 1515 2687 νῦν

852 2699 908 2743 ὦν
932 2721 998 2755 μοι
1026 2706 1271 2755 μεταδιώξας
1292 2703 1358 2745 τὸν
1389 2701 1514 2756 κήρυ-

849 2777 899 2799 κα
917 2758 1108 2809 ἐξετάζειν
1128 2757 1227 2812 παρ’
1250 2759 1338 2801 ὅτευ
1366 2778 1400 2800 κ.
1424 2778 1455 2800 τ.
1479 2765 1512 2799 λ.

848 2816 1110 2865 ἐξετάζειν
1138 2831 1181 2855 ex
1210 2818 1244 2854 h.
1266 2819 1288 2855 l.
1312 2820 1397 2855 citat
1421 2818 1510 2856 Lex.

848 2874 935 2923 Seg.
967 2887 1052 2925 pag.
1086 2877 1162 2919 96,
1196 2876 1261 2914 28.
1314 2874 1372 2911 De
1397 2876 1512 2911 forma

846 2925 962 2969 ὅτευ
984 2932 1077 2968 conf.
1098 2932 1127 2977 I,
1152 2933 1176 2970 7
1197 2931 1284 2979 ibiq.
1306 2934 1396 2966 nott.

1213 2988 1237 3027 8
