1904 3304
473 240 566 278 AD
625 234 1063 278 HERODOT.
1124 234 1322 280 111‚116.
1565 232 1652 272 655

149 361 272 408 gatam
291 356 402 393 fuisse
420 353 637 398 arbitratui-3
667 365 779 403 supra
803 353 875 388 iam
895 346 1266 388 commemoravimus.
1297 345 1410 382 Cuius
1434 345 1651 383 confusionis

148 424 382 476 praecipuum
402 426 586 459 auctorem
607 420 721 458 videri
740 419 922 464 Ctesiam3
951 418 1066 467 ipsam
1087 416 1133 452 de
1159 413 1310 464 gryphis
1339 411 1497 450 fabulam
1526 425 1546 449 e
1564 425 1654 463 poe-

146 498 262 529 tarum
285 488 588 538 descriptionibus
610 488 656 525 de
675 491 805 535 geute,
835 498 929 534 quae
949 483 1179 521 venationem
1197 481 1376 519 falconum
1396 493 1467 531 ope
1488 492 1655 517 exercue-

148 561 217 605 rit,
261 558 347 594 oriri
379 555 543 607 potuisse
572 554 668 591 idem
698 554 902 603 suspicatur
931 551 1038 588 Liuk.
1089 551 1209 594 Quam
1240 550 1360 599 potius
1391 562 1435 585 ex
1464 548 1656 586 Persarum

147 625 312 663 doctrina
336 637 438 661 sacra
460 624 509 659 ita
530 621 699 672 explicari
720 623 794 658 vult
816 620 949 657 Rhode
985 618 1128 664 (Ueber
1145 617 1247 655 Alter
1268 619 1340 654 und
1362 616 1490 654 u'erth
1521 616 1659 664 einiger

147 692 330 742 Morgenl.
351 690 520 729 Urkund.
542 702 629 739 pag.
649 690 702 728 98
722 701 826 738 seqq.
878 687 948 725 Die
967 685 1096 735 heilige
1115 687 1214 735 Sage
1238 686 1304 723 der
1318 685 1476 723 Baktrer
1487 713 1499 730 ‚
1529 683 1660 720 Meder

148 766 217 799 etc.
251 772 336 810 pag.
355 760 436 800 227
465 758 588 806 seq.),
618 761 659 793 ut
681 755 822 806 Gryphi
851 755 922 791 sint
943 753 1146 791 Alcn'mam‘t'
1166 753 1264 803 genii
1286 766 1313 789 s.
1339 753 1465 799 Dews,
1506 763 1659 801 quorum

147 828 319 876 frequens
349 826 387 862 in
414 825 512 862 libris
532 825 724 862 Persarum
747 823 903 868 mentio,
931 822 992 870 qui
1011 834 1076 871 per
1098 822 1240 859 deserta
1258 821 1423 871 palantes
1442 819 1655 871 peregrina—

148 895 285 931 toribus
309 894 429 931 infesti
451 905 530 930 esse
552 893 775 940 eosdemque
798 889 981 939 quibusvis
1004 889 1108 926 malis
1135 901 1299 939 premere
1315 893 1508 939 putentur,
1538 898 1655 936 aqua-

148 974 228 998 rum
257 960 402 1010 inopia,
431 960 547 997 ventis
576 959 752 996 sabulosis
771 962 883 1006 atque
906 957 1154 1002 internecivis,
1185 969 1278 1005 quos
1303 957 1446 994 nonnisi
1471 955 1531 1006 qui
1555 956 1656 992 velo-

147 1029 296 1066 cissimis
322 1031 443 1064 utatur
471 1026 572 1074 equis
602 1025 764 1074 effugere
787 1024 915 1075 possit.
978 1023 1085 1067 Quae
1104 1027 1226 1060 tamen
1245 1024 1375 1061 merito
1397 1025 1657 1075 displicuerunt

147 1096 347 1134 Hammero
375 1095 412 1131 in
431 1093 575 1131 Annall.
607 1094 825 1131 Viennenss.
846 1092 899 1129 lX
918 1104 1005 1141 pag.
1030 1090 1082 1131 53
1104 1095 1195 1127 nott.
1214 1091 1292 1128 coll.
1321 1091 1464 1129 Annall.
1487 1091 1657 1129 Heidelb.

152 1165 259 1203 1823
290 1175 368 1200 nro·
391 1164 415 1203 6
438 1175 522 1212 pag.
546 1164 611 1203 92.
634 1163 686 1202 93
701 1190 713 1208 ,
742 1173 821 1197 cum
841 1172 962 1208 neque
983 1159 1040 1195 avi
1061 1159 1217 1208 Simurg.
1250 1159 1435 1209 (sphingi)
1464 1172 1585 1208 neque
1600 1158 1659 1195 avi

148 1231 252 1268 Roch
270 1229 451 1280 (grypho)
478 1230 677 1279 quidquam
699 1230 746 1266 sit
763 1239 955 1266 commune
973 1238 1051 1262 cum
1074 1226 1152 1262 istis
1172 1226 1275 1263 malis
1295 1228 1423 1276 geniis.
1467 1227 1565 1271 Quin
1584 1238 1659 1263 non

151 1299 364 1345 defuerunt,
396 1297 459 1347 qui
478 1296 650 1347 Gryphos
680 1309 803 1333 aurum
831 1294 1082 1333 custodientes
1108 1306 1187 1330 cum
1205 1294 1401 1332 Cherubim
1430 1307 1554 1332 sacrae
1575 1293 1661 1331 scri-

150 1370 294 1416 pturae,
316 1365 474 1414 paradisi
499 1366 688 1402 introitum
709 1362 1008 1408 custodientibus,
1034 1362 1311 1410 contenderent,
1341 1364 1534 1414 ipsumque
1552 1374 1661 1413 para-

153 1434 272 1470 disum
292 1445 372 1469 cum
394 1433 436 1470 ea
450 1434 568 1480 terra,
599 1446 707 1482 quam
726 1432 801 1469 auri
826 1431 970 1481 plenam
991 1430 1133 1480 Gryphi
1164 1431 1273 1467 tutari
1299 1432 1487 1477 dicuntur,
1529 1431 1565 1467 in
1588 1441 1660 1479 qua

152 1512 311 1547 auream,
335 1512 441 1549 quam
465 1500 601 1546 dicunt,
623 1505 779 1538 aetatem
800 1499 968 1548 degerint
987 1498 1164 1535 homines.
1221 1498 1307 1535 Vid.
1333 1498 1456 1537 Hasse
1474 1497 1659 1535 Entdeck.

152 1568 200 1604 im
217 1566 330 1605 Felde
356 1567 422 1604 der
448 1567 567 1604 altest.
590 1568 691 1603 Erd-
712 1568 787 1604 und
806 1566 1131 1614 Mensehengesch.
1157 1579 1243 1616 pag.
1264 1566 1346 1606 235
1368 1567 1407 1603 ff.
1438 1567 1659 1603 Hartmann.

151 1633 419 1682 Aufkl‘arungg.
437 1635 526 1672 iiber
542 1634 654 1672 Asien
678 1636 693 1671 Ι
714 1647 799 1685 pag.
821 1636 899 1675 137
924 1646 1027 1683 seqq.
1071 1632 1130 1670 Ad
1151 1635 1312 1671 Indicam
1333 1647 1434 1671 avem
1455 1646 1592 1671 sacram
1611 1631 1660 1668 dii

152 1701 336 1748 Vischnu‚
365 1713 459 1750 quae
486 1706 635 1740 vocetur
657 1702 851 1749 Garoucla,
883 1702 1025 1752 capite,
1058 1702 1211 1751 pennis,
1241 1703 1423 1751 unguibus
1443 1702 1586 1751 aquilae
1605 1701 1661 1737 in-

154 1773 348 1816 structam,
387 1769 540 1805 hominis
566 1783 718 1820 corpore
745 1783 788 1808 ac
816 1770 971 1820 pedibus
980 1798 993 1815 ,
1034 1769 1280 1807 narrationem
1305 1771 1352 1806 de
1382 1770 1543 1820 Gryphis
1573 1782 1660 1819 spe-

153 1842 252 1875 ctare
273 1841 396 1874 censet
412 1836 569 1874 wilford
588 1838 623 1875 in
642 1838 783 1875 Asiatik
802 1837 995 1875 Research.
1019 1836 1119 1883 XIV,
1146 1838 1227 1878 373
1259 1837 1340 1875 coll.
1363 1838 1494 1877 Vienn.
1516 1835 1659 1874 Annall.

153 1905 204 1942 LI
221 1917 307 1956 pag.
327 1906 379 1944 33
397 1917 500 1954 seqq.
530 1904 611 1942 Alia
635 1919 730 1944 nunc
752 1906 880 1943 lubens
905 1909 1075 1950 transe03
1104 1904 1174 1941 hoc
1193 1917 1302 1941 unum
1321 1905 1514 1950 adiiciens,
1543 1904 1660 1954 ipsam

154 1985 280 2010 vocem
310 1967 422 2023 γρύψ
452 1971 622 2010 Persicae
650 1974 798 2022 originis
820 1973 934 2009 videri
954 1971 1164 2020 Tychsenio
1202 1971 1281 2021 (ap.
1307 1971 1604 2009 Heeren.1deen
1632 1971 1661 2017 I,

155 2042 182 2079 2
205 2052 290 2090 pag.
312 2040 426 2087 386).
478 2039 660 2077 Persicam
683 2042 778 2079 enim
799 2053 924 2077 vocem
946 2039 1106 2089 gerez'fen
1126 2038 1246 2076 valere
1265 2039 1342 2076 vult
1361 2040 1522 2089 greifen3
1560 2039 1660 2076 cuius

155 2108 412 2146 terminatione
439 2108 601 2154 abiecta,
631 2121 778 2146 manere
798 2107 912 2158 greis,
944 2107 1044 2157 quod
1063 2107 1181 2157 ipsum
1203 2107 1396 2144 conveniat
1416 2121 1496 2145 cum
1520 2107 1662 2144 Graeca

156 2187 245 2212 voce
268 2169 391 2226 γρύψ.
430 2173 526 2212 Utut
546 2179 622 2223 est,
658 2188 703 2213 ex
720 2176 860 2213 oriente
889 2174 1048 2213 fabulam
1067 2175 1115 2212 de
1140 2174 1302 2225 Gryphis
1328 2176 1375 2212 ad
1396 2175 1557 2212 Graecos
1577 2173 1665 2211 alla-

155 2247 232 2279 tam
269 2254 372 2286 esse,
409 2242 557 2281 minime
596 2244 757 2281 dubium.
813 2243 923 2294 Apud
954 2255 1047 2292 quos
1076 2247 1250 2292 quantum
1276 2242 1394 2280 locum
1424 2246 1565 2280 mature
1592 2243 1664 2278 iam

156 2310 337 2358 tenuerit,
366 2310 583 2348 documento
611 2316 698 2349 sunt
726 2311 813 2348 artis
839 2323 972 2361 opera:
1010 2311 1046 2346 in
1072 2311 1202 2360 quibus
1229 2311 1441 2359 frequenter
1473 2312 1665 2346 occurrunt

156 2377 288 2429 gryphi
305 2378 405 2415 varia
424 2379 539 2416 forma
559 2391 601 2416 ac
621 2379 885 2428 significatione
905 2382 1051 2414 ornatus
1079 2390 1186 2415 causa
1214 2377 1386 2423 adhibiti3
1423 2381 1462 2414 at
1480 2377 1567 2426 quid
1595 2389 1664 2427 po-

157 2445 337 2482 tissimum
374 2446 418 2482 iis
458 2446 656 2495 indicetur,
694 2447 791 2484 haud
821 2459 969 2496 prorsus
1000 2446 1139 2495 liquere
1169 2445 1311 2482 videtur
1336 2444 1516 2482 Vtilckero
1543 2443 1662 2492 Myth.

161 2512 299 2561 Geogr.
316 2513 333 2549 I
352 2526 438 2563 pag.
461 2513 559 2561 184,
592 2515 661 2551 nisi
680 2519 720 2552 ut
747 2515 962 2565 sphingibus
991 2514 1040 2550 ita
1070 2513 1217 2563 gryphis
1244 2512 1350 2550 altius
1379 2513 1465 2561 quid
1487 2525 1528 2548 ac
1547 2512 1662 2560 magis

160 2580 395 2627 reconditum,
419 2594 586 2618 arcanam
603 2582 784 2631 quandam
808 2581 1022 2631 sapientiam
1044 2581 1237 2629 significari
1255 2584 1407 2616 statuas.
1441 2579 1518 2616 Sed
1539 2580 1585 2617 de
1606 2579 1663 2617 his

160 2646 323 2697 pluribus
352 2648 558 2699 disputare,
589 2649 691 2685 huius
720 2648 789 2686 loci
810 2662 883 2685 nun
906 2654 972 2685 est.
1023 2648 1084 2686 Tu
1104 2649 1176 2684 vid.
1195 2648 1373 2694 Bottiger.
1395 2646 1661 2696 Kunstmytho-

159 2714 231 2764 log.
261 2714 274 2750 l
311 2727 397 2764 pag.
416 2716 510 2758 422.
556 2715 846 2766 Vasengem'alde
877 2717 946 2763 ΙΙΙ,
989 2715 1080 2757 105.
1133 2715 1304 2753 Creuzer.
1332 2714 1494 2763 Symbol.
1524 2715 1541 2750 Ι
1573 2725 1660 2764 pag,

160 2780 255 2822 443.
287 2782 380 2823 540.
