1904 3304
563 240 1133 284 MELPOMENE.

273 356 403 406 ἔθνος
441 354 607 398 πολλὸν
654 354 727 397 καὶ
774 355 913 397 ἰ’διον·
973 351 1133 406 ζώουσι
1174 350 1220 394 δὲ
1261 346 1348 393 ἀπὸ
1386 349 1540 406 θήρης.
1596 363 1617 417 f

1191 240 1251 280 IV.
1457 240 1542 281 317

1613 399 1630 425 5

1619 358 1687 384 ctae
1697 377 1705 390 ‚
1723 357 1877 393 vicinique

1635 398 1706 418 reae
1715 400 1722 418 :
1770 391 1876 418 horum

243 425 486 482 3Συνεχέες
537 426 583 470 δὲ
633 425 831 469 τούτοισι
881 425 928 468 ἐν
980 429 1094 467 τοῖσι
1145 419 1317 465 αὐτοῖσι
1363 420 1877 492 τόποισιδοῦζέξζᾞεῐᾞζὲ-

270 497 577 554 κατοικημένοι
607 498 687 542 εἰσὶ
720 502 833 541 τοῖσι
869 494 1040 551 οὕνομα
1069 499 1205 539 κεῖται
1231 491 1420 547 Ἰῦρκαι,
1463 493 1539 536 καὶ
1598 499 1660 518 “¹¹¹¹
1678 500 1805 527 versus,
1823 492 1876 520 ³¹³¹

217 634 385 683 gionibus
408 632 526 682 planis
550 636 670 670 terrae
688 631 872 681 Captchac

217 703 332 739 usque
360 691 407 726 ad
437 691 584 726 fluvium
609 690 660 726 lbi
691 689 874 725 habitasse

214 752 400 797 posuerat,
433 747 569 784 exstitit
587 746 769 782 Gatterer.
782 774 792 790 ‚
812 744 872 793 qui

214 805 293 840 loco
315 816 424 853 supra
445 803 589 840 laudato
609 816 644 852 p.
657 802 721 842 34.
749 801 874 850 Thys-

215 864 362 909 sagetas
381 864 415 896 et
437 860 573 908 Zyrcas
593 863 725 896 terram
744 858 874 906 Kirgi-

215 930 334 953 sorum
365 917 512 952 minoris
540 915 712 959 Hordae,
752 914 873 951 Hero-

215 974 292 1010 doti
312 977 407 1010 certe
428 977 573 1017 aetate,
602 972 764 1009 tenuisse
784 983 872 1007 con-

215 1030 343 1068 tendit.
391 1030 462 1073 Qni
491 1030 586 1066 idem
620 1028 720 1077 apud
742 1027 874 1064 Biller-

216 1087 320 1124 beck.
344 1085 506 1123 Difficill.
527 1084 588 1121 As.
623 1097 710 1134 pag.
738 1083 792 1124 25
826 1084 872 1120 de

214 1143 282 1180 hoc
292 1142 472 1179 Herodoti
485 1141 563 1179 loco
575 1142 669 1178 hunc
678 1141 714 1177 in
724 1141 871 1177 modum

216 1200 434 1249 disputavit:
455 1199 602 1249 „Supra
612 1198 775 1234 Budinos
787 1197 872 1233 inde

215 1268 237 1292 a
248 1256 401 1292 Samara
413 1256 522 1292 fluvio
537 1268 651 1304 usque
662 1254 709 1290 ad
722 1254 872 1289 fluvium

216 1312 294 1348 Iaik
326 1316 362 1348 et
393 1312 478 1348 inde
507 1312 554 1348 ad
591 1312 774 1348 desertum
804 1308 872 1346 Vll

217 1368 354 1405 dierum
368 1368 435 1404 iter
446 1369 576 1413 fuisse3
603 1368 649 1404 ad
667 1368 765 1404 cuius
782 1366 872 1403 fines

216 1425 261 1460 ab
303 1425 442 1461 oriente
478 1424 570 1460 ultra
611 1423 758 1460 fluxium
798 1423 874 1458 laik

217 1480 466 1529 Thyssagetas
487 1480 676 1517 incoluisse
691 1493 807 1528 usque
826 1479 874 1515 ad

214 1537 363 1585 Iyrkas‚
405 1537 466 1585 qui
485 1538 542 1573 vix
570 1549 683 1585 usque
712 1536 759 1572 ad
781 1535 872 1584 lrgis

215 1594 251 1630 fl.
278 1592 441 1629 habitare
464 1598 637 1642 potuere,
678 1605 800 1628 verum
823 1592 871 1627 ad

215 1648 292 1685 Ilek
312 1650 349 1685 fl.
373 1648 429 1686 vel
451 1650 497 1686 ad
520 1648 578 1686 Uil
608 1648 870 1699 campestribus

215 1706 390 1742 insedisse
411 1705 615 1742 videantur.
648 1705 727 1742 Etsi
746 1705 784 1741 in
803 1717 872 1755 po-

214 1761 306 1812 pulis
325 1761 555 1798 Nomadibus
585 1774 659 1798 non
687 1762 780 1799 adeo
804 1762 872 1797 mi-

214 1832 293 1854 rum
315 1819 431 1863 foret,
459 1819 487 1855 si
511 1831 623 1867 usque
645 1819 691 1855 ad
710 1819 747 1854 fi.
780 1817 870 1866 Irgis

214 1875 467 1922 cognominem
493 1875 569 1912 fere
592 1875 774 1912 habitasse
802 1887 873 1924 pu-

215 1933 384 1967 tentur.“
441 1930 563 1979 Atque
584 1931 697 1968 altero
720 1931 812 1976 loco,
835 1931 872 1966 in

216 1987 437 2024 Commentt.
456 1987 587 2024 societ.
603 1986 873 2037 Gotting.X1V

214 2056 251 2093 p.
271 2044 323 2083 36
357 2043 518 2093 pluribus
544 2045 733 2092 utriusque
753 2044 872 2093 gentis

214 2100 443 2149 persequitur
488 2101 710 2137 secessiones
762 2107 872 2149 atque

214 2156 462 2204 migrationes,
494 2169 587 2205 quae
609 2157 759 2206 posthac
779 2157 873 2193 acci-

215 2212 344 2249 derint.
385 2212 564 2249 Rennelio
584 2226 619 2262 p.
645 2211 725 2252 416
743 2226 819 2262 seq.
837 2217 873 2250 et

214 2269 396 2306 Mannert.
418 2268 468 2305 IV
494 2282 530 2318 p.
557 2271 633 2310 109
660 2269 873 2318 Thyssage-

213 2329 272 2362 tae
296 2326 390 2362 intra
413 2324 559 2362 Tanain
581 2327 803 2375 superiorem
831 2339 873 2362 ac

213 2381 368 2430 Volgam
391 2382 426 2417 in
444 2382 618 2430 gubernio
633 2383 798 2419 Saratow
815 2395 873 2419 se-

213 2438 276 2475 des
288 2451 369 2474 snas
380 2438 549 2475 habuisse
560 2439 728 2476 videntur
739 2453 749 2484 ς
764 2451 871 2488 quae,

212 2498 360 2531 auctore
381 2494 539 2531 Heeren.
558 2495 670 2532 ldeen
693 2496 718 2541 l,
741 2498 766 2536 2
786 2509 871 2546 pag.

215 2551 317 2595 281,
348 2552 384 2586 in
412 2551 588 2599 gubernio
613 2551 719 2589 Perm
752 2565 869 2602 prope

213 2611 371 2643 montem
389 2607 480 2644 Ural
511 2608 558 2644 ad
585 2608 675 2645 fines
704 2608 869 2646 Siberiae

215 2663 444 2710 quaerendae
472 2668 555 2701 sunt
578 2665 748 2714 adeoque
776 2664 869 2702 ulte-

214 2718 285 2753 rius
305 2719 456 2755 forsitan
483 2721 767 2770 septentrionem
786 2734 868 2759 ver-

216 2786 298 2820 sus,
337 2775 365 2810 si
389 2776 535 2823 quidem
564 2790 699 2826 magna
731 2781 767 2816 et
796 2779 870 2816 fre·

215 2842 330 2879 quens
356 2831 465 2869 fuisse
492 2835 654 2882 putanda
682 2838 739 2872 est
765 2847 869 2884 gens·

214 2886 299 2930 Quo
323 2887 361 2923 in
381 2888 510 2926 eodem
530 2890 704 2938 gubernio
733 2903 868 2941 magna

932 630 1073 667 urbium
1117 630 1248 666 rudera
1288 628 1406 665 adhuc
1446 627 1597 665 inveniri

932 687 1054 723 scribit
1080 687 1276 723 Reichard.
1305 685 1325 721 l.
1354 685 1374 721 l.
1408 697 1493 734 pag.
1528 684 1597 730 34,

932 744 1049 779 locum
1119 741 1303 792 Tyssowsk
1374 742 1595 790 fluviumque

936 799 1211 846 Tsclmssowaja
1253 800 1300 835 ad
1349 797 1594 848 legsssageta-

932 869 1008 892 rum
1040 869 1172 893 nomen
1202 856 1387 901 reserens,
1437 867 1593 904 quorum

931 913 1037 950 sedes
1066 913 1114 948 ad
1143 913 1289 948 fluvium
1322 912 1443 948 Kama
1479 923 1595 959 usque

931 969 1050 1015 (cuius
1108 969 1291 1005 brachium
1352 968 1466 1005 fertur
1513 980 1594 1004 esse

933 1024 1223 1074 Tsclmssowaja)
1246 1028 1438 1074 porrectae
1462 1025 1595 1061 suerint

929 1083 1099 1132 adeoque
1154 1081 1348 1119 convenire
1401 1081 1595 1118 videantur

930 1153 1010 1176 eum
1054 1139 1204 1188 antiquo
1246 1150 1361 1187 regno
1397 1138 1592 1184 Biarmiae,

931 1196 978 1233 de
1000 1209 1072 1245 quo
1094 1196 1205 1232 multa
1223 1196 1388 1232 serantur
1404 1195 1440 1231 in
1450 1194 1592 1230 Russo-

930 1266 1008 1288 rnm
1044 1253 1207 1289 historia.
1251 1250 1371 1300 Atque
1400 1251 1447 1287 ad
1474 1250 1594 1300 gentis

931 1322 1064 1345 nomen
1093 1309 1266 1358 Kiippen.
1296 1307 1496 1356 Nordgest.
1528 1307 1593 1344 des

932 1365 1039 1401 Pont.
1071 1378 1156 1415 pag.
1186 1367 1234 1405 18
1267 1370 1411 1401 revocat
1447 1364 1595 1400 nomina

935 1421 1080 1467 lez'sse,
1115 1421 1269 1467 Thelme,
1303 1423 1392 1466 sive,
1424 1424 1464 1457 ut
1486 1420 1596 1458 hodie

932 1478 1075 1527 Ungari
1096 1478 1199 1527 atqui
1217 1477 1315 1514 Slavi
1343 1477 1596 1527 pronuntiant,

934 1533 1063 1581 Tissa,
1113 1534 1274 1583 indeque
1317 1534 1424 1571 etiam
1465 1537 1594 1581 gentes

929 1603 1002 1627 non
1019 1591 1145 1641 procul
1160 1590 1363 1627 habitantes
1375 1589 1593 1626 Gothorum.

930 1647 1014 1690 Quo
1035 1648 1163 1684 eodem
1183 1647 1280 1684 idem
1301 1649 1405 1696 (pag.
1427 1646 1479 1686 95
1501 1645 1523 1684 l.
1550 1645 1592 1692 l.)

930 1704 1039 1741 refert
1053 1703 1294 1749 Thismnatas,
1316 1715 1469 1752 quorum
1490 1714 1593 1740 men-

928 1761 981 1797 tio
1002 1761 1042 1797 fit
1062 1761 1098 1797 in
1118 1761 1268 1809 antiquo
1282 1759 1413 1797 Olbiae
1425 1758 1593 1810 psephis-

930 1822 1026 1855 mate
1059 1830 1177 1868 nuper
1205 1820 1376 1867 repert0,
1419 1829 1592 1865 quorum-

929 1886 1001 1923 que
1041 1887 1197 1921 nmnen,
1248 1878 1448 1912 extremam
1493 1873 1591 1909 vocis

929 1934 1069 1980 partem
1109 1931 1138 1967 si
1176 1935 1339 1980 spectes,
1388 1929 1592 1979 comparari

928 1987 1044 2036 possit
1061 2000 1140 2024 cum
1165 1986 1463 2024 Sauromatarum
1479 1990 1592 2036 atque

930 2042 1201 2079 Iazamatarum
1221 2043 1537 2093 appellationibus.

988 2095 1130 2146 ζώουσι
1156 2097 1198 2138 δὲ
1221 2095 1301 2138 α’πό
1330 2094 1476 2149 θήρης]
1532 2098 1592 2136 De

929 2169 997 2192 usu
1023 2157 1304 2207 praepositionis
1327 2151 1404 2194 οἷπό
1426 2156 1520 2192 conf.
1546 2155 1591 2202 ll,

931 2214 984 2252 92
1008 2213 1094 2261 ibiq.
1118 2216 1209 2249 nott.
1234 2211 1298 2258 IV,
1321 2214 1385 2254 23.
1406 2210 1471 2253 46.
1500 2214 1592 2259 103,

931 2273 967 2306 et
986 2281 1082 2318 quae
1108 2269 1212 2318 plura
1240 2269 1342 2306 dabit
1361 2269 1520 2306 Fischer.
1542 2269 1592 2306 ad

931 2325 1078 2363 Weller.
1103 2326 1166 2372 ΠΙ,
1190 2329 1214 2367 6
1235 2338 1319 2375 pag.
1343 2328 1432 2366 106.

984 2376 1147 2432 Ἰῦρκαι]
1199 2382 1336 2419 Turcae
1368 2385 1451 2419 sunt
1471 2381 1590 2419 Plinio

928 2450 970 2475 ac
982 2438 1191 2484 Melael.l.;
1219 2451 1311 2487 quos
1333 2439 1460 2476 iisdem
1476 2439 1591 2476 ferme

927 2495 1012 2532 locis
1050 2500 1162 2544 atque
1199 2495 1448 2544 Thyssagetas
1487 2495 1591 2532 habi-

925 2555 1024 2589 tasse
1042 2551 1118 2589 vult
1139 2552 1322 2589 Mannert.
1343 2551 1395 2588 IV
1406 2564 1492 2602 pag.
1509 2553 1587 2592 109

925 2609 975 2644 ad
1025 2609 1250 2646 occidentem
1300 2609 1433 2646 montis
1482 2607 1586 2645 Ural.

927 2664 1012 2708 Quo
1032 2666 1132 2714 prior
1153 2665 1211 2702 De
1225 2665 1390 2713 Guignes
1408 2664 1430 2702 l.
1451 2664 1474 2701 l.
1493 2677 1585 2714 gen-

925 2726 997 2758 tem
1016 2720 1257 2771 Thyssagetis
1289 2722 1440 2758 vicinam
1470 2733 1587 2771 prope

924 2777 1041 2815 lacum
1052 2778 1204 2815 Saissan
1225 2777 1392 2823 collocat,
1410 2779 1445 2814 in
1467 2777 1588 2813 orien-

923 2833 986 2870 tali
1023 2839 1127 2884 parte
1170 2834 1330 2884 regionis
1376 2832 1581 2883 Captchac3

926 2888 1053 2940 Iyrcas
1089 2891 1208 2928 vocari
1245 2890 1400 2940 putabat
1435 2889 1583 2925 Gatter.
