1904 3304
445 276 531 317 588
838 277 1306 317 HERODOTI

442 401 531 428 των
570 387 656 428 τῶν
697 384 929 428 Γινδάνων
969 385 1172 440 νέμονται
1212 388 1495 444 Λωτοφάγοι·
1553 394 1594 433 οἳ
1631 390 1709 434 τὸν

415 454 615 509 Ξκαρπόν
645 459 815 510 μοῦνον
844 459 924 499 τοῦ
953 460 1097 500 λωτοῦ
1130 457 1368 512 τρώγοντες
1398 459 1569 512 ζώουσι.
1609 458 1632 503 ὁ
1665 461 1711 504 δὲ

443 531 523 569 τοῦ
563 530 702 569 λωτοῦ
740 526 906 580 καρπός
943 528 1032 571 ἐστι
1071 528 1261 584 μέγαθος
1299 529 1407 572 ὅσον
1442 547 1486 573 τε
1523 535 1598 587 τῆς
1629 531 1710 587 σχί-

441 613 547 640 νου·
577 596 821 653 γλυκύτητα
852 597 919 650 δὲ,
959 603 1039 642 τοῦ
1070 601 1271 654 φοίνικος
1301 604 1362 657 τῷ
1397 606 1547 658 καρπῷ
1578 613 1709 655 προσ·

442 670 616 719 εἰκελος.

443 740 710 796 Λωτοφάγοι
739 740 812 784 καὶ
843 738 980 784 οἶνον.

387 889 456 925 fuit
505 902 567 926 ora
614 890 871 940 Lotophagon.
883 894 908 912 “
983 893 1050 930 Alii

388 946 497 982 etiam
522 946 662 983 addunt
687 947 841 985 insulam
862 949 944 986 huic
964 962 1050 987 orae

388 1002 545 1039 adsitam
560 1032 572 1048 ,
601 1015 622 1040 a
642 1003 871 1054 Lotophagis
893 1007 1048 1044 maxime

389 1058 588 1096 habitatam
601 1089 610 1107 ,
651 1073 746 1109 quae
765 1074 844 1098 cum
866 1062 947 1098 olim
966 1061 1048 1099 Me-

387 1117 478 1152 ninx
526 1121 562 1153 et
605 1122 736 1167 postea
781 1118 891 1154 Girba
944 1131 1048 1155 voca-

386 1176 507 1218 retur,
546 1185 642 1209 nune
663 1174 709 1209 ab
734 1172 913 1210 Arabibus
939 1188 1046 1211 voca·

385 1232 443 1264 tur
459 1229 584 1275 Gerbo,
605 1233 702 1266 teste
723 1230 877 1267 Reunel.
898 1244 934 1279 p.
952 1233 1044 1271 662.

383 1283 568 1321 Mannert.
589 1286 643 1330 X,
673 1287 699 1326 2
731 1298 816 1335 pag.
842 1285 920 1327 143
940 1299 1044 1335 seqq.

383 1339 462 1377 coll.
494 1343 568 1381 161
594 1354 696 1390 seqq.
739 1342 795 1379 De
820 1343 908 1393 ipsis
928 1342 1044 1380 Loto—

382 1397 514 1446 phagis
553 1410 648 1446 quae
683 1398 816 1435 Graeci
849 1401 1045 1437 commenti

382 1454 537 1497 suerint,
578 1455 715 1491 referre
760 1455 921 1503 longum.
985 1457 1046 1494 Tu

382 1509 455 1546 vid.
477 1510 683 1547 Tzschuck.
710 1511 757 1548 ad
777 1511 865 1550 Mel.
889 1513 926 1560 l,
958 1516 982 1553 7
1005 1511 1042 1563 §-

382 1566 408 1607 5
434 1571 526 1603 nott.
559 1580 689 1617 exegg.
716 1580 801 1617 pag.
838 1567 918 1611 194
939 1581 1043 1618 seqq.

383 1622 451 1659 Est
473 1624 566 1660 enim
595 1624 783 1661 notissima
805 1638 895 1673 gens
915 1624 972 1662 vel
997 1626 1043 1662 ab

383 1679 534 1716 Homeri
561 1680 646 1717 inde
675 1685 798 1718 aetate
819 1682 883 1725 (cf.
907 1682 1042 1730 Odyss.

383 1736 449 1781 IX,
470 1735 728 1785 82—104)‚
758 1750 853 1786 quae
874 1738 939 1775 hac
962 1739 1042 1788 ipsa

382 1793 419 1828 in
441 1791 583 1842 Libyae
611 1807 698 1839 ora,
744 1806 839 1843 quae
870 1794 907 1830 in
942 1806 1042 1832 mare

383 1848 532 1885 multum
578 1851 779 1900 prominet,
824 1851 873 1886 ad
903 1850 1040 1899 Syrtim

382 1905 580 1952 minorem,
636 1906 779 1944 Siciliae
819 1920 838 1944 e
878 1908 1041 1955 regione,

381 1962 491 2009 igitur
516 1963 551 1998 in
570 1963 688 1999 media
708 1975 772 1999 ora
794 1963 1040 2013 Tripolitana,

382 2018 565 2055 habitasse
585 2023 764 2055 censetur.
806 2019 913 2056 Conf.
933 2020 1042 2056 Man-

380 2079 472 2112 nert.
493 2074 513 2112 l.
536 2075 559 2111 Ι.
588 2075 757 2113 Viilcker.
770 2076 918 2113 Homer.
941 2076 1042 2113 Geo-

381 2131 508 2180 graph.
541 2129 577 2181 ἓ.
598 2132 651 2172 57
676 2145 761 2182 pag.
792 2135 883 2174 110.
943 2133 1042 2176 Quin

382 2187 564 2236 hodieque
584 2188 620 2224 in
643 2189 771 2225 eadem
790 2188 847 2225 illa
868 2201 951 2236 ora,
976 2201 1041 2226 an-

380 2245 445 2280 tris
466 2243 722 2294 speluncisque
745 2246 878 2282 referta
902 2249 1041 2282 tutum-

379 2313 452 2349 que
491 2301 578 2337 inde
618 2303 818 2351 praebente
858 2303 1040 2351 refugium

381 2370 424 2393 ac
445 2357 672 2406 receptacula
693 2358 859 2395 habitare
890 2363 1039 2407 gentem

380 2413 591 2460 indigenam
605 2441 616 2459 ,
657 2426 677 2449 a
700 2414 918 2463 reliquorum
938 2415 1039 2451 inco-

380 2469 492 2505 larum
530 2468 759 2508 multitudine
795 2484 944 2520 prorsus
982 2484 1039 2509 se-

381 2529 571 2574 gregatam
605 2530 642 2563 et
672 2527 717 2562 ab
739 2526 898 2564 Arabum
920 2528 1039 2565 incur-

380 2582 542 2619 sionibus
575 2595 759 2629 seeuram,
798 2583 871 2620 loto
909 2585 1037 2621 etiam-

381 2651 466 2674 num
498 2643 728 2685 vescentem,
776 2644 816 2675 ut
843 2653 931 2678 sane
960 2641 1039 2677 ΗΟ·-

380 2694 469 2731 meri
498 2700 609 2744 atque
638 2695 820 2732 Herodoti
848 2696 1039 2746 Lotopha—

379 2763 508 2799 gorum
529 2755 694 2801 posteros
711 2764 911 2800 agnoscas,
934 2754 1037 2789 testis

382 2811 438 2844 est
479 2807 586 2845 Della
619 2807 731 2846 Cella.
793 2808 874 2846 vid.
904 2808 1037 2846 Ritter.

380 2862 622 2901 Erdkundel
653 2878 688 2913 p.
720 2863 813 2906 948-
844 2866 926 2905 949
955 2865 1037 2904 coll.

382 2919 542 2958 Heeren.
562 2920 615 2958 Id.
641 2921 690 2969 ll,
722 2925 740 2961 1
767 2933 851 2972 pag.
882 2923 935 2963 50
961 2935 1038 2970 seq.

684 673 912 712 ποιεῦνται
959 670 1004 713 δὲ
1053 670 1099 714 ἐκ
1137 675 1217 714 τοῦ
1253 675 1426 726 καρποῦ
1466 672 1625 715 τούτου
1666 674 1765 715 οἱθΟ

1109 892 1243 939 Lotus,
1290 893 1386 931 unde
1413 894 1523 931 vitam
1559 895 1765 930 sustentare

1107 962 1199 997 gens
1236 950 1467 999 perhibetur,
1525 956 1581 988 est
1627 949 1764 986 fructus

1107 1005 1270 1043 Rhamm‘
1298 1006 1405 1051 Lon,
1439 1019 1533 1056 quae
1564 1005 1672 1042 arbor
1697 1005 1765 1042 ad-

1106 1062 1175 1099 huc
1205 1064 1378 1112 frequens
1409 1076 1476 1113 per
1513 1062 1590 1099 illas
1623 1059 1764 1098 Africae

1106 1119 1274 1168 regiones
1304 1124 1446 1157 exstare
1473 1120 1624 1163 dicitur,
1671 1117 1764 1154 Ara-

1105 1175 1209 1211 bibus
1247 1176 1395 1223 cognita
1435 1176 1581 1212 nomine
1611 1173 1762 1220 Se‘e'dra,

1103 1231 1202 1267 cuius
1236 1232 1352 1267 sructu
1385 1236 1535 1268 utuntur
1565 1231 1762 1278 indigenae

1102 1287 1198 1323 victu
1229 1288 1461 1335 quotidiano,
1515 1287 1603 1336 quin
1641 1286 1761 1336 ipsum

1103 1343 1175 1379 vini
1196 1356 1312 1391 genus
1331 1344 1416 1381 inde
1433 1344 1642 1390 conficiunt,
1661 1342 1761 1392 quod

1103 1404 1227 1437 tamen
1268 1412 1402 1450 paucos
1439 1401 1548 1437 modo
1581 1412 1648 1450 per
1681 1400 1761 1436 dies

1103 1457 1238 1493 servari
1258 1458 1385 1507 possit.
1429 1457 1487 1494 Cf.
1510 1456 1668 1494 Heeren.
1691 1456 1713 1492 l.
1735 1455 1758 1494 l.

1101 1511 1255 1550 Bennel.
1280 1526 1315 1562 p.
1337 1515 1418 1554 663
1439 1526 1516 1562 seq.
1575 1512 1624 1549 At
1652 1511 1761 1562 plane

1101 1568 1225 1605 differt
1247 1569 1476 1618 Aegyptiaca
1495 1569 1602 1615 lotus,
1625 1569 1672 1606 de
1689 1580 1761 1617 qua

1100 1625 1174 1661 dixi
1192 1625 1240 1661 ad
1261 1625 1305 1670 ll,
1326 1627 1391 1664 96.
1432 1626 1489 1662 De
1510 1630 1664 1674 utraque
1684 1624 1759 1661 loto

1099 1681 1203 1731 plura
1241 1681 1368 1729 Polyb.
1401 1681 1491 1727 XlI,
1529 1684 1566 1721 2.
1626 1679 1757 1718 Athen.
1795 1719 1806 1724 ‚

1099 1737 1198 1784 XIV,
1229 1739 1279 1778 18
1305 1750 1331 1773 s.
1350 1737 1402 1777 65
1423 1750 1508 1787 pag.
1530 1738 1606 1778 651
1631 1737 1702 1782 D.,
1728 1750 1757 1774 s.

1098 1795 1181 1834 369
1203 1793 1406 1841 Schweigh.
1448 1793 1691 1843 Theophrast.
1708 1793 1758 1829 H.

1098 1849 1151 1886 Pl.
1171 1850 1221 1887 IV
1252 1863 1287 1899 p.
1307 1848 1373 1891 46.
1418 1851 1514 1887 Add.
1547 1849 1758 1887 Tzschucke

1098 1907 1121 1942 l.
1142 1906 1164 1942 l.
1198 1906 1224 1942 l.
1240 1906 1403 1943 H.Voss.
1417 1907 1464 1942 ad
1476 1906 1601 1955 virgil.
1616 1907 1756 1954 Georg.

1097 1962 1143 2009 ΙΙ,
1168 1961 1222 2003 84
1244 1967 1280 1999 et
1307 1975 1402 2012 quae
1428 1963 1476 1999 ad
1496 1961 1679 2000 Herodoti
1704 1961 1758 1998 lo-

1098 2031 1177 2055 cum
1207 2019 1330 2055 citavit
1356 2019 1559 2067 Schweigh.
1599 2019 1758 2056 Creuze·

1098 2088 1159 2112 rus
1187 2076 1360 2113 amandat
1389 2076 1436 2113 ad
1454 2076 1551 2112 Kurt
1564 2074 1757 2125 Sprengel.

1098 2131 1318 2169 Geschichte
1357 2132 1424 2170 der
1459 2132 1641 2179 Botanik,
1693 2132 1756 2182 qui

1098 2188 1208 2225 etiam
1228 2189 1305 2225 eius
1323 2189 1536 2226 arbusculae
1558 2188 1755 2226 coloratam

1097 2245 1293 2293 imaginem
1313 2245 1484 2282 exhibuit.

1156 2302 1195 2340 οἳ
1225 2298 1297 2339 τόν
1327 2298 1483 2350 καρπόν
1518 2303 1674 2351 μοῦνον
1700 2321 1754 2326 -

1099 2353 1258 2408 ζώουσι]
1304 2359 1396 2394 Cum
1414 2357 1636 2395 Herodoteis
1658 2356 1752 2392 conf.

1096 2414 1269 2452 Strabon.
1290 2414 1392 2450 XVII
1423 2428 1460 2464 p.
1483 2415 1564 2454 829
1593 2425 1621 2448 S.
1647 2411 1752 2452 1185

1096 2471 1140 2507 B.
1179 2469 1238 2507 Ad
1258 2471 1369 2507 verba
1398 2482 1501 2518 seqq.
1532 2463 1754 2519 γλυκύτητα

1097 2524 1139 2564 δὲ
1172 2528 1266 2564 conf.
1293 2526 1462 2563 Eustath.
1488 2525 1536 2561 ad
1556 2526 1692 2574 Odyss.
1715 2538 1752 2574 p.

1099 2585 1220 2629 1616,
1238 2583 1291 2623 47
1302 2595 1329 2618 S·
1344 2583 1515 2628 337‚32‚
1536 2582 1598 2618 ubi
1611 2576 1754 2632 γλυκύ-

1094 2636 1480 2689 τατοςεῑόμοίωςρτο
1491 2638 1753 2687 προσείκελος.

1093 2696 1275 2733 Homerus
1295 2696 1428 2744 Odyss.
1449 2695 1512 2741 XI,
1533 2694 1586 2735 94
1609 2698 1755 2732 vocarat

1095 2750 1278 2803 μελιηδέα
1295 2747 1465 2801 καρπὸν,
1496 2764 1569 2800 quo
1591 2751 1752 2788 fruentes

1095 2809 1182 2845 socii
1204 2807 1318 2845 Ulixis
1345 2809 1483 2845 reditus
1507 2806 1609 2844 obliti
1628 2811 1723 2844 sunt.

1151 2866 1355 2903 ποιεῦνται
1392 2861 1434 2903 ὁὲ
1472 2863 1515 2903 ἐκ
1550 2865 1622 2902 τοῦ
1657 2877 1752 2913 καρ-

1096 2923 1178 2960 ποῦ
1198 2916 1341 2960 τούτου
1363 2936 1396 2960 κ.
1419 2936 1449 2959 τ.
1467 2919 1516 2970 λ.]
1549 2920 1651 2958 Haec
1677 2931 1752 2956 non
