1904 3304
481 245 1158 287 MELPOMENE.1V.

188 356 415 401 θάλασσαν
445 352 577 410 αὐτῆς
614 357 690 409 τῆς
719 359 949 412 Σκυθικῆς
984 358 1128 414 χώρης
1157 357 1201 409 ἐς
1229 356 1449 413 μέτρησιν.

1370 251 1454 290 465

155 425 285 468 3’And
307 424 482 479 Ἴστρου
512 424 621 482 αὕτη
651 425 735 482 ἤδη
766 425 919 484 ἀρχαίη
950 428 1154 485 Σκυθική
1186 428 1297 479 ἐστι,
1342 426 1454 482 πρὸς

185 497 457 551 μεσαμβρίην
496 511 539 539 τε
585 496 659 539 καὶ
696 496 832 541 νότον
870 499 1035 556 ἄνεμον
1073 499 1271 555 κειμένη,
1321 497 1477 554 μέχριδ

159 566 344 616 ‘iudanos
373 567 635 623 καλεομένης
663 570 982 624 Καρκινίτιδος.
1039 567 1088 611 τό
1110 567 1155 611 δὲ
1175 565 1260 610 ἀπό
1278 565 1451 624 ταύτης,

187 636 267 693 τὴν
296 635 375 693 μὲν
404 638 474 681 ἐπὶ
501 638 733 683 θάλασσαν
771 656 851 696 την
889 637 1028 695 αὐτὴν
1059 638 1306 694 φέρουσαν,
1352 638 1453 682 έοῦ-

1510 562 1548 589 lis

187 721 271 753 σαν
301 708 476 766 ὀρεινήν
506 727 550 754 τε
584 710 729 767 χώρην
758 711 832 753 καὶ
861 708 1149 764 προκειμένην
1177 709 1226 752 vo*
1257 708 1301 759 ἐς
1333 708 1455 752 Πόν-

184 796 285 831 τον,
315 778 488 835 νέμεται
517 781 565 825 τὸ
591 781 811 836 Ταυρικὸν
841 781 993 831 ἔθνος,
1026 778 1150 834 μέχρι
1170 778 1458 836 Χερσονήσου

185 854 263 907 τῆς
286 851 472 908 Τρηχέης
495 852 756 908 καλεομένης
770 867 779 876 ·

127 1019 175 1056 αά
194 1020 370 1056 meridiem
399 1031 517 1055 versus
546 1021 637 1066 sita,
678 1032 788 1070 usque

125 1076 175 1113 ad
199 1076 433 1113 Carcinitirlis
454 1076 595 1123 urbem,
627 1089 716 1125 quae
729 1090 788 1114 vo-

129 1136 242 1170 catur.
271 1132 423 1181 Lange:
457 1133 564 1179 „l'on
583 1132 657 1169 dem
676 1133 789 1171 Istros

129 1203 177 1226 an
195 1203 270 1226 ‘nun
289 1190 363 1225 will
384 1189 437 1225 ich
459 1190 694 1237 bewhreiben,
724 1193 789 1227 wie

129 1246 218 1294 lang
261 1246 476 1294 desselbigen
508 1246 789 1296 Scythenlanrles

130 1301 366 1339 DIeereskz‘is-te
400 1304 446 1338 ist
480 1306 544 1339 etc.
603 1303 660 1341 De
691 1304 790 1341 locu-

128 1359 229 1396 tione
258 1357 418 1409 ἔρχομαι
452 1358 662 1409 σημανέων
691 1361 787 1397 conf.

128 1420 223 1451 nott.
244 1416 292 1452 ad
314 1416 339 1461 l,
359 1415 395 1455 5.
445 1415 565 1453 Verba
589 1414 627 1462 ἐς
650 1415 788 1468 μέτρη-

129 1483 191 1509 σιν
214 1472 331 1508 resero
355 1473 401 1508 ad
421 1485 484 1517 ea,
515 1484 609 1520 quae
630 1472 692 1520 lv,
709 1476 784 1514 101

126 1528 329 1564 traduntur.
374 1528 431 1565 De
456 1528 672 1565 Carcinitide
689 1530 784 1566 conf.

126 1588 220 1620 nott.
232 1584 278 1620 ad
292 1583 351 1630 lv,
367 1584 430 1624 55.
465 1611 489 1629 ,‚
503 1584 605 1620 Vetus
618 1584 784 1635 Scythia,

126 1645 299 1677 monente
319 1640 543 1689 Schweigh.,
576 1646 631 1678 est
666 1655 784 1691 prisca

127 1696 343 1744 Scytharum
356 1701 453 1733 terra
466 1726 476 1743 ,
506 1698 716 1748 priusquam
734 1698 783 1734 illi

125 1752 237 1803 pulsis
258 1753 480 1800 Cimmeriis,
518 1767 642 1791 versus
662 1755 783 1792 orien-

126 1814 202 1846 tem
231 1808 362 1846 limites
389 1822 473 1846 suos
503 1811 783 1860 promovissent.

125 1866 267 1909 Quodsi
293 1866 408 1910 (idem
426 1866 542 1911 addit)
567 1864 648 1918 ἤδη
667 1869 784 1918 parti-

127 1921 240 1958 culam
261 1922 369 1959 etiarn
394 1924 593 1972 exprimere
613 1924 782 1971 volueris,

127 1978 248 2014 dices:
295 1977 392 2014 Hinc
425 1980 496 2016 iam
531 1981 668 2029 incipit.
721 1982 782 2018 Sic

126 2030 206 2084 ἤδη
237 2033 349 2071 habes
375 2034 446 2081 IV,
481 2038 570 2077 100.
602 2037 673 2083 111,
700 2037 724 2077 5
745 2042 783 2075 et

128 2091 271 2141 saepius
288 2090 385 2127 alibi.
390 2093 414 2111 “
435 2091 495 2128 Tu
512 2093 598 2129 add
613 2093 781 2131 Volcker.

124 2145 147 2184 Ι.
170 2146 191 2183 l.
214 2159 298 2196 pag.
321 2149 410 2188 181.

182 2199 225 2242 τό
246 2201 288 2241 δὲ
310 2198 389 2242 arrd
413 2199 578 2255 ταύτης,
616 2221 689 2256 την
708 2203 782 2257 μὲν

124 2257 187 2298 ἐπι
207 2254 417 2298 θαλασσαν
432 2275 466 2298 κ.
482 2277 512 2299 τ.
528 2263 573 2312 λ]
607 2262 694 2300 Non
716 2263 781 2299 ali-

125 2320 182 2353 ter
208 2316 298 2354 haec
316 2317 532 2367 explicanda
559 2333 601 2356 ac
620 2321 782 2370 superio—

126 2385 183 2409 ra.
223 2387 265 2412 το
290 2370 332 2411 δὲ
361 2368 442 2413 οἷπο
459 2372 612 2427 Ἴστρου
634 2391 670 2414 κ.
690 2391 722 2414 τ.
746 2378 778 2416 λ.

126 2428 237 2466 Unde
258 2428 314 2466 hic
332 2431 408 2468 sere
425 2430 493 2468 loci
512 2445 595 2469 sens
599 2446 657 2469 us:
678 2432 781 2475 Quae

128 2484 210 2520 hinc
229 2485 378 2522 ulterius
397 2489 600 2525 extenditur
618 2493 713 2526 terra
732 2488 782 2539 (5.

128 2546 261 2577 terram
298 2543 544 2593 contiguam),
594 2546 783 2583 secundum

129 2596 219 2632 idem
239 2609 333 2634 mare
348 2605 529 2648 porrecta,
560 2607 717 2640 montosa
737 2603 783 2639 il-

129 2652 165 2689 la
193 2653 331 2702 quidem
361 2659 393 2691 ct
420 2658 457 2693 in
479 2657 627 2696 Pontum
650 2661 782 2709 promi—

128 2723 212 2745 nens
226 2738 236 2755 ,
275 2723 349 2746 eam
369 2713 489 2749 incolit
514 2715 673 2753 Taurica
694 2729 782 2765 gens

128 2778 235 2814 usque
252 2766 301 2802 (td
322 2766 563 2808 Chersonesum
575 2772 783 2820 Tracheam,

129 2836 217 2871 quae
234 2827 389 2862 vocatur.
429 2825 571 2868 Quibus
590 2829 782 2867 Tauricam

125 2879 399 2929 paeninsulam,
443 2894 536 2931 quae
575 2886 783 2924 Crimmaea

181 2935 389 2973 Hnnonor.
410 2937 455 2974 ll.

828 851 939 907 αὕτη
970 849 1016 893 δὲ
1045 848 1087 900 ές
1115 848 1348 893 θάλασσαν
1374 850 1511 906 τήνῖο

844 1018 956 1056 hodie
977 1021 1140 1064 vocatur,
1166 1016 1316 1054 indicari
1339 1017 1429 1054 satis
1444 1029 1511 1068 pa-

844 1079 918 1121 tet3
959 1086 1067 1123 quam
1102 1077 1224 1110 tamen
1262 1086 1338 1110 non
1379 1078 1512 1120 totam,

845 1145 956 1182 quam
977 1143 1045 1167 nos
1064 1130 1253 1175 novimus,
1289 1134 1436 1181 patrem
1458 1131 1514 1167 hi-

845 1189 981 1226 storiae
1007 1187 1172 1234 novisse,
1217 1186 1275 1223 hic
1297 1188 1398 1224 locus
1424 1188 1510 1224 satis

845 1244 1041 1282 ostendere
1064 1244 1218 1280 videtur.
1249 1243 1306 1279 Ex
1325 1243 1510 1281 Herodoti

846 1305 966 1338 autem
995 1300 1112 1336 verbis
1143 1298 1358 1350 explicanda
1380 1305 1509 1350 putem

845 1358 1005 1407 Scylacis
1036 1356 1149 1394 verba
1178 1357 1215 1392 in
1237 1355 1368 1406 Peripl.
1393 1354 1429 1407 ἓ.
1453 1359 1506 1398 69

844 1414 900 1464 (p
924 1417 977 1455 29
996 1413 1114 1450 fluas
1136 1425 1171 1462 p
1195 1414 1276 1453 283
1300 1412 1346 1450 r.
1372 1412 1387 1449 1
1411 1413 1506 1450 Gan.

843 1471 931 1519 ibiq.
954 1474 1046 1507 nott.
1068 1483 1107 1538 p,
1123 1469 1248 1517 444);
1299 1467 1364 1508 ἔπι
1390 1466 1432 1507 δὲ
1456 1472 1507 1524 τῆ

843 1528 1035 1592 Σκυθικῇ
1083 1517 1297 1564 ’ἐποικοῦσι
1356 1527 1505 1591 Ταῦροι

845 1581 965 1629 ε’θνος
1001 1578 1252 1632 α’κρωτήριον
1287 1596 1358 1632 της
1389 1577 1505 1631 η’πεί-

843 1649 937 1689 ρου·
1009 1637 1065 1684 εἰς
1113 1633 1319 1676 θαλατταν
1368 1635 1411 1677 δὲ
1461 1635 1502 1679 τὸ

842 1690 1097 1748 ἀκρωτήριόν
1123 1693 1213 1733 ἐστι.

899 1751 1010 1803 μέχρι
1033 1746 1292 1802 Χερσονησου
1311 1753 1384 1802 τῆς
1407 1755 1502 1804 Τρη·

841 1807 933 1860 χέης
967 1806 1225 1858 καλεομένης]
1276 1806 1388 1859 Apud
1419 1810 1505 1847 Ste-

840 1867 952 1917 phan.
970 1866 1062 1916 Byz.
1088 1864 1322 1902 Chersonesus
1339 1870 1394 1903 est
1416 1866 1503 1903 urbs

840 1923 1039 1969 Tauricae,
1069 1934 1137 1959 nec
1160 1921 1271 1959 aliter
1289 1922 1323 1959 h.
1343 1921 1367 1959 l.
1390 1922 1500 1960 W‘Ves-

839 1979 965 2028 seling.
976 1979 1102 2019 urbem
1111 1977 1396 2026 Chersonesum,
1405 1991 1500 2028 quae

839 2036 887 2073 ob
906 2036 995 2072 situs
1018 2047 1146 2084 aspera
1169 2030 1311 2084 τρηχέὴ
1334 2034 1499 2084 appella-

840 2097 899 2139 ta,
946 2091 1099 2140 intelligi
1136 2090 1233 2137 vult,
1278 2091 1499 2129 Strabonem

838 2149 953 2185 citans
976 2147 1063 2195 (Vll
1085 2161 1120 2197 p.
1144 2148 1226 2188 308
1248 2145 1414 2195 S.474),
1437 2149 1499 2197 qui

839 2211 877 2242 et
929 2205 1009 2255 ipse
1053 2204 1323 2241 Chersonesum
1374 2205 1499 2242 urbem

840 2264 1112 2300 commemorat.
1130 2282 1186 2287 -—
1206 2261 1284 2306 „At
1298 2265 1398 2299 recte
1407 2260 1500 2298 Hol-

841 2319 980 2355 stenius
1016 2317 1130 2364 (sunt
1163 2316 1498 2366 Schweighaeuseri

838 2372 967 2424 verba)
997 2374 1212 2411 observasse
1232 2374 1318 2410 mihi
1341 2375 1497 2424 videtur,

838 2444 912 2468 non
929 2431 1046 2467 urbem
1066 2430 1327 2476 Chersonesum,
1351 2432 1416 2469 sed
1434 2436 1496 2468 to-

841 2492 914 2525 tam
939 2487 1184 2537 paeninsulam
1215 2487 1272 2524 hic
1296 2483 1497 2539 Χερσόνη-

842 2557 913 2583 σον
944 2541 1018 2595 τη“ν
1047 2542 1222 2596 Τρηχέην
1252 2543 1497 2594 καλεομένην

841 2602 930 2646 (Ιὶοἰ·,
971 2614 1081 2650 quam
1109 2601 1188 2646 alii,
1235 2614 1308 2649 quo
1340 2602 1386 2638 ab
1418 2601 1496 2638 aliis

838 2658 1058 2708 paeninsulis
1084 2658 1353 2706 distinguatur,
1396 2657 1496 2694 Tau-

839 2717 949 2751 ricam
978 2720 1041 2751 aut
1073 2714 1280 2765 Scythicam
1309 2714 1492 2751 Chersone-

839 2784 914 2808 sum
933 2771 1130 2822 appellant.
1181 2771 1288 2807 Hanc
1311 2771 1422 2820 igitur
1449 2771 1499 2808 ad

839 2841 955 2875 mare,
987 2828 1078 2877 quod
1099 2831 1149 2865 est
1172 2827 1346 2864 Orientem
1367 2840 1495 2874 versus,

838 2887 1009 2936 pertinere
1034 2886 1103 2922 ait:
1145 2879 1244 2933 αὕτη
1273 2883 1314 2931 ἐς
1343 2880 1494 2923 θάλασ-

1169 2941 1223 2980 30

1508 596 1622 666 ῗῖῃωο
1542 631 1628 666 gide-

1511 369 1545 388 ΥΒ
1591 371 1622 390 ln

1511 397 1693 454 pirominens

1480 496 1672 557 5'l‹hh

1664 365 1787 393 Pontum

1704 399 1786 426 'lmi-

1577 430 1680 457 habita
1683 438 1712 458 {a
1739 442 1785 459 us—

1511 437 1564 495 ¹’qu
1570 472 1586 488 e.
1611 464 1648 490 ad

1658 466 1769 525 ¹urbem

1722 508 1759 526 ml

1707 508 1786 574 :ij-m

1683 520 1786 627 :le
