1904 3304
440 252 525 292 544
844 252 1323 294 HERODOTI

440 362 568 416 μίους
595 360 680 404 ἀπὸ
712 360 873 404 τούτου
903 365 984 404 τοῦ
1015 362 1146 417 ἔργου
1174 368 1324 416 πρῶτα
1356 370 1500 421 φιλίαι,
1526 369 1709 424 μεγάλαι

282 430 376 475 153
438 432 785 487 συνεκρήθησαν.
850 433 904 475 Οἵ
934 433 980 475 δὲ
1013 437 1222 488 Θηραῖοι,
1255 435 1345 478 ἐπεί
1375 453 1418 480 τε
1449 439 1526 481 τόν
1560 440 1709 493 Κορώ-

104 497 382 560 {¹¹}hssfffimfl‘ss332ff
441 506 540 559 βιον
581 502 778 552 λιπόντες
819 502 863 544 ἐν
900 507 954 559 τῇ
993 502 1136 560 νήσῳ,
1178 502 1387 548 ἀπίκοντο
1428 508 1468 557 ἐς
1506 508 1585 564 τήν
1627 510 1711 566 Θή-

103 566 382 628 ?;;.‘2.::³:..*.':;:?„5}¹¹¹¹
442 590 544 628 ρην,
586 571 832 628 ἀπήγγελον
863 572 922 624 ὥς
953 586 1032 628 σφι
1063 575 1128 628 εἴη
1159 578 1292 629 νῆσος
1324 577 1390 619 ἐπὶ
1422 579 1566 635 Λιβύῃ
1602 581 1766 623 ἐπι-45

410 643 592 699 Ξσμὲνη.
656 646 887 700 Θηραίοισι
928 645 973 687 δὲ
1013 644 1110 687 ἕαδε
1152 643 1365 700 ἀδελφεόν
1402 664 1444 690 τε
1475 647 1553 691 ἀπ’
1589 648 1710 693 ἀδελ-

440 719 553 770 φεοῦ
583 715 787 771 πέμπειν,
818 715 942 771 ποὶλῳ
977 715 1183 770 λαχόντα·
1225 716 1296 758 καὶ
1327 714 1411 760 ἀπὸ
1442 723 1528 761 τῶν
1556 720 1710 775 χώρων

438 784 666 837 ἁπάντων,
709 784 814 829 ἑπτα
855 785 1039 837 ἐόντων,
1087 787 1273 841 ἄνδρας“
1324 784 1434 830 εἶναι
1475 788 1519 832 δέ
1561 801 1709 845 σφεων

384 986 429 1011 ex
469 973 652 1010 Herodoti
704 972 823 1009 verbis
878 976 1046 1023 apparet,

385 1034 564 1067 craterem
592 1030 796 1067 confectum
826 1042 906 1066 esse
923 1058 933 1076 ‚
972 1042 1045 1078 quo

385 1091 552 1137 tempore
597 1087 782 1123 Heraeum
822 1090 1045 1123 exstructum

386 1144 457 1179 iam
485 1143 564 1179 suit.
624 1142 681 1180 De
714 1155 787 1190 quo
815 1142 969 1178 diximus
997 1142 1045 1178 ad

388 1199 449 1244 III,
467 1202 520 1239 60
531 1198 611 1235 coll.
626 1199 674 1235 ad
687 1198 750 1243 111,
769 1198 833 1239 41.
853 1198 1042 1235 Thiersch.

386 1259 431 1303 (a
455 1255 521 1291 Cr.
542 1255 731 1299 laudatus)
751 1254 889 1304 Enoch.
905 1255 939 1290 d.
953 1254 1042 1290 hild.

384 1311 505 1347 Kunst
523 1325 558 1360 p.
587 1312 664 1351 186
688 1324 764 1360 seq.
786 1312 864 1351 190
884 1323 960 1359 seq.
983 1311 1040 1348 ed.

383 1367 484 1405 alter.
536 1367 719 1404 Larchero
750 1373 898 1404 auctore
927 1367 1040 1414 (Tab.

383 1423 556 1460 Chronol.
586 1437 621 1473 p.
651 1424 752 1472 606)
782 1423 907 1460 Colaei
939 1424 1043 1460 navi·

381 1481 483 1529 gatio
513 1481 561 1516 ad
587 1480 733 1530 Olymp.
762 1479 933 1527 XXXIV,
956 1479 982 1519 4
1011 1492 1039 1516 S.

379 1539 461 1576 640
490 1549 523 1572 a.
547 1537 634 1574 Chr.
662 1550 697 1573 n.
725 1537 900 1583 refertur3
941 1536 1040 1573 unde

378 1593 564 1642 sequitur,
602 1594 751 1631 crateris
784 1606 875 1644 opus
906 1593 1039 1641 Olym—

378 1650 511 1699 piadae
561 1649 699 1686 XXXV
756 1650 1040 1687 adscribendum

380 1719 482 1751 esse3
529 1719 603 1754 quo
641 1711 826 1756 tempore,
875 1706 1040 1742 nimirum

380 1762 437 1799 vel
468 1767 553 1799 ante
579 1762 727 1812 Olymp.
762 1762 850 1809 XL,
895 1763 1041 1799 Samio-

380 1832 457 1855 rum
486 1831 542 1854 res
573 1819 740 1856 floruisse
769 1820 955 1865 novimus3
993 1820 1037 1856 cf.

380 1879 472 1911 nott.
491 1875 537 1910 ad
561 1874 623 1923 III,
651 1877 715 1915 39.
741 1876 830 1915 139.
860 1897 917 1902 ——-
949 1876 1039 1919 Qui-

379 1931 447 1968 bus
470 1931 558 1968 haec
583 1931 688 1968 addit
715 1930 801 1968 Ciu:
859 1932 1040 1979 „Viscon-

379 1989 450 2024 tius
469 1988 504 2023 in
525 1986 740 2036 explicando
754 1992 864 2037 puteo
883 2002 903 2024 a
926 1989 1038 2025 tribus

379 2043 510 2081 Silenis
540 2047 703 2081 sustento
735 2046 850 2081 nostri
877 2045 945 2082 loci
973 2045 1040 2081 ad-

378 2105 506 2138 monet
532 2100 568 2137 in
593 2099 722 2138 Museo
749 2100 814 2137 Pio
836 2101 1039 2139 Clementi—

379 2170 438 2193 no.
479 2157 536 2193 Cf.
567 2158 706 2194 Stuart.
730 2156 882 2207 Antiqq.
908 2157 1038 2196 Athen.

379 2213 448 2250 Ed.
463 2226 543 2249 nov.
565 2214 628 2263 lp.
649 2212 727 2254 491
752 2227 844 2251 vers.
866 2215 1038 2252 German.

379 2268 576 2308 Darmst.“

438 2321 764 2376 συνεκρήθησαν]
796 2326 874 2372 „In
900 2327 1039 2365 coalitis

379 2386 415 2419 et
453 2385 661 2419 consociatis
700 2386 874 2419 artissime
912 2386 1039 2421 anonis

378 2438 465 2475 illud
493 2438 599 2475 valet.
650 2439 761 2476 Conf.
789 2440 894 2476 Stob.
918 2442 1036 2479 Serm.

376 2494 534 2531 XXVIII
562 2508 644 2544 pag.
680 2497 756 2535 197
788 2495 825 2545 [Ι
851 2497 1035 2545 1)3g.443

375 2551 522 2600 Gaisf.].
555 2551 723 2588 philostr.
751 2551 789 2588 V.
808 2553 923 2602 Soph.
946 2553 990 2597 II,
1012 2558 1037 2595 2

374 2620 459 2658 pag.
501 2608 629 2649 566.“
676 2607 853 2644 Wessel.
922 2610 1037 2646 Addit

374 2664 577 2713 Schweigh.
618 2663 769 2701 Porson.
793 2666 840 2700 ad
870 2665 1034 2715 Euripid.

373 2720 474 2757 Med.
501 2723 602 2768 136,
634 2733 706 2769 quo
727 2720 945 2759 observante
969 2737 1036 2769 φι-

373 2776 439 2814 λία
492 2776 677 2827 κέκραται
723 2778 869 2814 omnino
919 2778 1032 2815 valet:

374 2835 532 2870 amicitia
552 2835 768 2880 intercessit,
792 2835 906 2879 inita,
932 2837 1035 2883 quasi

373 2893 488 2928 mixta
508 2894 567 2927 est.
611 2891 669 2929 Tu
691 2892 735 2928 cf.
761 2891 871 2928 etiam
892 2890 1030 2928 Herod.

1103 973 1181 1019 vn,
1200 971 1287 1013 151.
1311 971 1375 1011 Cr.
1399 975 1554 1012 conferri
1569 974 1655 1023 vult,
1670 988 1764 1025 qnae

1102 1031 1150 1066 ad
1170 1029 1404 1066 I’lotin.Enn.
1429 1030 1441 1065 l
1461 1030 1543 1068 Lib.
1565 1032 1612 1068 Vl
1632 1046 1661 1069 c.
1684 1035 1708 1071 7
1726 1046 1762 1083 p.

1103 1088 1155 1127 56
1178 1087 1220 1122 Α.
1240 1086 1299 1123 ed.
1321 1085 1431 1122 Basti.
1449 1094 1627 1125 annotata
1647 1090 1729 1126 sint.

1294 1142 1407 1191 Cap.
1440 1143 1569 1180 CLIII.

1158 1198 1368 1247 Θηραίοισι
1389 1195 1430 1235 δὲ
1452 1197 1554 1249 ἕαδε]
1590 1198 1678 1238 ἕαδε
1697 1201 1761 1244 lv,

1105 1252 1195 1294 145.
1215 1257 1308 1294 201.
1347 1254 1405 1290 Ad
1426 1256 1535 1291 serbi
1557 1252 1669 1309 πάλῳ
1692 1259 1763 1294 λα·

1099 1306 1215 1360 χὸντα
1242 1309 1431 1357 cont.1v,
1462 1311 1516 1351 94
1547 1312 1634 1361 ibiq.
1663 1317 1759 1350 nott.

1100 1366 1261 1404 Plateam
1291 1366 1444 1403 insulam
1473 1379 1494 1403 a
1522 1367 1636 1406 Batto
1657 1369 1761 1407 'lhe-

1098 1423 1265 1472 raeisque
1288 1423 1472 1460 conditam
1496 1423 1665 1462 Larcher.
1692 1425 1716 1463 I.
1738 1425 1761 1463 I.

1098 1481 1211 1517 refert
1243 1480 1290 1516 ad
1316 1479 1462 1529 Olymp.
1486 1480 1648 1529 XXXV,
1677 1484 1705 1522 2
1729 1495 1759 1519 s.

1098 1538 1179 1577 639
1200 1548 1221 1572 a
1243 1536 1328 1572 Chr.
1353 1550 1386 1572 n.
1419 1537 1514 1572 Add.
1536 1538 1578 1573 C.
1600 1538 1646 1575 Ο.
1664 1538 1763 1575 Mill-

1097 1592 1158 1630 ler.
1181 1592 1622 1658 Orcli‹›1rxe11.pag3344.

1154 1649 1220 1687 καὶ
1245 1643 1323 1686 α’πὺ
1345 1650 1427 1687 τών
1456 1646 1594 1698 χώρων
1625 1666 1759 1689 απαν-

1097 1720 1188 1752 των,
1209 1701 1303 1743 ἑπτα
1324 1701 1484 1754 ἕόιτων]
1515 1706 1697 1743 Sancrofti
1717 1707 1760 1743 li-

1098 1763 1162 1800 ber
1189 1762 1296 1798 offert
1325 1759 1481 1811 χωρέων
1503 1766 1539 1799 et
1571 1761 1756 1810 ἐουσέων,

1097 1819 1198 1867 quod
1232 1820 1434 1868 praeferret
1471 1817 1688 1868 Wesseling.
1726 1821 1757 1856 si

1097 1876 1220 1912 itidem
1241 1879 1402 1912 exstaret
1420 1872 1621 1912 ἁπασέων.
1672 1875 1759 1913 Vul-

1097 1937 1222 1980 gatum
1261 1944 1327 1967 nos
1370 1944 1449 1968 cum
1482 1931 1685 1980 Schweigh.
1721 1938 1758 1970 et

1097 1989 1214 2025 Gaisf.
1238 1988 1472 2034 retinuimus,
1513 2000 1593 2024 cum
1621 1988 1757 2026 intelli-

1098 2051 1230 2094 gantur
1263 2046 1336 2081 vici
1365 2057 1393 2081 s.
1424 2044 1560 2091 tribus,
1603 2057 1756 2093 quarum

1097 2107 1237 2151 septem
1288 2115 1354 2151 per
1402 2100 1553 2138 insulam
1594 2100 1755 2139 'l'heram

1097 2159 1251 2203 suerint3
1291 2171 1398 2207 quem
1419 2169 1609 2195 numerum
1630 2163 1755 2208 septe-

1096 2215 1235 2251 narium
1270 2214 1305 2250 in
1336 2214 1500 2251 omnibus
1531 2213 1754 2251 Boeotorum

1096 2271 1245 2309 coloniis
1262 2270 1507 2320 praevaluisse
1527 2270 1752 2319 Boeotisque

1096 2329 1200 2376 qnasi
1222 2328 1406 2378 proprium
1424 2327 1552 2372 fuisse,
1583 2326 1754 2375 adApoI-

1095 2385 1176 2421 linis
1203 2396 1307 2421 sacra
1336 2385 1403 2431 (ad
1425 2383 1545 2419 sidera
1567 2381 1754 2431 planetas-

1096 2455 1167 2490 que
1186 2442 1334 2490 opinor)
1356 2443 1580 2488 spectantem
1604 2444 1754 2476 conten-

1095 2500 1148 2534 dit
1171 2498 1214 2536 C.
1237 2499 1282 2533 Ο.
1304 2496 1445 2533 ΜίὶΙΙετ,
1473 2494 1495 2531 l.
1518 2494 1540 2530 Ι.
1564 2507 1648 2544 pag.
1669 2496 1750 2535 337

1095 2553 1173 2591 coll.
1193 2556 1287 2594 221.
1345 2552 1525 2601 Equidem
1550 2563 1593 2588 ex
1618 2551 1672 2587 his
1695 2564 1754 2589 se-

1093 2617 1191 2660 ptem
1228 2610 1312 2645 vicis
1350 2610 1475 2645 urbem
1514 2607 1588 2644 sive
1618 2603 1750 2654 πόλιν,

1093 2679 1201 2715 quam
1232 2678 1342 2714 supra
1376 2665 1444 2710 lv,
1491 2665 1570 2705 150
1610 2663 1750 2702 Noster

1093 2726 1364 2767 commemorat,
1387 2721 1594 2757 constitisse
1610 2726 1747 2770 putem.

1092 2779 1140 2815 Et
1173 2778 1271 2813 urbis
1300 2778 1442 2826 amplae
1468 2778 1599 2814 rudera
1622 2777 1658 2812 in
1680 2777 1747 2814 hac

1091 2835 1202 2871 insula
1222 2848 1259 2870 se
1273 2835 1405 2871 vidisse
1426 2838 1607 2871 testantur
1626 2832 1746 2883 plures

1090 2892 1298 2929 recentioris
1334 2891 1466 2929 aetatis
1494 2890 1747 2940 peregrinato-
