1904 3304
66 509 129 554 17

491 251 1053 292 MELPOMENE.

211 369 361 411 κέουσι
394 361 697 419 Γαράμαντες·
729 365 772 406 οἳ
804 360 948 405 πάντα
979 362 1222 416 ἄνθρωπον
1251 359 1479 416 φεύγουσι,

1104 253 1165 290 IV.
1378 255 1463 295 585

212 438 285 481 καὶ
312 434 474 486 παντὸς
508 434 698 491 ὁμιλίην·
728 434 801 477 καὶ
832 432 932 477 οὔτε
957 432 1130 476 ὅπλον’
1114 431 1307 476 εκτέαται
1325 430 1482 488 ἀρήϊον

214 508 365 558 οὐδὲν,
405 506 506 550 οὔτε
543 504 792 561 ἀμύνεσθαι
830 504 1084 548 ἐπιστέαται.

210 579 457 633 κατύπερθε
495 577 689 621 οἰκέουσι
721 576 1034 632 Νασαμώνων·

208 649 438 695 θάλασσαν
473 648 642 704 ἔχονται
673 647 721 691 τὸ
753 647 864 703 πρὸς
894 647 1074 703 ἑσπέρης
1104 645 1280 688 Μάκαι·

210 738 328 780 φους
359 721 603 775 κείρονται,
639 720 689 763 τὸ
718 719 796 774 μὲν
824 718 959 775 μέσον
988 721 1077 762 τῶν
1105 720 1262 773 τριχῶν
1293 714 1481 768 ἀνιέντες

1084 573 1132 618 τὸ
1165 574 1211 618 δὲ
1240 574 1361 629 παρὰ
1391 574 1528 630 mimo

1336 649 1378 689 οι
1408 644 1478 689 λό-

210 792 443 845 αὕξεσθαι,
500 792 552 834 τά
600 790 646 834 δὲ
696 791 824 834 ἔνθεν
873 791 947 834 καὶ
993 790 1122 833 ἔνθεν
1171 790 1387 843 κείροντες
1433 789 1479 831 ἐν

206 866 324 921 χροΐ·

157 1040 238 1077 217
260 1036 482 1081 auctoritas3
524 1039 562 1071 ut
584 1034 723 1084 siquid
743 1034 818 1072 vitii

153 1095 191 1130 in
220 1094 458 1130 Hei-‹uloteos
486 1091 596 1128 libros
620 1091 819 1142 irrepserit,

153 1150 193 1187 id
231 1154 483 1200 pervetustum
531 1160 612 1185 esse
655 1148 817 1186 dixerim.

155 1206 309 1243 Videtur
337 1210 459 1242 autem
481 1206 629 1241 omnino
651 1204 719 1241 hoc
739 1204 818 1240 loeo

155 1263 307 1299 indicari
335 1274 426 1311 gens
448 1274 476 1299 S.
497 1261 613 1297 tribus
637 1261 818 1309 quaedam

155 1318 322 1368 Libyca,
380 1331 476 1367 quae
519 1317 556 1353 in
593 1318 819 1355 desertorum

155 1375 235 1412 loco
265 1375 424 1424 quodam
448 1386 470 1411 a
491 1373 549 1410 via
573 1374 655 1410 trita
678 1378 820 1410 remoto

156 1432 232 1469 sive
274 1444 420 1469 secessu
458 1430 650 1477 habitarit,
692 1431 821 1467 timida

155 1501 224 1524 nec
267 1487 338 1524 ullo
375 1487 561 1523 hominum
601 1487 816 1524 commercio

156 1550 260 1581 utens
286 1544 447 1591 indeque
478 1555 602 1580 eorum
621 1548 816 1580 consuetu-

154 1600 277 1637 dinem
307 1600 518 1648 refugiens,
564 1598 662 1636 nullo
697 1612 817 1636 armo-

154 1669 234 1693 rum
272 1669 339 1693 usu
378 1656 538 1704 cognito.
595 1654 649 1692 Ac
690 1655 817 1692 similia

155 1712 254 1749 hisce
289 1713 336 1750 de
374 1712 593 1761 quibusdam
637 1712 817 1750 interioris

154 1768 299 1806 Africae
337 1769 499 1805 tribubus
536 1774 707 1806 enarrant
739 1767 818 1806 Leo

154 1823 367 1871 Africanus,
411 1825 674 1870 Hornemann,
725 1825 820 1862 Bru-

155 1881 242 1918 cius.
292 1881 375 1917 vid.
397 1881 556 1918 Heeren.
575 1881 701 1928 ld.11‚
732 1884 754 1922 1
781 1895 817 1932 p.

156 1938 238 1977 233
266 1936 345 1973 coll.
368 1937 554 1974 Mannert.
581 1938 640 1983 X,
674 1939 701 1977 2
732 1950 818 1987 pag.

157 1992 251 2033 574.
274 2014 330 2020 —-
351 1993 410 2030 De
429 1994 545 2030 forma
568 1992 743 2032 ἐκτέαται
765 1999 820 2030 at-

156 2062 227 2098 que
259 2047 479 2088 ἐπιστέαται
517 2051 611 2086 conf.
648 2049 818 2098 111‚61.

330 2107 441 2156 Cap.
473 2105 657 2144 CLXXV.

215 2161 371 2211 ε’χονται
412 2178 454 2201 το
501 2159 602 2213 πρός
653 2160 821 2213 ἑσπέρης

159 2215 320 2265 Μάκαι]
353 2219 453 2256 Cave
470 2224 586 2256 mutes
605 2233 684 2256 cum
703 2220 821 2256 Abre-

157 2275 255 2312 schio
283 2290 324 2314 το
358 2276 394 2311 in
415 2277 510 2321 τοῦ,
549 2277 647 2325 quod
668 2289 690 2313 a
708 2277 819 2313 verbo

157 2331 311 2381 ἔχονται
340 2332 516 2382 pendeat.
575 2332 746 2381 Namque
773 2333 820 2368 ad

158 2387 311 2438 ἔχονται
361 2394 482 2426 mente
530 2389 819 2426 subaudiendum

158 2441 290 2483 αὐτῶν
332 2444 405 2482 scil.
450 2440 739 2495 Νασαμώνων,
785 2450 821 2482 et

160 2501 329 2538 articulus
357 2498 399 2540 τὸ
429 2502 547 2539 verbis
577 2499 676 2551 πρός
709 2500 820 2540 ἕσπέ-

161 2570 232 2606 ρης
254 2570 298 2594 ex
318 2557 377 2594 illa
398 2558 624 2595 abundantia
648 2559 820 2596 Herodo-

159 2617 198 2647 to
245 2613 541 2662 frequentissima
586 2615 819 2665 praepositus

158 2672 224 2705 est.
262 2693 311 2697 --
366 2669 498 2707 Macas
523 2677 607 2721 post
637 2671 821 2708 Nasamo-

158 2737 224 2761 nes
247 2724 397 2762 collocat
417 2726 551 2764 Plinius
570 2728 618 2764 H.
642 2726 690 2765 N.
711 2727 757 2773 V,
780 2726 819 2773 5,

159 2793 297 2829 eosque
323 2789 581 2820 commemorat
615 2785 710 2821 inter
728 2785 819 2832 Syr-

158 2838 203 2873 tis
235 2836 374 2874 accolas
406 2838 536 2886 Scylax
558 2840 580 2876 l.
601 2840 623 2876 l.
664 2840 818 2878 Diodor.

161 2892 222 2939 111,
248 2896 314 2935 48.
356 2893 387 2930 E
407 2895 538 2944 quibus
557 2896 711 2935 Rennel.
730 2909 817 2947 pag.

384 862 426 913 ἐς
456 862 500 906 δὲ
532 861 608 906 τόν
636 861 829 918 πόλεμον
861 865 1097 916 στρουθῶν
1126 861 1376 915 καταγαίων
1406 862 1477 904 δο-

878 1036 957 1076 661
994 1032 1154 1082 colligit,
1203 1035 1353 1081 gentem
1388 1029 1537 1080 propius

877 1093 926 1129 ad
966 1091 1084 1139 Syrtis
1123 1102 1222 1126 oram
1263 1087 1448 1124 habitasse
1490 1087 1538 1124 ad

877 1147 1045 1198 Tripolin
1067 1159 1182 1194 usque
1203 1157 1298 1193 quae
1314 1156 1410 1181 nune
1431 1156 1539 1180 voca-

875 1209 944 1240 tur.
987 1203 1027 1239 ln
1050 1201 1405 1250 Carthaginiensium
1428 1200 1540 1249 copiis

878 1264 1111 1298 recensentur
1130 1258 1291 1295 Maccaei
1304 1286 1315 1304 ,
1353 1261 1447 1294 teste
1467 1256 1537 1293 Po-

877 1316 976 1366 lybio
993 1315 1065 1362 Ill,
1087 1317 1139 1354 33
1152 1343 1162 1361 ‚
1188 1314 1251 1351 ubi
1270 1315 1315 1351 cf.
1334 1312 1538 1361 Schweigh.

878 1373 924 1411 T.
943 1372 976 1409 V
1004 1386 1040 1423 p.
1062 1371 1144 1412 556
1166 1383 1244 1421 seq.
1296 1369 1357 1408 Tu
1375 1371 1420 1407 cf.
1444 1373 1536 1406 nott.

878 1430 926 1468 ad
950 1428 1012 1476 lV,
1035 1430 1127 1469 191.

933 1481 1085 1534 λόφους
1116 1480 1331 1534 κείρονται]
1368 1483 1388 1519 i.
1414 1495 1444 1520 e.
1467 1483 1537 1518 cri-

874 1546 948 1578 stas
971 1542 1041 1577 sibi
1058 1540 1226 1585 tondent,
1257 1540 1294 1576 id
1316 1543 1392 1585 est,
1426 1538 1537 1587 capil-

874 1599 925 1635 los
949 1597 1124 1634 tondendo
1148 1599 1275 1633 cristas
1295 1595 1363 1632 sibi
1381 1595 1537 1644 efficiunt

874 1668 911 1692 eo
939 1653 1029 1704 quod
1056 1656 1095 1690 in
1119 1654 1230 1690 medio
1256 1654 1370 1701 capite
1389 1652 1538 1702 capillos

874 1724 1022 1749 crescere
1040 1712 1176 1756 sinunt,
1196 1710 1240 1746 ab
1258 1713 1409 1758 utraque
1421 1713 1538 1745 autem

871 1772 977 1819 parte
1010 1768 1092 1804 hinc
1120 1770 1226 1816 atque
1253 1766 1354 1803 illinc
1385 1767 1425 1802 in
1461 1769 1537 1801 cute

878 1825 1036 1862 tondent.
1094 1824 1209 1861 Haud
1240 1823 1345 1860 aliter
1370 1823 1427 1868 ΙΙ,
1461 1823 1536 1862 36;

877 1876 1094 1933 Αἰγύπτιοι
1116 1878 1159 1919 δὲ
1182 1902 1230 1907 —
1255 1875 1447 1918 οἷνιεῖσι
1467 1875 1538 1924 τας

877 1939 1010 1987 τρίχας
1034 1934 1250 1983 αὔξεσθαι,
1292 1936 1335 1973 cf.
1360 1935 1420 1981 lv,
1446 1935 1538 1975 180.

877 1995 980 2032 Idem
996 1993 1145 2031 verbum
1166 1993 1201 2029 in
1220 1993 1313 2029 Plut.
1335 1991 1462 2029 Pericl.
1486 1993 1537 2031 16

877 2051 1022 2088 restitui
1045 2049 1122 2108 vult
1138 2049 1290 2098 Β1)3..11
1311 2045 1384 2096 τήν
1407 2043 1539 2097 χώραν

879 2102 1005 2157 nivique
992 2121 1032 2145 cv
1054 2100 1196 2158 α’ρΙήν,
1225 2105 1284 2141 ubi
1303 2104 1413 2153 vulgo
1434 2099 1541 2153 οἶφῆ-

878 2178 957 2202 κεν.
989 2184 1038 2190 --
1075 2161 1116 2200 ἐν
1137 2163 1220 2214 χρῷ
1244 2161 1391 2209 κείρειν
1416 2173 1444 2199 S.
1463 2160 1541 2198 κεί-

880 2223 1022 2271 ρεσθαι
1049 2231 1157 2267 usque
1187 2218 1236 2254 acl
1258 2221 1368 2254 cutem
1389 2217 1539 2264 tonderi,

880 2289 909 2314 s,
940 2279 1017 2313 cute
1048 2279 1146 2312 tenus
1168 2275 1256 2311 radi
1276 2274 1492 2311 Laconum
1484 2287 1540 2310 111-

877 2333 1002 2384 primis
1030 2333 1127 2377 fuit3
1172 2332 1219 2369 de
1252 2344 1405 2379 quorum
1439 2342 1540 2368 more

876 2390 951 2426 vid.
995 2388 1216 2437 Wesseling.
1265 2388 1312 2425 ad
1355 2387 1538 2424 Plutarch.

877 2445 1009 2484 Moral.
1033 2444 1049 2481 I
1077 2459 1114 2495 p.
1139 2443 1234 2485 445.

937 2503 1150 2553 στρουθῶν
1162 2523 1217 2528 —-
1230 2498 1423 2551 φορέουσι
1444 2514 1540 2549 προ-
1572 2539 1577 2541 e

880 2554 1078 2609 βλήματα]
1117 2558 1140 2595 i.
1163 2570 1194 2595 e.
1212 2557 1447 2594 struthionum
1468 2560 1539 2593 ter-

880 2617 1043 2652 restrium
1056 2614 1167 2664 pelles
1181 2628 1246 2664 pro
1260 2615 1367 2650 scutis
1385 2616 1539 2662 gestant.

877 2671 935 2710 De
963 2671 1223 2721 Aethiopibus,
1264 2675 1303 2706 ut
1327 2670 1467 2706 monuit
1489 2670 1538 2706 ad

876 2727 911 2764 h.
941 2727 962 2765 l.
994 2728 1043 2764 W
1046 2727 1212 2775 esseling.
1226 2755 1236 2772 ,
1286 2726 1424 2763 Noster
1456 2725 1537 2772 Vll,

877 2787 951 2825 70·
976 2780 1237 2835 προβληματα
1256 2780 1298 2822 δὲ
1318 2778 1400 2821 ἄντ’
1419 2777 1535 2820 οἷσπί-

878 2839 989 2878 δων’
972 2854 1183 2879 εποιευντο
1203 2834 1382 2890 γεράνων
1398 2833 1536 2889 δοράς,

877 2897 922 2935 de
943 2897 1121 2934 Arabibus
1146 2896 1445 2947 stiuthophagis,
1475 2895 1536 2943 qui

1538 358 1691 394 bellunm,
1719 360 1815 386 Gara-

1554 401 1610 418 ma·
1605 397 1678 419 =.¹tes
1683 379 1799 423 (Gam-

1555 435 1572 461 p
1565 426 1727 453 basanites.
1730 430 1738 460 )

1148 498 1282 547 Οὗτοι
1316 502 1396 558 μὲν
1425 502 1477 587 6»)
1537 506 1752 567 ρῃξῃῖξᾝὲξπῑ
1786 508 1817 535 ³¹¹

1723 544 1816 573 tactu,

1506 574 1667 614 OMacae:
1708 562 1816 600 nummi

1539 608 1662 641 (inimi
1677 611 1707 633 et
1724 608 1816 634 Gom-⁴

1538 641 1562 666 G
1569 642 1813 675 1311311113,ᾱί-

1537 679 1619 701 stans
1639 682 1656 699 a
1670 662 1744 701 mari
1754 678 1815 702 sta-

1539 709 1587 736 dia
1605 709 1664 736 CC.
