1904 3304
551 262 896 302 THALIA.
956 263 1018 301 111.

1334 265 1416 305 195

149 376 278 418 τοῦτο
318 372 365 416 δὲ
408 371 642 415 ἑσσοῦνται
681 370 769 417 ὑπό
806 376 895 416 τῶν
931 373 1173 430 Μηδικῶν,
1218 373 1472 416 Νισαίων35

121 445 200 489 4δὲ
238 443 515 499 καλευμένων
550 445 704 487 ἵππων.
762 448 892 488 τοῦτο
931 445 1002 496 δὲ,
1043 443 1205 500 χρυσός
1237 443 1418 496 ἄπλετος

150 513 310 559 αὐτόθι
339 515 451 558 ἐστι’·
509 515 534 560 ὁ
564 516 664 571 μὲν,
703 513 1023 571 ὀρυσσόμενος·
1068 513 1092 560 ὁ
1123 514 1189 566 δὲ,
1221 531 1418 572 καταφο-

149 586 356 642 ρεύμενος
384 585 472 632 ὑπὸ
503 591 735 644 ποταμῶν
780 586 802 630 ὁ
826 587 892 639 δὲ,
925 586 1067 640 ὥσπερ
1099 584 1310 642 ἐσήμηνα,
1344 585 1418 642 ἄρ·

120 657 404 712 5παζόμενος.

91 836 253 886 Anglicis
279 842 341 874 aut
372 836 490 874 vitulis
525 849 631 886 pares
667 837 750 883 sint,

93 895 254 943 itemque
283 907 398 943 equos
422 894 457 929 in
478 893 654 941 Bengalia
679 899 750 931 ter-

93 963 133 987 ra
149 951 297 988 minima
317 950 477 1000 corporis
497 955 645 986 statura.

149 1019 296 1056 τοῦτο
321 1015 364 1056 δὲ
393 1015 616 1067 ἑσσοῦνται]
647 1018 750 1056 Reti-

93 1074 154 1110 nui
185 1075 324 1122 τοῦτο,
371 1074 469 1111 cuius
495 1073 575 1110 loco
605 1087 648 1111 ex
676 1088 749 1111 uno

92 1130 307 1167 Florentino
329 1131 445 1167 Gaisf.
475 1131 591 1167 edidit
611 1127 750 1184 τούτῳ.

94 1188 202 1224 Cons.
224 1187 287 1233 111,
313 1191 366 1228 22
387 1191 424 1224 et
447 1187 473 1233 Ι,
494 1189 565 1228 67;
595 1189 653 1240 τῷ
679 1203 752 1226 πο-

93 1241 197 1294 λέμῳ
219 1242 421 1281 ἑσσοῦντο.
453 1243 550 1289 Vm,
571 1246 671 1284 130:
694 1243 753 1283 ἕσ-

96 1295 266 1349 σώμενοι
287 1298 377 1337 ἔσαν
398 1301 452 1353 τῷ
476 1302 609 1353 θυμῷ.
625 1324 675 1329 —
695 1301 753 1338 De

94 1355 238 1393 Nisaeis
250 1356 351 1405 equis
363 1357 522 1393 dicemus
540 1358 587 1393 ad
597 1356 676 1403 Vll,
687 1356 753 1396 40.

151 1420 291 1473 χρυσός
323 1420 513 1474 ἄπλετος]
559 1423 616 1461 De
650 1424 754 1461 India

94 1481 170 1516 auri
205 1480 426 1517 feracissima
455 1481 551 1517 conf.
581 1481 652 1527 ΙΙΙ,
686 1479 752 1521 94.

97 1536 187 1576 105.
240 1537 341 1573 Ctes.
374 1537 478 1573 lndd.
517 1535 551 1587 ἓ.
586 1539 636 1577 12
670 1537 753 1584 alia,

93 1605 188 1640 quae
209 1591 352 1641 collegit
362 1593 589 1630 Freinshem.
602 1594 647 1629 ad
661 1593 754 1630 Cur-

92 1649 181 1685 tium
201 1648 299 1694 Vlll,
321 1651 360 1695 9,
383 1650 446 1690 18.
477 1648 571 1686 Add.
593 1649 754 1687 Heeren.

92 1704 205 1742 ldeen
224 1705 252 1751 Ι,
275 1707 300 1746 3
321 1718 407 1755 pag·
431 1707 512 1746 319
537 1719 642 1755 seqq.
670 1711 707 1743 et
726 1706 752 1752 Ι,

97 1764 114 1801 1
139 1774 223 1811 pag.
248 1764 313 1803 90.
364 1762 571 1799 'l‘estantur
590 1764 666 1799 auri
687 1776 753 1813 per

94 1818 234 1854 Indiam
258 1819 398 1867 copiam
423 1819 673 1867 antiquissima
694 1819 754 1856 In-

94 1874 222 1910 dorum
245 1876 416 1918 carmina,
447 1875 482 1910 in
504 1876 634 1923 quibus
654 1888 752 1923 vasa,

95 1934 333 1976 ornamenta,
364 1930 435 1966 alia
460 1944 532 1967 non
556 1933 622 1967 nisi
645 1945 755 1969 aurea

95 1984 306 2034 plerumque
317 1992 650 2024 commemorantur.
670 1988 754 2031 Quo

96 2046 260 2090 spectare
280 2041 404 2078 volunt
421 2043 578 2079 fabulam
602 2045 648 2081 de
668 2058 754 2094 gry-

96 2097 197 2147 phis,
228 2098 275 2135 de
307 2111 377 2147 qua
412 2099 494 2135 vide
525 2099 674 2137 Excurs.
706 2101 753 2136 ad

96 2153 160 2201 ΠΙ,
185 2157 277 2195 116.
307 2175 359 2181 —-·
389 2151 552 2200 ἄπλετος
575 2156 669 2193 valet
699 2159 754 2193 in-

96 2222 205 2257 gens;
237 2210 283 2247 de
308 2212 380 2260 qu&
409 2225 499 2249 voce
516 2212 652 2251 consul.
678 2212 754 2249 Da}-

96 2266 244 2303 derlein.
267 2267 471 2305 comment.
498 2269 544 2305 de
563 2270 671 2319 alpha
699 2270 755 2306 in·

97 2324 236 2359 tensivo
257 2322 425 2373 (Erlang.
449 2326 574 2373 1830)
594 2328 754 2375 pag 14.

155 2387 174 2429 ὅ
206 2388 276 2441 μὲν
301 2386 590 2443 ὀρυσσόμενος]
622 2393 757 2430 Intelli-

100 2447 194 2494 gitur
221 2460 346 2485 aurum
377 2462 396 2485 e
423 2450 557 2486 fodinis
587 2455 754 2499 paratum

100 2502 422 2553 (Bergwerksgold
436 2535 446 2552 ‚
478 2506 660 2552 Golden,
692 2520 756 2555 ge-

102 2559 275 2605 diegenes
296 2560 522 2610 Berggold);
554 2564 652 2611 quod
671 2576 757 2612 pro-

101 2614 200 2650 venit
226 2627 245 2651 e
274 2618 473 2665 montibus,
505 2620 566 2668 qui
596 2620 680 2656 inde
713 2632 756 2656 ex

103 2674 225 2707 monte
242 2670 339 2708 Altai
362 2678 399 2709 et
421 2673 518 2710 lmao
541 2675 759 2724 Emodoque

103 2727 248 2763 deserta
277 2726 337 2763 illa
367 2729 460 2766 inter
480 2730 650 2768 Tibetum
673 2745 758 2782 par·

103 2795 182 2818 vam
210 2786 245 2818 et
267 2783 364 2832 ipsos
395 2790 535 2823 montes
557 2787 650 2824 Altai
674 2802 758 2838 per-

103 2843 236 2875 meant.
285 2839 365 2875 vid.
397 2840 514 2877 wahl.
538 2842 757 2881 Erdbeschr.

102 2906 135 2929 v.
171 2895 319 2932 Ostind.
348 2908 432 2945 pag.
456 2897 537 2938 483
566 2905 602 2936 et
622 2899 758 2937 Malte-

464 659 517 702 τοὶ
554 659 599 703 δὲ
639 659 818 714 δένδρεα
847 657 900 702 τά
941 657 1071 715 ἄγρια
1102 657 1263 702 αὐτόθι
1293 657 1418 714 φέρει

809 836 912 873 brun.
930 833 1100 872 Nouvell.
1112 834 1256 873 Annall.
1277 836 1313 872 d.
1328 836 1470 886 Voyag.

807 892 839 929 ll
861 907 898 943 p.
918 893 1014 932 368.

863 957 888 999 ὁ
918 956 973 1006 δὲ,
1007 955 1362 1009 καταφορεύμενος
1389 957 1470 999 mim)

806 1014 1014 1066 ποταμῶν]
1030 1015 1210 1052 ludicatur
1224 1029 1362 1062 aurum,
1373 1018 1473 1066 quod

807 1087 927 1110 secum
961 1074 1080 1110 ferant
1111 1073 1211 1108 fluvii
1231 1086 1298 1123 per
1326 1074 1473 1111 deserta

810 1130 903 1167 Cobi
921 1130 1096 1166 orientem
1117 1142 1241 1166 versus
1261 1129 1471 1168 delabentes

811 1190 850 1224 et
870 1186 926 1223 vel
947 1186 983 1222 in
998 1185 1095 1222 lacus
1112 1185 1167 1223 vel
1190 1186 1225 1222 in
1242 1198 1387 1223 arenam
1411 1200 1473 1224 ex-

811 1248 960 1288 euntes,
1007 1241 1228 1290 Flussgffld,
1280 1243 1472 1280 Goldkies.

810 1298 865 1336 Ac
892 1299 949 1337 vel
980 1298 1172 1336 recentiori
1192 1303 1314 1336 aetate
1347 1313 1389 1336 ex
1417 1300 1472 1336 his

808 1355 1021 1403 regionibus
1052 1368 1179 1391 aurum
1221 1355 1257 1391 in
1294 1356 1472 1393 Siberiam

808 1413 918 1449 fuisse
935 1412 1130 1449 abductum
1149 1415 1273 1449 monet
1286 1411 1471 1450 Wahl.l.l.

809 1483 846 1520 p.
864 1468 958 1509 483.

868 1534 891 1575 ὁ
910 1533 951 1575 δὲ
971 1531 1101 1586 ὥσπερ
1122 1532 1315 1587 ἐσήμηνα,
1347 1533 1473 1588 ἅρπα-

813 1589 991 1643 ζόμενος]
1016 1589 1199 1643 ἐσήμηνα
1223 1606 1303 1629 cum
1322 1598 1471 1630 recentt.

810 1651 895 1687 edd.
927 1651 1054 1700 scripsi
1080 1663 1146 1699 pro
1181 1645 1371 1699 ἐσήμανα.
1411 1649 1473 1686 Tu

809 1707 906 1753 vide,
936 1719 982 1744 ne
1006 1706 1122 1756 plura,
1152 1706 1287 1743 Matth.
1312 1706 1378 1743 Gr.
1405 1706 1472 1743 Gr.

811 1763 848 1816 ἓ.
873 1764 963 1804 185.
1002 1763 1222 1812 Intelligitur
1240 1763 1385 1800 tertium
1407 1774 1473 1798 au·

810 1822 839 1856 ri
859 1832 988 1868 genus,
1003 1819 1150 1868 reliquis
1170 1819 1395 1868 frequentius
1408 1831 1473 1869 per

810 1877 875 1913 has
903 1882 1042 1918 terras,
1073 1876 1280 1922 Gffllsaml,
1312 1876 1473 1912 Golcllet-

811 1937 880 1970 ten.
928 1933 1039 1975 Quod
1061 1933 1212 1969 multum
1242 1946 1309 1982 per
1336 1936 1472 1970 terram

813 2002 992 2039 sparsum,
1026 1993 1067 2025 ut
1095 1989 1198 2026 facile
1223 2001 1340 2035 eruas,
1370 1989 1473 2026 inve-

808 2046 877 2082 niri
900 2046 1034 2081 dicunt.
1064 2046 1147 2081 Vid.
1171 2044 1332 2082 Wah1.l.
1353 2045 1471 2095 [ρος.

810 2103 902 2143 482.
920 2100 1013 2140 483.

867 2164 914 2205 τὰ
927 2164 967 2205 ὑὲ
987 2163 1347 2219 δένδρεατεέὀῖγρια]
1364 2167 1473 2203 Hanc

811 2225 930 2261 lanam
963 2236 1007 2261 ex
1034 2224 1224 2261 arboribus
1254 2225 1474 2274 provenien-

811 2286 886 2318 tem
919 2285 955 2316 et
983 2281 1090 2317 ovina
1120 2280 1203 2317 lanai
1226 2281 1473 2330 praestantio-

812 2351 888 2375 rem
923 2339 1124 2386 gossypz'mn
1165 2350 1245 2374 esse
1277 2336 1472 2384 (Nostrum

811 2393 1081 2441 Baumxwdle),
1122 2407 1228 2430 nemo
1257 2406 1331 2429 nou
1360 2393 1472 2431 videt.

814 2451 921 2487 Conf.
944 2450 1005 2494 Ill,
1026 2448 1092 2489 47.
1106 2450 1185 2496 Vll,
1206 2449 1271 2490 65.
1303 2450 1383 2486 Nec
1401 2449 1472 2486 alio

812 2507 996 2556 pertinent
1028 2506 1165 2554 εἵματα
1203 2502 1341 2553 ξύλινα
1371 2507 1471 2552 apud

813 2564 913 2600 Ctes.
942 2562 1019 2599 lnd.
1046 2561 1084 2613 ἓ.
1106 2565 1179 2606 22,
1219 2563 1280 2599 ubi
1314 2561 1470 2598 Plinium

812 2619 917 2656 citavi
936 2619 1044 2656 Hists
1061 2619 1147 2656 Nat.
1166 2619 1265 2665 ΧΙΧ,
1290 2622 1323 2658 1.
1350 2618 1473 2654 Philo-

814 2681 916 2712 strat.
938 2675 980 2712 V.
1013 2675 1131 2725 Apoll.
1155 2675 1199 2720 H,
1221 2677 1275 2715 20
1309 2674 1388 2711 coll.
1411 2674 1473 2720 lll,

818 2732 880 2772 15.
938 2731 1079 2769 Eodem
1118 2731 1316 2780 respiciunt
1345 2729 1473 2767 Pollux

813 2789 895 2834 Vll,
923 2789 988 2829 75.
1008 2787 1149 2825 Arriau.
1171 2788 1252 2824 lnd.
1277 2789 1339 2825 16.
1364 2787 1473 2823 Pom-

813 2857 899 2894 pon.
917 2844 1003 2881 Mel.
1015 2844 1079 2891 ΙΙΙ,
1092 2847 1128 2885 7.
1159 2844 1304 2880 Servius
1316 2842 1470 2889 adVirg.

813 2901 904 2938 Aen.
930 2900 958 2946 Ι,
980 2900 1073 2941 649.
1132 2899 1271 2936 Nostra
1299 2899 1471 2935 memoria

1114 2953 1196 2994 13*
