1904 3304
430 223 515 264 392

829 220 1300 260 HERODOTI

433 330 652 376 καλέεται·
701 330 747 373 ἓν
777 329 823 373 δὲ
857 327 977 385 αὐτῷ
1011 327 1110 383 ἱρόν
1140 331 1318 386 Μητρός
1348 329 1591 384 ἐνίδρυται·
1632 329 1727 372 πέ-1

380 487 566 526 Herodoti
598 488 718 522 aetate
752 484 789 520 in
817 483 1042 522 Maeotidem

381 545 608 589 influxisset,
638 541 707 578 hoc
725 541 891 590 profecto
911 555 933 578 a
956 542 1044 578 scri—

380 606 488 652 ptore
516 597 783 636 accuratissimo
815 597 926 636 fuisse
951 598 1045 634 indi-

382 662 522 703 catum,
564 655 626 703 qui
645 654 691 691 de
708 653 891 690 Maeotica
911 654 1046 706 palude

381 725 457 750 non
494 710 723 749 adhibuisset
772 722 900 747 vocem
947 709 1047 757 ἕλος,

383 769 530 807 minime
549 767 646 804 illam
666 766 812 815 quidem
827 769 1048 806 convenien-

383 832 482 872 tem,
525 824 590 861 sed
622 823 791 873 λίμνην,
830 828 870 860 ut
892 825 954 872 lv,
980 826 1047 865 57.

387 884 481 923 109.
522 880 650 930 ltaque
679 884 777 917 recte
796 879 890 917 Miot
912 881 963 918 sic
994 881 1050 918 in-

385 941 632 988 terpretatur:
686 936 747 983 „il
776 949 810 974 se
837 936 927 984 jette
967 950 1049 974 avec

388 995 443 1031 luz·
462 993 554 1030 dans
572 993 621 1029 les
645 993 768 1029 memes
788 996 942 1037 marais‚·
955 996 979 1014 “
1009 997 1051 1030 ut

389 1056 524 1099 stagna
545 1049 770 1100 paludesque
787 1051 833 1087 ad
855 1051 964 1088 Ponti
976 1050 1050 1087 Eu

390 1107 464 1145 xini
484 1118 565 1142 oras
584 1118 701 1156 prope
720 1106 801 1156 ipsa
812 1106 1051 1155 Borysthenis

388 1169 500 1212 atque
517 1162 710 1212 Hypanios
732 1163 825 1199 ostia
846 1162 1054 1211 intelligan-

389 1227 461 1257 tur.
491 1218 551 1255 Ad
571 1224 824 1267 argumentum
837 1219 931 1256 conf.
942 1219 1053 1257 Dion.

391 1276 584 1324 Chrysost.
604 1286 656 1311 or.
676 1275 730 1314 36
756 1275 835 1312 init.
854 1289 892 1326 p.
913 1274 994 1316 437
1008 1275 1053 1312 Β.

388 1330 574 1368 Mannert.
595 1330 643 1367 lv
662 1343 698 1381 p.
709 1332 805 1372 226.
837 1331 873 1369 Τ
875 1331 1055 1369 zschucke

390 1388 440 1425 ad
462 1386 550 1425 Mel.
570 1385 594 1423 l.
613 1385 637 1422 l.
655 1391 750 1425 nott.
769 1400 899 1437 exegg.
928 1402 967 1440 p.
988 1390 1054 1434 32,

390 1447 490 1482 recte
536 1447 772 1491 monentem,
838 1445 1056 1482 Herodotea

393 1499 599 1538 confirmari
615 1499 744 1537 Dionis
763 1500 785 1537 l.
805 1499 826 1539 l.
862 1505 900 1539 et
930 1513 1056 1539 recen-

392 1557 527 1594 tiorum
548 1569 696 1605 quoque
714 1558 1002 1604 narrationibus,
1033 1569 1055 1594 a

391 1613 523 1662 quibus
551 1612 649 1649 lacus
679 1612 738 1650 ille
767 1617 824 1650 sat
841 1614 981 1664 amplus
1000 1614 1057 1650 di-

393 1670 488 1706 citur
505 1667 650 1705 Liman.
661 1668 930 1707 —Particulae
950 1684 990 1709 τε
1003 1690 1050 1698 -

393 1724 462 1764 καὶ
479 1726 516 1761 in
536 1725 590 1761 his
612 1725 731 1762 verbis
762 1722 907 1777 (α’γχοῦ
928 1741 976 1765 τε
1004 1722 1054 1776 δή

394 1803 450 1811 -
479 1781 564 1820 καί
607 1780 647 1820 οἱ
683 1782 966 1834 συμμίσγεται)
1005 1784 1056 1819 ita

396 1838 467 1876 sibi
498 1838 750 1888 respondent,
798 1845 837 1877 ut
864 1840 1057 1877 commode

393 1894 501 1932 reddi
537 1895 681 1944 possint
719 1908 787 1946 per
832 1897 896 1933 ubi
919 1918 974 1924 --
994 1897 1056 1942 ibi,

396 1951 493 1988 hunc
521 1952 597 1988 sere
630 1952 667 1987 in
698 1952 868 1990 modum:
929 1981 954 2000 „
970 1951 1059 1989 Ubi

396 2006 493 2045 haud
510 2007 635 2057 procul
659 2021 680 2044 α
704 2010 800 2046 mari
819 2008 1058 2060 Borysthenes

391 2065 503 2115 fluit,
533 2065 598 2100 z'bz'
617 2066 650 2100 ei
668 2066 832 2102 miscetur
851 2066 1058 2116 Hypanis,“

397 2121 455 2157 Cf.
480 2120 543 2168 IV,
569 2123 658 2161 199.
690 2120 770 2159 Nec
791 2123 917 2172 dispar
937 2135 980 2160 ea
1000 2135 1060 2159 ra-

394 2177 469 2223 tio,
507 2177 580 2225 qua
613 2178 659 2214 ad
689 2183 833 2229 tempus
855 2180 1060 2217 referuntur

394 2233 567 2282 idemque
589 2234 708 2272 valere
730 2235 918 2283 videntur,
958 2236 1059 2285 quod

398 2285 495 2327 ὅταν
545 2293 582 2326 et
633 2286 739 2335 τότε,
799 2297 837 2328 ut
886 2293 1059 2330 observat

398 2345 606 2393 Schweigh.
625 2347 673 2383 ad
686 2347 747 2393 lV,
765 2349 856 2388 181.
883 2348 980 2385 Add.
993 2348 1058 2394 lv,

401 2402 491 2442 135.
531 2401 603 2449 111,
631 2405 685 2443 76
706 2404 792 2452 ibiq.
811 2409 885 2440 not.
910 2405 963 2451 V,
991 2407 1057 2445 86·

400 2458 480 2505 vll,
503 2460 566 2497 12.
585 2462 677 2500 217.
709 2460 805 2505 vlu,
826 2461 891 2500 56.
913 2459 976 2500 64.
992 2462 1057 2502 83.

397 2514 519 2551 Minus
542 2520 709 2553 accurate
726 2516 920 2553 Reichard.
944 2530 981 2567 p.
1004 2515 1057 2558 45

397 2572 448 2608 ita
485 2571 579 2608 hunc
616 2572 731 2609 locum
766 2573 959 2611 vernacule
996 2586 1059 2611 ex-

397 2628 550 2678 pressit:
582 2657 606 2674 „
618 2627 692 2665 Der
703 2629 952 2678 Borysthenes
971 2630 1059 2679 geht

399 2684 494 2722 nahe
522 2696 570 2720 an
596 2685 662 2721 das
691 2685 795 2722 Meet
820 2685 956 2732 heran,
995 2687 1061 2724 der

399 2740 569 2790 Hypanis
594 2742 628 2777 in
654 2741 852 2778 denselben
876 2743 950 2779 und
971 2742 1061 2791 bey-

401 2798 448 2835 de
479 2797 514 2833 in
544 2796 689 2835 einerlei
715 2798 828 2835 See.“
860 2820 914 2825 —
945 2795 990 2837 τό
1017 2796 1060 2836 δὲ

399 2850 544 2904 μεταξύ
566 2876 620 2881 —-
642 2852 841 2902 καλέεται,
890 2854 1060 2904 intelligi-

1100 490 1158 523 tur
1185 489 1306 524 terrae
1332 490 1468 523 tractus
1495 485 1636 523 medius
1665 485 1761 522 inter

1102 547 1296 591 utrumque
1321 543 1468 579 fluvium
1500 544 1536 579 in
1558 554 1657 579 mare
1675 554 1763 592 pro-

1103 611 1250 636 currens
1283 602 1322 636 et
1357 599 1465 635 rostri
1497 599 1544 635 ad
1580 599 1695 635 instar
1726 598 1763 634 in

1104 660 1249 692 acutum
1270 655 1450 692 desinens.
1493 655 1612 704 Supra
1631 655 1659 702 Ι,
1685 656 1763 695 166

1105 709 1126 751 ὁ
1155 710 1323 762 ἕμβολος
1352 712 1397 749 de
1416 710 1516 748 navis
1544 714 1684 754 rostro;
1717 711 1765 747 de

1105 781 1177 818 quo
1204 768 1297 805 conf.
1323 768 1478 816 Gregor.
1498 767 1582 804 Cor.
1604 767 1650 804 de
1679 765 1762 804 dial.

1106 825 1185 862 lon.
1204 822 1242 875 ἓ.
1264 826 1343 864 108
1370 838 1405 874 p.
1425 822 1518 864 514.

1164 879 1206 920 ἓν
1249 879 1290 918 ὁὲ
1328 877 1435 932 αὐτῷ
1475 876 1559 931 ἵρὸν
1601 876 1766 929 Μητρὸς

1107 935 1324 988 ἐνίδρυται]
1371 937 1488 974 Gaisf.
1511 949 1532 974 e
1554 935 1698 973 duobus
1722 934 1766 971 li-

1107 995 1181 1032 bris
1217 993 1400 1031 exhibuit:
1445 992 1488 1032 ἐν
1524 990 1567 1031 δὲ
1600 989 1643 1031 τὸ
1679 988 1767 1043 ἱρὸν

1111 1045 1320 1121 Avj'pmqvp’og
1334 1049 1550 1100 ἐνίδουςται
1567 1048 1767 1086 Matthiae:

1108 1106 1151 1147 ἓν
1168 1104 1210 1145 δὲ
1233 1102 1341 1160 αὐτῷ
1362 1103 1444 1158 ἷοὸι
1456 1102 1670 1157 Δήμητρος
1688 1104 1768 1144 ἐνί-

1111 1165 1260 1215 δρυται.
1316 1163 1370 1200 Ac
1379 1144 1606 1213 Δήμητρος
1636 1162 1771 1212 probat

1111 1232 1261 1269 quoque
1284 1219 1467 1257 Mannert.
1501 1219 1551 1255 IV
1584 1231 1671 1269 pag.
1703 1219 1769 1258 83-

1111 1276 1293 1325 Equidem
1327 1289 1348 1313 e
1381 1276 1572 1322 Medice0‚
1615 1274 1771 1312 Floren-

1110 1333 1209 1378 tino,
1238 1332 1316 1369 aliis
1338 1332 1465 1370 reduxi
1487 1328 1676 1382 Μητρὸς,
1707 1343 1771 1368 cu-

1111 1389 1167 1426 ius
1188 1389 1301 1439 ipsius
1325 1389 1686 1440 interpretamentum
1706 1386 1773 1424 ha-

1112 1446 1183 1483 beo
1214 1445 1405 1483 lectionem
1436 1440 1672 1497 Δήμητρος,
1718 1443 1774 1480 in-

1111 1506 1250 1540 vectam
1282 1502 1447 1539 nimirum
1469 1502 1517 1539 ab
1538 1515 1604 1549 eo,
1644 1503 1704 1551 qui
1726 1500 1774 1539 de

1113 1558 1256 1595 Graeca
1269 1559 1338 1596 dea
1351 1558 1481 1605 Cerere,
1502 1559 1653 1596 Graecis
1665 1558 1774 1595 Ponti

1112 1614 1244 1652 accolis
1270 1614 1388 1661 culta,
1426 1615 1653 1663 cogitaverit.
1708 1613 1772 1661 At,

1113 1673 1143 1707 si
1171 1671 1259 1721 quid
1286 1672 1414 1718 video,
1452 1671 1510 1709 hic
1538 1671 1773 1721 cogitandum

1113 1728 1160 1765 de
1180 1740 1224 1765 ea
1247 1728 1341 1774 dea,
1372 1740 1467 1777 quae
1486 1729 1594 1765 variis
1616 1727 1775 1765 nomini-

1114 1784 1179 1821 bus
1199 1797 1265 1834 per
1281 1784 1425 1831 Asiam,
1457 1785 1634 1822 minorem
1658 1784 1774 1834 potis-

1113 1840 1264 1887 simum,
1294 1841 1390 1878 culta
1412 1841 1464 1888 (v⁰
1486 1854 1516 1877 c.
1541 1841 1688 1891 Cyzici3
1712 1840 1775 1886 lv,

1115 1899 1183 1944 76,
1202 1896 1280 1933 aliis
1298 1894 1401 1947 locis)
1421 1897 1507 1935 inde
1527 1898 1564 1934 in
1584 1897 1774 1948 oppositas

1115 1966 1262 2003 quoque
1284 1954 1394 1991 Ponti
1422 1966 1505 1991 oras
1525 1954 1594 1992 suit
1611 1959 1776 1991 transve-

1114 2014 1186 2047 cta.
1229 2009 1328 2048 Hinc
1349 2011 1425 2048 iure
1443 2011 1589 2048 lectioni
1607 2006 1776 2061 Μητρός

1114 2068 1390 2117 patrocinantur
1424 2067 1596 2105 Koehler.
1635 2066 1774 2114 (Mem.

1116 2135 1176 2160 sur
1197 2122 1220 2159 1.
1242 2136 1371 2161 course
1394 2145 1441 2151 —
1456 2123 1580 2162 Achill.
1602 2137 1638 2174 p.
1661 2124 1775 2170 128),

1115 2183 1228 2228 atque
1246 2180 1416 2218 Creuzer.
1439 2177 1599 2232 (Annall.
1624 2178 1775 2217 Heidel-

1116 2236 1242 2285 bergg.
1276 2239 1383 2277 1822
1415 2249 1502 2286 pag.
1532 2238 1638 2284 1236
1666 2235 1775 2284 seq),

1114 2292 1275 2339 Baccho,
1303 2294 1364 2341 qui
1385 2293 1504 2330 Sabos
1524 2292 1666 2338 dicitur,
1685 2292 1774 2329 addi

1115 2361 1268 2386 monens
1298 2350 1373 2386 sive
1401 2349 1572 2386 nutricem
1600 2349 1675 2385 sive
1696 2360 1774 2384 ma-

1114 2409 1205 2443 trem
1256 2405 1413 2454 Hippmn
1431 2433 1442 2453 ‚
1501 2416 1596 2453 quae
1644 2405 1774 2442 eadem

1115 2462 1215 2512 apud
1233 2462 1430 2511 Orphicum
1462 2466 1608 2510 poetam
1629 2458 1774 2514 (XLIX

1117 2516 1225 2568 [43]‚
1253 2517 1298 2567 4)
1321 2517 1466 2567 χθονία
1488 2533 1640 2569 μητηρς
1671 2518 1777 2555 inde-

1115 2587 1187 2624 que
1214 2574 1390 2623 Hippolai
1431 2587 1563 2611 nomen
1604 2579 1776 2625 repeten-

1116 2631 1212 2667 dum.
1274 2630 1382 2668 Unde
1415 2643 1502 2668 sane
1531 2630 1701 2680 colligas,
1737 2631 1774 2667 in

1117 2686 1184 2724 hac
1201 2687 1308 2724 Ponti
1327 2699 1392 2723 ora
1404 2687 1609 2737 Olbiaeque
1626 2688 1775 2736 regione
1839 2715 1843 2718 .

1118 2755 1219 2782 sacra
1239 2742 1416 2792 Phry-gica
1440 2748 1476 2781 et
1496 2743 1676 2781 Thracica
1698 2757 1776 2781 ma-

1118 2803 1197 2836 ture
1218 2799 1423 2837 introducta
1443 2813 1523 2838 esse
1537 2827 1548 2846 ‚
1580 2800 1776 2837 coloniam-

1119 2868 1190 2906 que
1213 2855 1428 2894 'I'hracicam
1459 2857 1535 2894 sive
1560 2856 1774 2906 Phrygicam
