1904 3304
488 236 1052 276 MELPOMENE.
1111 237 1173 275 lv,

172 359 324 407 3μενοι
364 348 639 405 μετέρχονται
681 347 767 391 α’να
807 352 895 391 πᾶν
936 348 1044 398 ἔτος.

1383 237 1468 278 285

1105 344 1153 397 ὃς
1183 343 1226 390 δ’
1270 345 1325 390 ἄν
1356 347 1465 402 ἔχων

198 420 275 465 τὸν
312 419 480 476 χρυσόν
518 418 596 463 τὸν
634 420 732 474 ἱρόν
769 419 816 463 ἐν
844 423 899 476 τῇ
929 417 1036 475 ὁρτῇ
1065 415 1306 472 ὑπαίθριος
1335 424 1520 461 κατα-95

197 496 409 548 κοιμηθῇ,
452 486 580 543 οὗτος
618 493 784 548 λέγεται
821 488 910 533 ὑπὸ
942 489 1158 534 Σκυθέων
1188 488 1242 533 οὐ
1276 493 1462 534 διενιαυ-

190 565 342 616 τίζειν·
390 564 597 606 δίδοσθαι
629 562 674 606 δέ
715 564 758 605 οἵ
796 560 868 606 διά
899 565 1028 604 τοῦτο
1069 561 1152 605 ὅσα
1182 560 1237 604 ἄν
1267 564 1384 621 ἵππῳ
1416 563 1464 606 έν

162 633 334 690 4ἡμέρῃ
364 638 443 692 μιῇ
471 634 702 691 περιελάσῃ
736 632 882 684 αὐτός.
937 637 1024 689 Τῆς
1055 633 1101 676 δὲ
1130 632 1274 689 χώρης
1304 633 1462 690 ἐούσης

190 704 394 760 μεγάλης,
425 709 658 762 τριφασίας
684 704 762 755 τὰς
792 704 1018 759 βασιληίας
1046 709 1162 747 τοῖσι
1191 705 1315 748 παισὶ
1345 710 1460 748 τοῖσι

189 776 358 819 ἑωυτοῦ
388 776 742 833 καταστήσασθαι
764 773 1004 826 Κολάξαιν·
1046 775 1120 817 καὶ
1140 775 1332 819 τουτέων
1354 778 1460 830 μίαν

187 849 390 904 μεγίστην
427 853 628 905 ποιῆσαι,
670 847 717 891 ἐν
748 850 801 903 τῇ
831 845 908 888 τὸν
937 845 1104 900 χρυσόν
1138 846 1455 902 φυλάσσεσθαι.

160 919 258 962 5Τιὶ
293 919 337 963 δὲ
367 919 611 973 κατύπερθε
641 918 751 974 πρὸς
782 921 922 974 βορῆν
952 917 1127 972 λέγουσι
1168 917 1330 973 ἄνεμον
1359 923 1481 962 τῶνὶ

187 988 433 1045 ὑπεροίκων
461 995 537 1046 τῆς
565 990 728 1046 χώρης,
761 988 844 1033 οὐκ
876 985 948 1031 οἶά
979 1004 1022 1031 τε
1054 985 1167 1032 εἶναι
1197 989 1258 1032 ἔτι
1287 1002 1458 1044 προσω-

185 1062 292 1116 τέρω
326 1062 425 1106 οὔτε
456 1061 588 1117 ὁρᾶν,
621 1060 722 1106 οὔτε
754 1061 974 1114 διεξιέναι,
1014 1057 1102 1103 ὑπὸ
1134 1066 1304 1117 πτερῶν
1335 1079 1456 1119 κεχυ-

129 1246 298 1296 probata,
317 1247 500 1297 displicuit
510 1247 789 1296 Schweighaeu-

129 1315 230 1349 ser0,
274 1307 434 1341 veterem
455 1304 626 1341 Latinam
652 1305 788 1341 versio-

129 1372 212 1396 nem
242 1361 434 1398 retinenti:
471 1360 687 1410 placantque
712 1373 787 1397 ma-

127 1418 212 1464 gnis
227 1418 417 1466 sacrificiis
437 1418 569 1453 adeunt
584 1419 786 1467 quotannis,

127 1473 202 1510 sive
224 1478 263 1509 ut
285 1474 393 1510 Valla
421 1479 667 1524 expresserat:
703 1474 785 1522 pla-

127 1533 295 1579 caturque
327 1531 384 1576 (id
409 1531 555 1577 aurum)
596 1531 788 1566 maioribus

127 1585 249 1622 hostiis
267 1590 301 1622 et
321 1586 446 1623 aditur
466 1589 654 1636 quotannis
675 1587 788 1623 solen-

125 1644 229 1681 niter.
273 1642 392 1686 Quem
412 1644 579 1692 sequitur
602 1643 712 1680 Italus
732 1644 788 1679 in-

124 1703 277 1749 terpres,
348 1700 490 1745 Quibus
538 1699 629 1737 haec
680 1700 785 1737 addit

127 1754 326 1805 Schweigh.
338 1771 349 1793 .·
377 1757 506 1804 „Quid
519 1757 567 1793 sit
585 1770 673 1795 vero
683 1757 784 1806 quod

124 1812 178 1848 his
213 1814 355 1850 subiicit
390 1814 602 1850 Herodotus
645 1814 692 1850 de
724 1826 782 1859 eo,

124 1869 185 1917 qui
208 1882 333 1906 aurum
360 1869 447 1906 illud
478 1870 617 1906 habens
647 1870 782 1906 obdor-

125 1925 266 1962 miverit
286 1926 352 1963 sub
375 1927 434 1961 dio
449 1955 459 1972 ,
498 1926 581 1962 mihi
598 1926 695 1963 haud
722 1939 781 1963 sa-

126 1980 171 2016 tis
191 1981 317 2030 liquet.
348 1982 450 2018 istud
471 1982 658 2021 δίδοσθαι
679 1981 721 2021 δέ
742 1982 783 2021 οἱ

125 2033 191 2074 διά
212 2040 340 2085 τοῦτο,
373 2051 445 2075 non
465 2051 539 2075 eam
561 2039 599 2075 ob
620 2052 781 2075 caussam

123 2094 349 2143 intelligebat
370 2094 539 2132 Larcher.
553 2123 564 2140 ‚
595 2096 694 2144 quod
714 2109 780 2132 αη-

123 2163 204 2186 num
233 2151 327 2188 hunc
359 2151 418 2187 ille
448 2166 516 2188 ηωι
546 2156 631 2188 esset
662 2156 780 2188 trans-

120 2210 288 2251 act11r11s‚·
332 2208 396 2245 sed
415 2212 557 2258 propter
581 2210 644 2245 hoc
668 2211 780 2259 ipsum

114 2264 308 2312 periculum
344 2265 421 2300 dari
456 2266 657 2314 praemium
692 2266 779 2302 illud

120 2320 172 2367 ei,
211 2322 272 2369 qui
295 2334 419 2358 aurum
442 2322 511 2358 hoc
539 2327 636 2359 recte
658 2328 779 2358 custo-

119 2377 267 2414 divisset
286 2378 428 2426 sibique
449 2379 614 2424 cavisset,
643 2392 689 2416 ne
709 2379 777 2415 sub

120 2433 179 2468 dio
202 2434 531 2471 obdormisceret.“
573 2435 632 2472 Tu
655 2436 776 2485 potius

119 2490 264 2536 confer,
295 2503 385 2539 quos
407 2491 493 2528 citat
508 2490 710 2528 Larcherus
729 2492 776 2529 de

119 2557 162 2580 ea
179 2545 258 2593 ipsa
271 2548 545 2594 consuetudine,
566 2560 662 2597 quae
677 2549 776 2598 apud

120 2600 344 2638 Herodotum
364 2609 594 2651 memoratur,
609 2609 774 2642 veterum

119 2655 234 2693 locos:
273 2658 381 2695 Ovid.
400 2659 551 2696 Metam.
572 2660 654 2707 XV,
678 2663 771 2702 616.

118 2712 247 2749 Senec.
270 2713 327 2750 De
355 2714 486 2752 beneff.
508 2717 586 2764 VH,
609 2720 646 2757 7.
680 2717 773 2754 Plin.

120 2767 167 2804 H.
191 2768 238 2805 N.
262 2769 393 2816 XVlll,
414 2775 450 2811 3.
486 2771 538 2809 Ac
558 2774 604 2811 de
619 2774 775 2811 Germa-

119 2824 174 2860 nis
196 2830 233 2862 et
254 2826 428 2863 Romanis
446 2828 574 2865 similia
593 2830 774 2879 quaedam

119 2880 392 2919 observantibus
431 2886 569 2922 monuit
618 2886 772 2923 Grimm.

846 1244 1020 1283 Deutsch.
1051 1246 1337 1284 Rechtsalterth.
1371 1247 1385 1284 I
1422 1260 1508 1297 pag.

848 1303 922 1347 89,
970 1307 1096 1338 nostro
1125 1302 1206 1339 loco
1241 1316 1314 1341 non
1344 1308 1508 1353 praeter—

845 1359 978 1403 misso,
1016 1359 1071 1395 cui
1101 1359 1243 1396 subiicit
1267 1359 1363 1396 Livii
1393 1360 1510 1397 locum

844 1416 890 1461 II,
914 1416 938 1456 5
957 1415 1004 1451 de
1023 1415 1181 1452 Horatio
1195 1416 1318 1463 Coele,
1347 1417 1403 1454 cui
1425 1420 1510 1453 tan-

843 1477 920 1508 tum
951 1472 1029 1519 agri
1059 1473 1137 1509 dari
1165 1471 1341 1521 legimus,
1392 1486 1510 1522 quan-

845 1533 923 1565 tum
944 1541 1016 1564 uno
1037 1528 1096 1565 die
1118 1529 1373 1566 circumararit.
1409 1530 1508 1573 Quin

844 1585 1108 1622 Muhamedum
1133 1586 1254 1623 ferunt
1272 1586 1417 1623 Turcae
1434 1586 1508 1622 cui-

844 1642 928 1678 dam
955 1645 1090 1690 poetae
1111 1645 1254 1679 tantum
1279 1643 1357 1692 agri
1379 1643 1507 1681 Mace-

843 1698 963 1734 donici
984 1697 1154 1746 largitum
1172 1699 1299 1746 fuisse,
1328 1703 1507 1749 quantum

841 1768 914 1792 uno
936 1754 997 1792 die.
1015 1759 1141 1804 posset
1160 1768 1255 1804 equo
1274 1756 1503 1793 circumvehi.

841 1810 992 1848 Notavit
1020 1810 1199 1848 Niebuhr.
1227 1814 1336 1850 Rom.
1366 1813 1502 1850 Gesch.

840 1868 854 1904 I
876 1881 914 1918 p.
937 1869 1019 1909 566
1039 1869 1097 1905 ed.
1124 1881 1194 1906 sec.

895 1923 962 1963 καὶ
981 1923 1154 1963 τουτέων
1175 1924 1296 1975 μίαν
1316 1925 1503 1978 μεγίστην

838 1979 1020 2031 ποιῆσαι]
1070 1982 1165 2031 μίαν
1201 1995 1282 2019 cum
1315 1983 1430 2019 Gaisf.
1464 1987 1502 2020 et

838 2037 971 2074 Matth.
990 2038 1107 2087 recepi
1127 2051 1147 2075 e
1164 2038 1380 2076 Florentino
1395 2039 1500 2086 libro,

838 2095 901 2143 qui
915 2095 1021 2131 etiam
1040 2094 1226 2146 μεγίστην
1245 2095 1397 2133 collocat
1413 2100 1501 2146 post

838 2152 1017 2199 ποιῆσαι.

900 2204 955 2245 Τά
978 2203 1020 2245 δὲ
1047 2203 1274 2258 κατύπερθε
1304 2205 1401 2258 πρός
1426 2208 1497 2258 βο-

838 2266 914 2314 ρῆν
946 2279 981 2302 κ.
1010 2278 1040 2302 τ.
1063 2263 1111 2313 λ.]
1153 2264 1384 2311 „Nectenda
1414 2269 1498 2302 sunt

836 2317 936 2370 πρός
997 2320 1127 2371 βορῆν
1195 2318 1344 2371 ἄνεμον
1415 2323 1497 2360 τῶν

835 2376 1081 2427 ὑπεροίκων,
1116 2379 1426 2426 quemadmodum
1447 2375 1494 2417 τοὶ

834 2431 934 2485 πρός
952 2434 1080 2484 βορῆν
1101 2435 1172 2483 τῆς
1201 2429 1373 2486 η’πείρου
1404 2435 1494 2472 alia-

833 2504 904 2540 que
936 2490 1006 2536 llI,
1041 2492 1168 2531 102.“
1222 2490 1494 2540 lVesseling.

832 2547 890 2585 De
930 2560 1019 2584 voce
1059 2543 1210 2597 ἄνεμον
1260 2549 1494 2585 abundanter

832 2605 908 2641 fere
929 2604 1055 2640 addita
1081 2604 1125 2640 cf.
1154 2604 1190 2651 Ι,
1226 2607 1251 2645 6
1281 2605 1366 2654 ibiq.
1398 2609 1491 2642 nott.

831 2660 880 2696 Et
906 2661 956 2696 sie
985 2660 1157 2708 frequens
1190 2661 1283 2697 infra
1317 2660 1389 2709 IV,
1428 2663 1490 2700 17.

835 2718 897 2757 18.
922 2718 989 2757 20.
1013 2718 1078 2756 22.
1102 2718 1154 2757 99
1174 2720 1243 2754 ete.

884 2769 963 2812 ’ὑπὸ
982 2774 1137 2823 πτερῶν
1154 2771 1393 2824 κεχυμένων]
1416 2773 1436 2809 i.
1457 2786 1489 2810 e.

828 2843 915 2880 prae
930 2829 1063 2879 plumis
1083 2828 1251 2878 diffusis5
1280 2830 1410 2878 quibus
1434 2831 1490 2865 7η·-

828 2899 901 2924 vem
927 2886 1080 2935 intelligi
1113 2886 1199 2922 satis
1228 2890 1333 2936 patet
1361 2898 1404 2923 ex
1426 2884 1489 2932 lV,
