1904 3304
487 247 849 287 MELPOM

170 363 245 412 5ἐς
277 359 356 417 τήν
395 357 642 415 Σκυθικήν.

721 359 795 402 καὶ
837 381 876 401 -ι,

196 430 523 487 πρεσβύτατον,
562 426 701 474 ἆσσον
742 429 876 478 ἰέναι,
927 432 970 485 β.

199 507 320 561 βεῖν·
362 501 441 546 τόν
479 502 526 545 δὲ
563 501 750 557 χρυσὸν,
794 499 1016 551 ἐπιόντος,
1058 516 1084 543 κ
1235 515 1281 541 ἰ·

196 574 432 630 λαχθέντος
462 574 509 617 δὲ
538 572 722 626 τούτου,
761 569 992 626 προσιέναι
1019 570 1100 614 τόν
1132 588 1170 614 ο.

166 645 275 689 στὸν
317 641 443 696 αὖτις
484 643 622 688 ταύτά
663 642 840 687 ποιέειν.
901 642 1006 694 τοὺς
1035 642 1114 699 μὲν
1147 639 1200 698 δή
1232 673 1253 684 ..

1110 246 1171 284 lv.
1389 247 1474 286 283

1166 356 1341 410 πρῶτον
1387 352 1466 397 τὸν

1184 443 1202 461 ’ν
1243 424 1355 469 αὐτοὶ
1395 431 1472 469 λα-

1332 495 1474 541 ἆπαλ-
1487 504 1530 538 75

1287 586 1360 621 ov,
1401 570 1476 613 καὶ

1324 641 1472 685 ἀενον

195 717 275 761 τὸν
302 717 467 774 χρυσὸν
491 715 772 760 ἀπώσασθαι·
811 715 942 771 τρίτῳ
964 715 1010 757 δὲ
1039 717 1101 771 τῷ
1129 712 1326 771 νεωτάτῳ
1368 714 1472 756 ’τελ-

195 787 324 832 θόντι
353 792 647 845 κατασβῆναι,
677 788 751 831 καί
780 803 856 842 μιν
884 786 1052 829 ἐκεῖνον
1079 786 1261 839 κομίσαι
1288 784 1332 836 ές
1362 791 1467 828 5302.ss-

195 863 298 904 τοῦ·
337 860 412 904 καὶ
440 860 546 912 τούς
574 859 901 915 πρεσβυτέρους
930 856 1173 912 ἀδελφεοὺς
1199 855 1311 909 πρὸς
1332 860 1471 899 ταῦτα

197 931 486 988 συγγνόντας,
530 930 612 987 τήν
653 932 886 986 βασιληίην
922 931 1070 972 πᾶσαν
1098 929 1379 982 παραδοῦναι
1408 931 1469 985 τῷ
1483 935 1528 968 80

197 1002 412 1062 νεωτάτῳ.
465 1001 570 1046 Ἀπὸ
607 1001 686 1058 μὲν
724 1001 777 1058 δή
813 1000 1072 1053 Λειποξάϊος
1105 999 1334 1055 γεγονέναι
1362 999 1467 1043 τού-

195 1092 298 1126 τους
335 1078 425 1118 τῶν
454 1073 698 1124 Σκυθέων,
741 1075 783 1116 οἳ
813 1071 1011 1128 Αὐχάται
1049 1071 1176 1127 γένος
1213 1071 1469 1115 καλέονται·

196 1144 282 1190 ἀπὸ
323 1146 370 1190 δὲ
406 1150 486 1190 τοῦ
523 1145 660 1203 μέσου
686 1141 965 1199 Ἀρποξάῖος,
1007 1146 1050 1187 οἳ
1080 1145 1295 1199 Κατίαροί
1324 1160 1368 1187 τε
1397 1144 1471 1188 καὶ
1530 1137 1557 1192 (Ξ

142 1314 359 1363 Scytharum
384 1317 507 1352 aratro
531 1324 644 1349 aureo
660 1310 810 1350 coelitus

145 1371 309 1422 delapso.

202 1423 465 1477 ἀπώσασθαι]
496 1426 538 1463 ln
562 1424 747 1461 Sancrosti
767 1423 809 1460 li-

144 1485 209 1522 bro
251 1497 294 1521 ac
330 1485 411 1521 vul.
450 1475 811 1521 exstat-Anaunio-

143 1544 309 1589 σεσθαι,·
365 1541 463 1578 unde
504 1537 681 1576 Valcken.
722 1538 808 1574 olim

143 1598 316 1648 scriptum
338 1598 450 1635 fuisse
476 1594 645 1634 coniicit:
690 1608 805 1632 καιο-

144 1652 267 1706 μένου
293 1656 366 1692 τοῦ
387 1654 537 1705 χρυσοῦ
561 1646 809 1690 α’παλλάσσε-

144 1715 254 1750 σθαι.
301 1709 392 1748 Mihi
425 1711 493 1748 hoc
524 1709 645 1759 ipsum
683 1701 808 1746 άπαλ-

143 1762 365 1807 λάσσεσπθαι
394 1780 415 1805 e
445 1766 581 1804 scholio
610 1769 728 1801 ortum
755 1765 809 1800 vi-

145 1825 264 1862 detur.
286 1845 342 1853 —
365 1824 436 1860 Pro
459 1821 708 1872 κατασβῆναι
727 1822 809 1859 Me-

145 1882 292 1927 diceus,
316 1880 578 1926 Florenfinus,
609 1878 668 1915 alii
691 1892 809 1916 κατα-

147 1938 301 1987 στῆναι.
360 1937 472 1980 Quod
515 1948 582 1973 nos
631 1935 811 1982 dedimus,

146 1998 266 2030 tuetur
284 1993 454 2030 Eustath.
476 1993 524 2029 ad
553 1992 705 2028 Homer.
724 2003 809 2041 pag.

146 2051 242 2096 513,
267 2052 332 2095 11,
362 2062 391 2086 S·
415 2050 511 2095 388,
538 2047 603 2090 24.
653 2047 710 2085 De
731 2048 812 2097 ipsa

148 2107 263 2143 forma
284 2106 352 2143 Cr.
377 2106 534 2143 conferri
561 2104 635 2142 vult
651 2103 810 2141 Fischer.

147 2163 195 2199 ad
212 2162 362 2200 Weller.
398 2162 460 2209 ΙΙΙ,
483 2175 514 2199 a.
550 2174 585 2211 p.
612 2162 690 2201 170
711 2173 812 2209 seq.:

149 2219 213 2269 qui
245 2219 342 2256 idem
375 2219 422 2256 de
448 2232 516 2255 usu
540 2216 681 2254 articuti
702 2214 812 2266 (τὸν)

147 2289 216 2327 pro
259 2276 476 2325 pronomine
526 2274 813 2312 demonstrativo

151 2333 239 2369 citat
266 2333 371 2370 Reiz.
411 2332 457 2370 de
478 2331 633 2369 Prosod.
664 2343 748 2379 pag.
778 2332 816 2370 8.

148 2389 209 2425 Sic
239 2389 334 2426 infra
362 2388 432 2436 IV,
462 2391 500 2430 9.
528 2389 602 2434 15,
634 2385 701 2424 καὶ
731 2382 814 2434 τόν,

152 2458 199 2482 ne
219 2445 337 2495 plura.

377 2501 408 2538 C
425 2514 492 2552 ap.
525 2501 586 2538 Vl.

208 2557 248 2594 οἳ
261 2551 444 2607 Αὐχάται
466 2555 579 2609 γένος
592 2555 812 2607 καλέονται]

152 2612 269 2650 Plinio
301 2619 449 2652 auctore
477 2614 527 2651 Η.
556 2614 604 2652 Ν.
628 2614 691 2661 lv,
719 2616 815 2661 (26)

155 2671 206 2709 12
221 2681 229 2704 :
265 2682 286 2705 a
301 2669 459 2719 Taphris
479 2683 546 2721 per
564 2673 811 2708 continentem

151 2725 326 2761 introrsus
348 2731 473 2763 tenent
494 2727 687 2774 Auchetae,
711 2728 810 2778 apud

152 2793 243 2830 quos
264 2781 432 2831 Hypanis
455 2785 620 2830 oritur;“
651 2785 689 2821 id
710 2785 810 2833 quod

153 2837 202 2873 ad
234 2836 351 2874 locum
378 2837 559 2889 Lipowetz
585 2842 697 2879 refert
721 2841 810 2878 Rei-

151 2893 274 2931 chard.
306 2893 328 2930 l.
352 2893 374 2931 l.
395 2907 482 2946 pag.
512 2897 574 2937 13.
627 2896 812 2945 Auchetoe,

866 1310 1084 1360 Scytharum
1133 1315 1303 1360 gentem,
1352 1315 1531 1348 memorat

867 1380 1016 1418 quoque
1035 1367 1135 1406 Mela
1156 1368 1199 1415 ΙΙ,
1230 1370 1249 1406 1
1277 1365 1315 1417 §.
1338 1368 1430 1408 125.

924 1425 965 1463 οἳ
977 1425 1173 1476 Κατίαροί
1190 1439 1230 1463 τε
1249 1423 1316 1462 καὶ
1334 1419 1532 1473 Τράσπιες

866 1480 1088 1532 καλέονται]
1123 1481 1190 1520 Cr.
1211 1481 1352 1518 confert
1365 1481 1531 1518 schone-

865 1551 977 1576 mann
1005 1539 1063 1576 De
1094 1537 1297 1588 geograph.
1325 1536 1533 1586 Argonaut.

866 1607 953 1646 pag.
986 1596 1052 1636 35.
1113 1595 1342 1632 Catiarorum
1377 1595 1534 1643 vestigia

864 1652 984 1689 adhuc
1006 1652 1103 1689 cerni
1126 1651 1253 1688 statuit
1265 1651 1494 1688 Reichard.l.
1508 1650 1530 1687 l.

864 1709 902 1745 in
954 1708 1041 1745 locis
1081 1708 1221 1744 Kadom
1268 1708 1306 1744 in
1353 1708 1533 1757 gubernio

866 1764 1070 1812 Tambow,
1119 1765 1231 1815 Kady
1275 1765 1313 1800 in
1353 1764 1532 1813 gubernio

866 1823 1088 1867 Kostroma‚
1119 1820 1320 1858 Kaclm‘lfow
1338 1822 1375 1858 in
1396 1822 1531 1871 guber-

867 1880 928 1916 nio
940 1878 990 1915 W
993 1878 1140 1928 ologda.
1174 1878 1341 1928 Traspies
1360 1879 1456 1915 idem
1475 1891 1531 1915 re-

866 1937 962 1985 perit
993 1935 1030 1972 in
1066 1936 1146 1972 vico
1181 1935 1327 1972 Trasna
1363 1934 1532 1984 gubernii

868 1991 1027 2040 Kaluga.
1045 2014 1101 2019 —
1123 1993 1165 2029 In
1186 2005 1270 2041 sqq.
1289 2005 1358 2042 pro
1379 1986 1532 2030 αὐτέων

868 2061 947 2085 cum
969 2049 1088 2085 Gaisf.
1120 2053 1156 2086 et
1188 2048 1368 2085 Matthiae
1404 2048 1533 2098 scripsi

869 2099 1022 2151 αὐτῶν,
1044 2106 1205 2153 itemque
1223 2101 1318 2150 τούς
1337 2103 1536 2155 βασιλέας,

869 2166 1045 2198 monente
1074 2160 1207 2198 Struve
1240 2161 1348 2211 Spec.
1378 2161 1532 2205 Quaest.

871 2218 919 2254 de
953 2217 1096 2255 dialect.
1129 2218 1270 2255 Herod.
1294 2217 1328 2254 ll
1359 2230 1445 2268 pag.
1468 2219 1532 2258 16.

872 2274 993 2323 Vulgo
1040 2270 1134 2320 wig*
1171 2275 1385 2325 βασιλῆας,
1435 2274 1537 2311 cuius

872 2331 951 2368 loco
969 2330 1027 2367 alii
1043 2335 1265 2381 receperunt
1280 2331 1393 2368 Fabri
1413 2343 1538 2368 emen-

871 2387 1061 2425 dationem
1081 2390 1155 2426 τοῦ
1178 2388 1381 2438 βασιλῆος.
1426 2387 1537 2426 WVes-

872 2443 1047 2493 selingius
1076 2455 1118 2481 ac
1140 2445 1312 2493 Schwgh.
1334 2443 1538 2482 maluerunt

873 2497 966 2547 τους
989 2501 1233 2552 βασιληίους.
1264 2501 1429 2545 Quorum
1446 2513 1536 2537 neu-

873 2562 968 2594 trum
1001 2558 1146 2594 videtur
1184 2558 1452 2603 necessarium,
1497 2561 1538 2593 ut

872 2618 974 2652 recte
1003 2615 1176 2651 observat
1205 2614 1316 2651 Italus
1347 2615 1538 2664 interpres,

871 2670 1044 2720 Namque
1082 2669 1124 2710 οἵ
1151 2669 1330 2722 βασιλέες
1367 2669 1535 2720 sequenti

869 2739 1017 2777 quoque
1073 2739 1155 2778 cap.
1207 2727 1317 2765 iidem
1366 2727 1536 2764 dicuntur

868 2784 1050 2834 Scythae,
1080 2784 1143 2834 qui
1164 2784 1257 2821 infra
1277 2783 1362 2831 (IV,
1379 2786 1444 2825 20.
1467 2782 1533 2822 56.

869 2842 933 2882 59.
973 2842 1073 2889 121)
1113 2835 1337 2892 βασιλήιοι,
1384 2853 1411 2877 s.
1443 2838 1537 2887 regii

871 2896 1037 2947 Scythae.

1527 1005 1637 1025 nomen
1672 996 1807 1024 omnibus

1527 1031 1645 1067 populis
1679 1037 1808 1057 commu-

1530 1074 1585 1105 ne,
1620 1064 1701 1099 apud
1728 1064 1809 1098 ipsos

1531 1098 1650 1133 quidem
1663 1119 1671 1133 ‚
1707 1097 1806 1124 Scoto-

1561 1141 1664 1163 orum3
1712 1130 1792 1166 apud

1562 1174 1665 1193 raeces
1699 1168 1810 1200 autem,

1531 1200 1722 1236 Scytharum.
