1904 3304
452 275 536 315 622

845 275 1309 316 HERODOTl

426 382 649 440 Ξμέγαθος
670 383 715 426 δὲ
730 383 778 426 τὸ
797 384 959 439 θηρίον
978 387 1108 427 τοῦτο
1126 385 1234 428 κατὰ
1251 389 1364 441 βοῦν
1383 388 1485 431 ἐστί·
1515 389 1588 432 καὶ
1602 391 1706 445 βασ·

454 454 597 507 σάρια,
619 455 690 497 καὶ
707 454 868 504 ὕαιναι,
889 455 962 498 καὶ
981 454 1187 512 ὕστριχες,
1218 459 1290 501 καὶ
1311 460 1430 514 κριοὶ
1449 461 1605 516 ἄγριοι,
1634 461 1708 504 καὶ

396 598 507 633 refert
520 595 701 645 phoenices
724 597 775 634 sic
798 597 929 644 dictas,
955 599 1054 647 quod

397 666 420 689 a
440 652 678 689 Phoenicibus
699 654 867 691 inventae
889 655 1053 692 diceren-

397 713 466 745 tur.
484 728 538 735 --
574 707 628 745 Ac
647 705 787 759 πήχεις
813 710 909 747 idem
930 711 1054 748 valent

396 766 433 801 in
453 764 592 801 eithara
610 770 724 814 atque
746 762 938 817 α’γκῶνες,
959 772 1053 805 teste

396 821 559 870 Hesych·
580 820 610 857 ll
629 836 665 872 p-
679 822 772 862 958.
805 820 992 875 Κιθοὲρας
1011 821 1054 862 δὲ

395 879 547 928 πῆχυς·
585 872 731 929 ἀγκών.
787 881 958 929 »Πῆχυς
990 893 1054 917 au-

396 938 470 971 tem
499 935 602 981 (sunt
631 935 742 972 verba
771 936 974 985 Schweigh.
1004 938 1053 973 ad

396 990 530 1027 Athen.
551 989 573 1026 l.
594 990 616 1027 l.
635 991 903 1029 Animadverss.
925 992 972 1030 T.
985 993 1053 1029 Vll

396 1060 433 1097 p.
447 1045 560 1092 475),
575 1059 681 1095 quem
694 1045 811 1099 ζυγὸν
824 1048 1003 1086 Homerus
1014 1049 1053 1085 11.

396 1102 461 1147 lx,
487 1105 565 1144 187
586 1104 696 1150 dixit,
733 1110 882 1141 vocatur
906 1117 949 1142 ea
968 1118 1052 1154 pars

396 1159 717 1196 instrumentorum
756 1161 890 1197 fidibus
931 1166 1054 1198 tenso-

395 1228 475 1252 rum
508 1216 607 1265 (τῆς
638 1211 812 1266 κιθάρας
837 1221 874 1253 et
907 1218 1052 1253 omnino

396 1273 477 1309 τῶν
507 1272 793 1324 κιθαρῳδικῶν
823 1268 1054 1324 ὀργάνων),

396 1328 434 1364 in
462 1340 533 1376 qua
566 1326 757 1378 ἕγκεινται
788 1329 845 1366 vel
884 1328 1053 1368 ἐνίενται

398 1383 440 1422 οἷ
464 1379 649 1434 κόλλαβοι
684 1385 741 1422 vel
777 1385 818 1424 οἷ
846 1381 1051 1434 κόλλοπες,

396 1441 435 1477 id
465 1445 520 1477 est
561 1440 602 1479 οἷ
632 1438 829 1480 πάσσαλοι
869 1437 926 1481 ὧν
963 1438 1052 1490 ἐξά-

395 1511 562 1535 πτονται
579 1497 622 1536 αἱ
637 1498 792 1548 χορδαίι
823 1511 862 1535 ea
876 1513 975 1549 pars,
996 1500 1052 1536 cui

396 1556 601 1590 inseruntur
623 1555 816 1591 claviculae
843 1556 917 1593 sive
945 1557 1054 1593 verti-

398 1611 487 1657 cillz',
502 1624 522 1648 e
541 1611 671 1659 quibus
687 1616 835 1662 aptatae
853 1616 937 1649 sunt
950 1612 1053 1649 chor-

398 1668 481 1704 dae.
520 1668 582 1703 Sic
609 1664 679 1706 τόν
710 1663 873 1720 οἷγκῶνα
900 1669 954 1706 vel
982 1665 1052 1707 τόν

396 1725 529 1773 πῆχυν
551 1728 589 1760 et
612 1720 707 1769 τούς
727 1720 946 1775 κολλάβους
972 1738 1052 1761 cum

398 1779 566 1816 brevibus
584 1780 631 1816 ad
656 1780 803 1818 Iliadem
825 1781 966 1818 scholiis
989 1794 1052 1819 ex-

396 1836 500 1886 ponit
524 1835 762 1885 Etymologus
792 1851 829 1887 p.
849 1838 932 1879 412
952 1837 972 1874 l.
1002 1841 1053 1879 12

398 1895 437 1929 et
466 1892 692 1940 Hesychius,
732 1907 821 1931 voce
850 1889 960 1945 Zvyo}
991 1893 1052 1944 [T.

396 1948 413 1983 I
432 1961 467 1997 p.
493 1948 656 1997 1587].“
701 1949 806 1992 Quae
821 1950 1056 1987 subiiciuntur

397 2004 529 2041 verba:
571 2003 747 2055 μέγαθος
774 2003 877 2044 δὲτὸ
904 2006 1055 2057 θηρίον

397 2062 515 2098 τοῦτο
541 2058 640 2099 navo)
663 2062 765 2112 βοῦν
789 2061 868 2101 ἐστι’
897 2063 1055 2100 rectissi-

397 2130 456 2155 me
482 2117 552 2154 dici
573 2118 619 2155 de
645 2119 812 2165 animali,
849 2120 951 2168 quod
980 2124 1056 2156 sta-

397 2177 479 2210 tura
513 2174 747 2224 corporisque
786 2175 881 2212 mole
909 2189 1053 2213 cervum

399 2242 426 2266 s.
446 2230 575 2267 bovem
596 2236 754 2280 aequet,
795 2233 881 2269 satis
907 2233 1054 2280 docent,

398 2298 495 2334 quae
513 2287 680 2323 Bochart.
711 2287 732 2324 l.
752 2288 774 2324 l.
803 2302 886 2338 pag.
910 2289 991 2331 948
1018 2294 1055 2326 et

397 2341 647 2380 Lichtenstein
671 2344 691 2380 l.
720 2344 741 2381 l.
773 2345 978 2382 attulerunt.
999 2367 1055 2373 —

397 2398 456 2435 De
481 2411 547 2434 usu
577 2401 855 2450 praepositionis
881 2398 980 2440 κατά
1008 2403 1056 2439 cf.

398 2458 493 2491 nott.
516 2455 564 2491 ad
589 2455 632 2501 ll,
661 2458 722 2495 10.
756 2457 816 2504 lV,
839 2461 901 2498 23.

457 2506 678 2562 βασσάρια]
723 2512 837 2550 Teste
870 2514 1054 2563 Hesychio

399 2567 413 2603 I
435 2580 471 2617 p.
491 2570 583 2608 702.
614 2569 727 2604 Suidiz
750 2569 761 2604 Ι
783 2583 818 2619 p.
839 2570 920 2611 419
943 2577 1054 2620 atque

398 2622 557 2671 Etymol.
585 2638 620 2674 p.
647 2627 724 2664 190
750 2630 838 2662 extr.
865 2627 1055 2679 βασσαρίς

400 2684 456 2716 est
488 2676 649 2731 ἀλώπηξ
679 2686 714 2718 et
745 2679 941 2734 βασσάρια
973 2689 1055 2720 sunt

400 2730 619 2783 οἷλωπὲκια,
659 2738 681 2774 i.
707 2750 739 2775 e.
768 2739 907 2788 vulpes,
936 2740 1056 2789 vulpe-

400 2792 521 2836 culae,-
570 2794 669 2842 quod
713 2795 807 2832 idem
842 2796 1055 2833 vocabulum

400 2849 518 2886 adhuc
540 2850 574 2886 in
595 2850 748 2900 Coptica
768 2851 892 2900 lingua
914 2857 1057 2889 exstare

401 2906 541 2943 monuit
583 2906 700 2956 lgnat.
747 2908 853 2946 Rcss.
894 2908 1054 2959 Etymol.

1110 598 1204 649 Aeg.
1225 614 1260 652 p.
1280 600 1345 642 35.
1385 601 1494 649 Inde,
1524 607 1565 639 ut
1584 603 1652 639 hoc
1672 602 1763 640 adii-

1109 657 1219 704 ciam,
1249 659 1326 708 ipse
1346 658 1509 695 Bacchus
1525 656 1764 709 Βασσαρεϋς,

1109 713 1130 748 i.
1153 726 1184 750 e.
1206 714 1353 763 vulpina
1372 713 1466 765 pelle
1488 715 1563 752 sive
1581 715 1673 752 stola
1686 714 1763 751 vul-

1109 769 1231 819 pinam
1253 769 1383 820 pellem
1405 771 1582 808 referente
1606 772 1764 818 indutus,

1110 826 1254 874 qualem
1283 826 1366 863 hinc
1388 839 1534 876 quoque
1554 828 1684 864 Bacchi
1705 839 1764 863 sa-

1110 882 1275 920 cerdotes
1321 895 1388 932 per
1421 882 1543 920 Asiam
1585 884 1764 921 minorem

1109 939 1335 988 potissimum
1387 944 1534 987 gestare
1585 939 1764 986 solebant,

1110 991 1325 1046 Βασσάραν
1343 995 1418 1032 sive
1441 996 1665 1047 Βασσαρίδα
1684 995 1764 1032 vul-

1110 1064 1157 1100 go
1176 1051 1330 1097 dictam3
1359 1053 1445 1100 quin
1464 1053 1564 1102 ipsae
1583 1052 1764 1098 mulieres,

1108 1107 1191 1153 tali,
1221 1109 1371 1156 opinor,
1413 1114 1513 1146 veste
1541 1109 1689 1145 indutae
1720 1117 1764 1144 ac

1109 1175 1211 1199 sacra
1230 1163 1405 1200 Bacchica
1432 1165 1678 1210 celebrantes,
1707 1164 1765 1200 di-

1108 1224 1235 1255 cuntur
1272 1215 1479 1270 βασσάραι.
1536 1220 1594 1257 De
1633 1220 1763 1269 quibus

1108 1280 1191 1325 post
1217 1276 1387 1313 Creuzer.
1412 1276 1574 1325 symbol.
1602 1276 1650 1313 lll
1677 1288 1764 1326 pag.

1109 1330 1187 1371 351
1220 1344 1323 1381 seqq.
1357 1333 1440 1372 360
1485 1334 1578 1369 conf.
1608 1332 1763 1369 Schoen.

1109 1387 1313 1426 Comment.
1345 1388 1391 1425 de
1410 1401 1580 1439 personn.
1608 1389 1645 1425 in
1662 1389 1765 1425 Euri-

1108 1444 1185 1493 pid.
1208 1444 1339 1481 Bacch.
1368 1458 1405 1494 p.
1435 1446 1526 1485 147.
1573 1445 1623 1482 At
1652 1448 1765 1494 negat

1109 1501 1261 1536 Sonuini
1280 1501 1399 1550 vulpes
1415 1514 1480 1551 per
1495 1502 1647 1538 Africam
1665 1502 1766 1539 inve-

1108 1557 1197 1602 niri3
1255 1558 1311 1594 cui
1354 1563 1392 1594 et
1431 1558 1613 1594 Herodoti
1651 1562 1765 1608 atque

1108 1612 1235 1663 Prosp.
1248 1613 1366 1662 Alpini
1385 1615 1629 1650 testimonium
1647 1627 1765 1665 oppo-

1108 1668 1162 1705 nit
1183 1669 1395 1707 LarcheruS.
1437 1669 1485 1706 Et
1504 1683 1593 1708 sane
1614 1671 1764 1721 reperiri

1107 1737 1173 1775 per
1232 1725 1387 1762 Africam
1446 1726 1764 1776 septentrionalem

1109 1780 1232 1831 vulpes
1258 1787 1381 1819 monet
1400 1781 1590 1820 Leuckart.
1604 1811 1615 1830 ‚
1654 1795 1765 1832 quem

1110 1837 1293 1884 consului,
1325 1839 1391 1875 sed
1412 1839 1573 1876 diversas
1594 1853 1616 1876 a
1641 1844 1766 1876 nostra

1111 1896 1194 1930 cani
1207 1895 1310 1944 vulpe
1329 1894 1436 1931 Linn.
1449 1924 1459 1941 ‚
1491 1902 1528 1932 et
1550 1909 1645 1932 nunc
1661 1908 1765 1932 accu-

1110 1951 1220 1986 ratius
1244 1952 1410 1999 cognitas
1429 1952 1554 1988 studiis
1572 1952 1766 1989 Cretzsch-

1110 2007 1200 2043 mari
1219 2007 1467 2057 acRiippeliii.
1498 2008 1529 2044 E
1549 2008 1678 2056 quibus
1696 2008 1765 2045 hue

1109 2063 1334 2113 potissimum
1354 2065 1506 2101 reseram
1525 2063 1652 2101 Canem
1674 2065 1766 2101 Zer-

1111 2119 1215 2166 dam,
1256 2132 1350 2169 quae
1383 2120 1420 2157 in
1445 2121 1587 2158 Africae
1614 2126 1764 2171 septen-

1110 2175 1272 2213 trionalis
1301 2178 1476 2226 reperitur
1496 2177 1665 2224 desertis,
1696 2190 1765 2214 au-

1109 2232 1207 2269 ribus
1245 2232 1468 2281 longioribus
1509 2234 1687 2282 insignem
1728 2237 1765 2271 et

1111 2290 1377 2327 accuratissime
1395 2290 1612 2340 descriptam
1633 2291 1679 2327 ab
1701 2302 1763 2327 eo-

1112 2346 1196 2382 dem
1234 2345 1439 2383 Leuckarto
1484 2347 1649 2395 (Okenii
1696 2345 1762 2382 Isis

1114 2404 1221 2443 1825
1249 2402 1281 2438 Il
1308 2414 1394 2452 pag.
1418 2404 1495 2443 211
1526 2415 1626 2451 seqq.
1656 2403 1763 2442 1828

1112 2457 1171 2494 Ill.
1195 2458 1242 2494 lv
1262 2471 1298 2508 p.
1319 2460 1399 2499 296
1419 2459 1544 2506 sqq),
1573 2459 1634 2506 qui
1655 2470 1763 2506 quam

1113 2514 1237 2551 similis
1273 2515 1320 2551 sit
1363 2515 1462 2563 vulpi
1505 2514 1594 2551 haee
1634 2514 1764 2560 bestia,

1110 2571 1247 2621 primus
1266 2571 1570 2607 commonstravit.

1167 2626 1234 2665 καὶ
1261 2623 1413 2676 ὕαιναι]
1441 2625 1499 2663 De
1519 2626 1673 2676 Hyaena
1690 2626 1763 2664 vid.

1112 2682 1204 2721 Plin.
1224 2684 1271 2719 H.
1294 2682 1341 2720 N.
1363 2682 1445 2719 vul
1474 2683 1591 2730 (44),
1623 2684 1676 2723 30
1698 2684 1766 2720 ibi-

1113 2753 1184 2788 que
1203 2740 1345 2776 Cuvier.
1387 2739 1495 2776 Plura
1515 2740 1683 2776 Bocbart.
1701 2739 1722 2776 l.
1742 2739 1767 2776 l.

1113 2796 1154 2833 P.
1178 2796 1209 2832 ll
1232 2794 1314 2832 Lib.
1331 2795 1380 2832 ΙΙΙ
1406 2809 1462 2846 cp.
1481 2799 1506 2836 7
1530 2810 1565 2847 p.
1585 2797 1664 2836 395
1683 2808 1765 2844 sqq.

1113 2852 1155 2890 P.
1181 2851 1294 2888 ILib.
1319 2852 1367 2888 111
1387 2865 1443 2902 cp.
1470 2854 1515 2891 11
1542 2866 1577 2902 p.
1592 2854 1672 2893 829
1684 2864 1766 2901 sqq.

1169 2904 1362 2962 ὕστριχες]
1401 2910 1506 2947 Cons.
1530 2909 1622 2947 Plin.
1645 2908 1694 2946 fl.
1716 2908 1765 2946 N.
