1904 3304
494 241 1061 281 MELPOMENE.
1120 241 1181 284 IV.

207 353 318 397 εἶναι
359 351 654 404 Ἀπόλλωνος,
702 351 847 395 εἶπαν·

150 517 257 564 Pyth.
282 515 344 562 IV,
372 513 454 556 294
475 511 615 558 (524),
648 514 702 549 cui
725 515 809 551 Κυ-

151 576 223 623 ρῇς
245 573 356 608 fuisse
380 582 514 605 nomen
534 582 577 605 ex
598 569 808 606 Callirnach.

149 630 185 665 in
200 624 315 675 Apoll.
330 626 394 665 88.
412 625 576 661 Eustath.
592 626 637 661 ad
652 626 806 674 Dionys.

146 683 290 729 Perieg.
314 683 409 726 213,
439 681 530 726 aliis,
560 695 650 730 quos
672 682 808 718 excita-

146 739 198 774 vit
251 737 451 787 Spanhem.
508 738 557 774 ad
608 737 807 776 callimach

147 795 170 832 l.
194 794 216 831 l.
245 795 436 840 discimus3
476 806 697 843 quamquam
733 807 806 842 quo

149 851 228 888 loco
248 851 354 887 suerit
378 851 479 897 fons,
529 851 625 887 haud
656 863 803 899 prorsus

147 912 274 958 patere
306 907 498 944 videbatur
530 906 804 942 Schlichthorst.

147 978 182 1014 p.
208 965 298 1004 129.
341 964 509 1014 Cyrenae
539 963 618 999 urbi
650 962 804 998 vicinum

146 1021 258 1057 fuisse
291 1019 346 1056 vel
379 1031 422 1056 ex
456 1019 641 1056 Herodoti
682 1019 803 1056 verbis

145 1076 317 1124 colligas,
347 1080 384 1112 et
402 1076 549 1125 quidem
568 1075 614 1112 ab
636 1075 805 1112 occiden-

146 1137 198 1179 te,
219 1133 279 1169 ubi
301 1132 452 1170 adhuce
467 1134 562 1169 saxis
583 1133 665 1169 fons
686 1145 805 1169 erum-

146 1202 235 1240 pere
275 1188 404 1225 dicitur
443 1189 538 1237 iugis
578 1201 716 1237 aquae,
756 1188 805 1224 ad

148 1258 257 1294 quern
309 1245 442 1282 rudera
492 1246 637 1295 templi,
705 1245 806 1294 quod

148 1301 305 1351 Apollini
326 1302 391 1338 fuit
411 1306 673 1338 consecratum.
725 1300 805 1337 No-

149 1371 233 1395 men
268 1358 361 1394 sonti
397 1358 495 1407 apud
525 1358 715 1405 indigenas
746 1356 805 1393 La

149 1416 284 1451 Grenne
303 1426 381 1451 csse
399 1418 555 1451 narrant.
594 1414 652 1450 Cf.
670 1414 804 1450 Ritter.

148 1471 352 1507 Erdkunde
371 1470 384 1506 Ι
404 1484 440 1520 p.
461 1470 552 1509 947.
584 1470 725 1513 Quibus
746 1483 806 1507 ac-

147 1527 325 1564 curatiora
357 1539 424 1563 nos
448 1527 591 1563 edocuit
613 1526 722 1563 Pach.
744 1528 766 1562 l.
781 1525 804 1563 l.

145 1596 232 1634 pag·
251 1586 342 1623 212.
366 1585 446 1622 216
468 1595 545 1630 seq.
589 1582 685 1619 Nam
709 1583 804 1619 viam

146 1651 167 1676 a
182 1638 379 1688 Necropoli
398 1642 520 1676 vetere
538 1639 586 1674 ad
606 1638 804 1688 planitiem,

146 1696 183 1732 in
212 1695 284 1744 qua
317 1699 418 1731 vetus
447 1696 590 1742 Cyrene
622 1700 804 1732 exstructa

147 1755 247 1798 erat,
288 1751 479 1789 ducentem
508 1752 537 1788 si
562 1753 746 1801 sequaris,
784 1764 804 1789 e

149 1807 240 1845 colle
272 1812 386 1845 scatet
421 1809 500 1845 fons
533 1808 655 1856 largus
686 1821 805 1857 aquae

148 1865 186 1900 in
214 1863 373 1901 canalem
403 1877 442 1901 se
473 1865 645 1902 deiiciens
676 1866 805 1901 mediis

148 1922 186 1956 in
211 1920 322 1956 ruinis
343 1920 441 1957 urbis
463 1921 646 1970 antiquae.
686 1922 804 1964 Quem

150 1978 265 2025 Cyres
288 1976 425 2013 fontem
455 1989 535 2014 esse
558 1977 643 2013 nihil
662 1977 806 2013 dubitat

148 2031 283 2068 Pacho.
358 2032 480 2078 Alius,
532 2034 682 2083 opinor,
725 2034 806 2069 fons

153 2087 299 2133 Theste,
334 2089 432 2125 cuius
453 2089 515 2134 lv,
539 2089 616 2130 159
643 2089 682 2125 fit
702 2102 807 2126 men-

150 2145 215 2181 tio.
262 2144 395 2193 Neque
425 2146 531 2181 etiam
559 2145 714 2181 lustinus
743 2157 808 2181 au-

150 2201 319 2246 diendus,
350 2201 411 2249 qui
429 2201 529 2247 XIII,
553 2204 578 2241 7
597 2202 643 2238 de
663 2203 807 2249 Cyrene

151 2258 296 2293 condita
310 2270 508 2305 exponens,
529 2262 690 2295 montem
709 2271 807 2294 com-

150 2318 331 2350 memorat
353 2313 496 2363 Cyrem,
537 2327 645 2363 quem
675 2314 807 2361 coloni,

150 2370 213 2406 ubi
244 2370 488 2414 advenerunt,
544 2375 620 2407 tum
657 2375 807 2420 propter

150 2426 218 2462 loci
241 2427 516 2473 amoenitatem,
554 2431 629 2463 tum
658 2432 807 2476 propter

152 2482 306 2518 sontium
337 2483 544 2520 ubertatem
582 2485 805 2532 occuparint.

154 2537 279 2579 Quare
311 2538 531 2576 Callimacho
567 2540 603 2576 in
638 2539 692 2575 his
725 2539 807 2589 plns

154 2593 381 2631 tribuendum
413 2608 494 2632 esse
520 2599 619 2633 recte
648 2600 807 2633 statuere

153 2649 296 2685 videtur
327 2650 662 2689 Raoul-Rochette
696 2652 745 2688 III
769 2665 806 2701 p.

153 2706 235 2743 263
264 2705 414 2743 Histoir.
458 2708 504 2745 de
535 2708 727 2745 l’Etabliss.
769 2709 805 2746 d.

155 2760 268 2797 colon.
296 2761 447 2811 Grecqs.
502 2763 559 2801 Ab
586 2765 655 2802 hoc
684 2769 806 2802 autem

154 2817 256 2853 sonte
282 2818 397 2867 ipsum
436 2819 532 2856 urbis
562 2820 713 2871 Cyrenes
742 2822 806 2858 de-

156 2874 293 2910 ducunt
334 2887 488 2922 nomen,
528 2879 628 2926 quod
669 2878 748 2915 aliis
784 2890 805 2914 a

1415 247 1432 264 .-

1383 246 1468 286 505

909 349 1106 406 ,ζἉνδρες
1132 349 1358 407 Ἕλληνες,
1406 352 1525 396 riv-40

869 512 1025 562 Cyrene,
1085 511 1228 562 Hypsei
1270 513 1346 550 filia
1392 514 1525 552 ducere

864 569 1011 619 placuit.
1056 568 1147 604 Mihi
1167 568 1250 605 illud
1271 581 1359 606 sane
1382 570 1527 607 videtur

864 624 1085 674 probabilius
1113 637 1192 661 cum
1230 625 1360 674 Thrig.
1391 639 1427 675 p.
1456 628 1526 672 77,

866 681 927 717 ubi
948 680 1051 730 plura
1078 681 1124 717 de
1146 681 1244 717 urbis
1268 683 1415 718 nomine
1437 681 1527 719 alla-

863 741 901 773 ta
926 737 1057 783 video,
1103 738 1203 784 qnod
1238 738 1274 773 in
1298 738 1415 775 numis
1439 751 1527 775 con-

864 797 1003 830 stanter
1028 792 1159 841 legitur
1191 795 1337 832 KTPA
1403 793 1526 844 Atque

862 849 961 886 locus
990 847 1070 893 ille,
1109 848 1146 885 in
1167 862 1238 897 quo
1259 851 1344 886 urbs
1373 851 1441 887 suit
1464 863 1527 888 ex-

864 909 1024 950 structa,
1067 906 1264 942 etiamnum
1291 911 1333 942 ut
1362 908 1524 955 regionis

861 961 1086 998 amoenitate
1113 962 1166 997 ita
1196 962 1367 999 ruderum
1393 963 1525 999 multa-

861 1031 939 1054 rum
966 1018 1060 1054 mole
1079 1017 1252 1065 insignis3
1289 1023 1328 1054 ut
1349 1019 1464 1067 qualis
1486 1023 1525 1056 et

862 1079 999 1122 quanta
1031 1073 1115 1110 olim
1145 1075 1255 1110 fuerit
1288 1075 1397 1122 urbs,
1435 1076 1522 1112 satis

862 1131 946 1167 hinc
963 1129 1124 1179 colligas.
1154 1130 1292 1167 Arabes
1306 1144 1401 1168 nunc
1415 1132 1522 1169 sedes

861 1187 1026 1238 posuisse
1048 1187 1219 1223 dicuntur
1245 1186 1312 1224 illis
1342 1187 1378 1224 in
1397 1189 1524 1235 ruinis,

863 1256 957 1292 quae
985 1247 1110 1279 nostra
1136 1243 1282 1280 demum
1310 1249 1432 1281 aetate
1457 1257 1525 1293 pe-

862 1300 1129 1348 regrinatorum
1168 1299 1307 1348 aliquot
1344 1300 1524 1337 industria

863 1357 920 1404 (in
941 1356 1070 1405 quibus
1087 1355 1285 1406 postDella
1297 1356 1395 1393 Cella
1416 1369 1523 1405 prae-

863 1413 968 1462 cipue
1009 1418 1093 1449 sunt
1130 1413 1369 1449 nominandus
1400 1412 1524 1449 Pacho

864 1469 885 1506 Ι.
906 1468 975 1519 l.p.
991 1471 1074 1508 212
1095 1469 1355 1517 sqq.-231)
1379 1482 1525 1506 accura-

863 1526 935 1562 tius
976 1525 1081 1562 nobis
1122 1526 1336 1573 innotuere,
1393 1539 1414 1562 a
1444 1526 1524 1562 vico

863 1581 1021 1630 Slughe,
1074 1582 1290 1631 incipientes
1333 1594 1374 1618 ac
1413 1581 1526 1630 longe

861 1638 1008 1686 lateque
1027 1650 1093 1687 per
1114 1642 1316 1674 montosam
1335 1637 1526 1687 planitiem

862 1694 1054 1742 (Plateau)
1079 1698 1262 1731 extensae.
1312 1693 1372 1731 De
1392 1694 1525 1742 quibus

862 1752 954 1797 vid,
992 1763 1039 1787 ne
1075 1750 1178 1800 plura
1201 1750 1333 1787 Ritter.
1362 1749 1481 1786 Erdk.
1509 1750 1526 1787 Ι

862 1820 948 1858 pag.
976 1806 1057 1847 945
1093 1820 1197 1856 seqq.
1233 1806 1312 1843 coll.
1340 1807 1525 1844 Mannert.

862 1865 910 1910 X,
931 1866 957 1903 2
988 1876 1074 1913 pag·
1110 1866 1199 1903 100.
1257 1863 1316 1900 De
1344 1867 1526 1914 tempore,

864 1933 937 1969 quo
971 1920 1116 1967 Cyrene
1155 1920 1223 1956 suit
1251 1920 1421 1966 condita,
1460 1933 1525 1956 co-

863 1976 999 2026 piosius
1032 1977 1203 2011 disseruit
1220 1975 1362 2023 Thrige
1389 1975 1412 2011 l.
1434 1975 1457 2011 l.
1488 1974 1525 2025 ἓ.

864 2033 1049 2072 26—-28
1073 2031 1151 2067 incl.
1172 2045 1257 2081 pag.
1279 2031 1332 2071 84
1353 2051 1408 2059 —
1432 2034 1524 2071 101.

863 2089 917 2126 Ac
937 2087 1120 2138 plerisque
1148 2100 1190 2124 ea
1213 2087 1347 2136 placuit
1377 2092 1525 2124 senten-

864 2146 928 2191 tia,
942 2149 981 2180 ut
993 2145 1162 2191 Cyrenen
1176 2144 1322 2194 Olymp.
1337 2143 1527 2190 XXXVII,

863 2203 890 2241 2
919 2214 946 2237 s.
978 2201 1055 2241 631
1099 2213 1130 2235 a.
1164 2200 1249 2237 Chr.
1292 2212 1326 2236 n.
1365 2200 1527 2237 dicerent

865 2270 946 2294 esse
975 2257 1183 2303 conditam,
1233 2256 1412 2305 probante
1446 2257 1527 2306 ipso

865 2313 1020 2362 'l'hrigio
1043 2312 1063 2348 l.
1084 2312 1105 2349 l.
1131 2326 1166 2361 p.
1199 2315 1274 2353 101
1308 2312 1387 2348 coll.
1410 2325 1446 2361 p.
1470 2314 1520 2351 91

866 2376 900 2407 et
921 2371 963 2407 C.
989 2370 1036 2406 O.
1058 2368 1204 2406 Miiller.
1232 2369 1455 2406 Orchomen.
1487 2382 1525 2418 p.

864 2424 959 2467 344.
1000 2425 1197 2462 Mannerto
1232 2425 1295 2472 (X,
1316 2427 1342 2464 2
1361 2438 1449 2474 pag.
1471 2427 1524 2465 61

864 2488 941 2519 not.
990 2482 1043 2522 65
1083 2485 1178 2527 not.)
1225 2482 1325 2517 urbis
1363 2482 1523 2530 origines

864 2540 912 2576 ad
933 2538 1077 2588 Olymp.
1098 2537 1200 2574 XVII
1229 2552 1257 2574 5.
1278 2539 1360 2578 712
1382 2550 1414 2574 a.
1437 2537 1523 2573 Chr.

864 2608 899 2632 n.
920 2595 1134 2632 referendae
1156 2595 1344 2638 videntum
1383 2593 1521 2630 Raoul-

863 2651 1044 2688 Rochette
1064 2651 1085 2687 l.
1108 2650 1129 2687 l.
1153 2651 1201 2687 III
1222 2663 1306 2699 pag.
1326 2649 1420 2690 251.
1440 2651 1522 2690 263

864 2721 965 2756 seqq.
1003 2707 1151 2756 Olymp.
1172 2708 1306 2752 XXVI,
1331 2711 1356 2746 2
1384 2720 1414 2742 s.
1442 2704 1522 2745 675

863 2777 895 2800 a.
916 2764 1000 2801 Chr.
1021 2777 1056 2801 n.
1086 2764 1211 2800 urbem
1233 2763 1416 2799 conditam
1437 2761 1523 2798 vult.

862 2821 938 2857 Sed
968 2821 1040 2856 vid.
1080 2832 1172 2868 quae
1209 2823 1333 2855 contra
1372 2816 1520 2867 protulit

863 2876 1003 2926 Thrige
1018 2876 1042 2914 l.
1062 2875 1084 2912 l.
1105 2874 1141 2926 ᾗ.
1164 2878 1216 2916 28
1236 2888 1273 2925 p.
1301 2877 1354 2916 96
1375 2886 1476 2922 seqq.
