1904 3304
43 737 109 782 33

45 1177 110 1221 34
168 1158 365 1208 σεόντος,
406 1155 511 1211 μηδὲ
550 1155 626 1206 τὰς
669 1154 832 1210 φρένας
870 1154 1096 1210 ὑγιαίνει-ν.

171 1227 274 1280 τοὺς
318 1226 480 1278 ἄλλους
518 1226 694 1282 Πέρσας
734 1224 926 1284 ἐξεμάνη.
985 1227 1151 1282 λέγεται
1188 1225 1273 1283 γὰρ
1314 1227 1449 1269 εἰπεῖν

568 260 914 304 THALIA.

144 378 379 424 ὅκαλλίων.
437 375 512 419 καὶ
540 374 618 418 τόν
649 372 808 430 φάναι,
849 374 1038 415 δασεῖαν.

974 261 1037 300 III.
1382 261 1440 301 63

1098 368 1178 425 τήν
1208 369 1233 412 δ
1240 366 1252 383 '
1283 368 1419 411 εἰπεῖν
1431 381 1442 392 ·

170 447 381 503 ,,Ταύτην
421 447 501 501 μέν
540 446 609 489 τοί
648 461 746 488 κοτε
785 442 840 487 σύ
878 442 957 498 τὴν
995 443 1187 495 θρίδακα
1218 439 1444 496 ἐμιμήσαο,

142 520 248 564 thv
270 517 425 572 Κύρου
456 514 580 559 οἶκον
607 514 930 565 ἄποψιλώσας.“
985 512 1072 556 Τόν
1095 512 1152 564 δὲ,
1180 511 1445 567 θυμωθέντα

169 592 412 647 ἐμπηδῆσαι
441 585 575 644 αὐτῇ,
607 586 766 644 ἐχούσῃ
798 586 844 631 ἐν
873 587 1047 640 γαστρί·
1089 585 1164 628 καί
1188 599 1264 639 μιν
1290 581 1473 638 {utoni-5

170 675 309 707 σασαν
338 660 596 703 ἄπο-θανεῖν.

285 734 429 774 Ταῦτα
457 728 536 785 μὲν
560 729 602 779 ἐς
631 727 736 778 τούς
767 727 961 781 οἰκηΐους
984 724 1007 769 ὁ
1033 724 1273 782 Καμβύσης
1297 723 1443 781 ἐξεμά-

168 821 222 859 νη
238 838 247 854 ,
279 803 361 845 εἴτε
383 800 434 858 δη
456 800 526 844 διὰ
548 799 625 843 τὸν
644 798 796 848 '‘Anw,
831 800 910 841 εἴτε
933 796 1006 840 καὶ
1027 795 1184 848 ἄλλως,
1217 795 1289 840 οἶα
1305 797 1444 841 πολλοὶ

140 883 161 914 9
176 873 306 918 ἐώθεε
331 871 597 926 ἀνθρώπους
616 869 728 913 κακοὶ
749 866 1115 923 καταλαμβάνειιθ
1145 869 1218 910 καὶ
1238 869 1322 924 γάρ
1347 886 1445 912 τινα

168 945 242 989 καὶ
273 945 317 987 ἐκ
347 947 495 1000 γενεῆς
525 945 690 984 νοῦσον
719 940 908 997 μεγάλην
937 940 1103 995 λέγεται
1134 939 1244 994 ἔχειν
1276 938 1299 982 ὁ
1332 943 1446 996 Καμ-
1462 949 1504 981 10

169 1015 329 1072 βόσης,
371 1013 451 1069 τήν
488 1012 586 1068 ἴρην
629 1011 925 1068 οὐνομάζουσί
969 1027 1096 1061 τινες.

1156 1009 1213 1052 οὔ
1251 1009 1338 1054 νύν
1377 1028 1446 1054 τοι

169 1085 307 1137 ἀεικὲς
338 1083 469 1127 οὐδὲν
498 1080 573 1141 ἦν,
604 1088 685 1127 τοῦ
717 1082 917 1139 σώματος
947 1086 1115 1126 νοῦσον
1145 1081 1336 1139 μεγαλην
1365 1099 1447 1126 νο-

115 1392 164 1429 ad
185 1391 231 1439 11,
252 1393 318 1431 73.
332 1412 389 1418 -—-
406 1389 520 1427 Paulo
540 1394 627 1440 post
645 1390 683 1428 in
698 1403 780 1428 ver-

118 1450 190 1485 bis:
228 1443 378 1497 ταύτην
405 1445 542 1497 μέντοί
562 1461 649 1485 κοτε
673 1443 722 1485 σύ
743 1461 777 1484 κ.

116 1520 148 1543 τ.
160 1507 192 1542 λ.
209 1503 422 1555 particulam
442 1517 529 1541 κοτε
548 1504 653 1540 reddi
671 1516 779 1553 posse

113 1573 224 1611 nuper
255 1564 359 1596 notat
388 1559 594 1608 Schweigh.
627 1560 673 1596 ad
704 1559 780 1596 Eu-

115 1618 221 1655 stath.
235 1617 283 1653 ad
302 1616 401 1652 Iliad.
422 1617 451 1662 1,
468 1618 545 1656 108
563 1629 778 1666 provocans.

115 1675 156 1711 In
179 1686 282 1722 seqq.
304 1671 403 1723 ἔχειν
432 1672 475 1711 ἐν
501 1671 637 1724 γαστρὶ
665 1672 778 1709 valet:

115 1730 306 1780 gravidam
327 1742 418 1773 esse,·
448 1728 558 1779 plane
579 1735 619 1765 ut
644 1730 705 1776 lv,
727 1732 779 1768 30

117 1794 153 1824 et
179 1787 275 1836 apud
300 1786 459 1823 Pausan.
488 1786 520 1832 I,
549 1788 592 1831 6,
616 1788 641 1825 2
661 1791 698 1823 et
718 1785 781 1833 lv,

118 1846 156 1891 9,
179 1843 215 1883 5.
247 1842 408 1892 Simplex
431 1841 531 1892 ἔχειν
559 1843 634 1880 sive
657 1842 781 1892 ἴσχειν

116 1900 215 1951 apud
225 1900 456 1936 Herodotum
470 1899 646 1936 invenitur
661 1899 702 1948 V,
715 1897 779 1937 41.

288 1955 401 2005 Cap.
440 1955 610 1991 XXXIII.

177 2007 242 2050 οἷα
264 2033 308 2038 —
336 2006 780 2062 καταλαμβάνειν]

121 2063 442 2118 καταλαμβάνειν
471 2068 518 2104 de
548 2069 692 2105 casibus
715 2069 785 2105 dici

121 2126 198 2163 sive
218 2124 336 2170 malis,
367 2137 461 2173 quae
485 2137 551 2160 nos
571 2125 692 2161 subito
707 2138 787 2161 cor-

121 2182 258 2232 ripiant
286 2186 323 2218 et
343 2181 574 2231 opprimant,
615 2193 709 2229 quae
733 2182 788 2218 in-

121 2239 272 2289 opinata
294 2237 485 2287 repentino
505 2239 644 2287 impetu
659 2250 787 2287 super-

121 2295 284 2342 veniant,
315 2294 454 2330 monuit
475 2293 725 2331 Hemsterhus.
740 2294 786 2330 ad

120 2351 272 2389 Lucian.
294 2351 421 2387 Somn.
449 2348 484 2400 ἓ.
512 2352 562 2390 12
584 2351 692 2387 Tom.
716 2350 730 2386 l
749 2363 784 2400 p.

125 2409 218 2453 192,
243 2420 316 2456 quo
344 2407 398 2443 usi
427 2411 511 2443 sunt
531 2406 707 2443 Valcken.
738 2407 786 2443 ad

122 2464 262 2501 Herod.
292 2463 360 2510 IV,
399 2465 445 2502 11
481 2467 517 2500 et
549 2463 707 2500 Goeller.
738 2464 786 2499 ad

123 2520 327 2568 Thucydid.
359 2519 421 2566 IV,
453 2521 530 2565 31⁰,
576 2520 636 2556 ubi
668 2519 786 2570 plura.

124 2575 186 2613 Tu
204 2577 276 2612 vid.
297 2589 407 2626 supra
426 2574 472 2622 II,
495 2577 547 2616 66
577 2576 665 2625 ibiq.
695 2580 787 2612 nott.

180 2631 247 2670 καὶ
278 2647 351 2683 γαρ
382 2646 470 2670 τινα
491 2630 558 2671 καὶ
585 2631 627 2671 ἐκ
649 2634 788 2683 γενεῆς

125 2701 161 2725 κ.
190 2702 219 2725 τ.
248 2687 303 2738 λ]
373 2688 536 2725 Alterum
581 2687 668 2727 καὶ
707 2702 787 2726 cum

127 2744 329 2792 Schweigh.
367 2749 404 2782 et
431 2745 549 2782 Gaisf.
588 2746 710 2795 recepi
748 2748 787 2782 et

126 2813 210 2837 mox
231 2813 310 2837 cum
328 2801 454 2839 iisdem
470 2801 635 2852 rescripsi
654 2817 674 2840 0
687 2796 713 2840 v’
725 2816 786 2840 νο-

128 2852 295 2907 μαζουσι
316 2869 382 2906 pro
404 2872 423 2896 ο
416 2852 674 2908 ’νομαζουσι
696 2858 784 2895 Vul—

128 2919 252 2963 gatam
281 2913 432 2951 retinuit
449 2913 583 2952 Matth.
624 2914 682 2952 Ad
708 2927 785 2952 rem

837 1390 974 1427 dudum
1007 1402 1051 1427 ex
1081 1389 1271 1439 Hesychio
1308 1393 1502 1427 monuerat

836 1446 1003 1483 Larcher.
1019 1474 1030 1492 ‚
1071 1446 1118 1482 de
1145 1446 1336 1497 Epilepsz‘a
1361 1447 1419 1484 hic
1439 1460 1502 1484 co-

836 1504 1026 1550 gitandum
1049 1515 1154 1545 esse,
1196 1517 1305 1552 quem
1337 1503 1505 1540 morbum

837 1560 990 1596 Iustinus
1016 1559 1119 1606 XIII,
1141 1563 1166 1599 2
1200 1565 1309 1597 vocat
1327 1560 1506 1596 valetudi-

837 1629 913 1651 nem
936 1617 1109 1652 maiorem.
1158 1616 1265 1653 Plura
1295 1630 1391 1654 nunc
1420 1629 1507 1666 sup-

836 1672 1017 1722 peditabIt
1050 1673 1110 1710 Fr.
1142 1672 1261 1709 Dietz.
1293 1675 1341 1711 ad
1360 1673 1507 1722 Hippo-

837 1729 946 1765 cratis
977 1728 1058 1779 (qui
1084 1730 1162 1779 ipse
1183 1734 1313 1767 contra
1342 1729 1507 1780 appella-

836 1786 972 1822 tionem
1002 1788 1101 1822 sacri
1124 1787 1235 1822 morbi
1243 1816 1256 1833 ‚
1301 1799 1409 1836 quam
1436 1786 1505 1822 ho-

838 1843 974 1879 minum
1025 1843 1265 1880 introduxerit
1311 1843 1506 1893 imperitia,

839 1899 1024 1948 disputat)
1053 1899 1181 1935 librum
1210 1898 1300 1949 περὶ
1322 1901 1393 1949 τῆς
1413 1898 1503 1949 ἱρῆς

838 1951 989 1994 νούσου
1001 1955 1124 2006 (Lips.
1147 1957 1274 2004 1827)
1294 1970 1329 2006 p.
1343 1958 1394 1996 93
1407 1968 1504 2005 sqq-‚

843 2012 902 2048 ubi
924 2013 1087 2061 quaerit,
1119 2013 1182 2061 qui
1204 2014 1340 2049 sactum
1361 2014 1431 2058 sit,
1467 2016 1505 2048 ut

842 2069 913 2106 iste
929 2069 1091 2113 morbus,
1122 2069 1177 2105 cui
1196 2069 1284 2105 alias
1303 2068 1508 2119 apudHip-

843 2129 1027 2175 pocratem
1050 2124 1258 2174 Epilepsz'ae
1278 2138 1424 2171 nomen,
1449 2138 1507 2160 sa-

846 2183 900 2217 cri
926 2182 1036 2216 morbi
1063 2181 1306 2230 appellatione
1336 2182 1508 2229 designe-

844 2242 904 2274 tur
938 2242 1001 2273 aut.
1032 2238 1142 2274 etiam
1178 2233 1326 2288 μεγάλη
1360 2239 1508 2283 νοῦσος

845 2295 1013 2343 adeoque
1026 2291 1223 2344 ήρακληΐη
1237 2294 1389 2331 dicatur.
1406 2294 1509 2338 Quas

845 2363 970 2387 omnes
1011 2350 1274 2400 appellationes
1316 2351 1364 2387 ad
1401 2350 1512 2388 vehe-

844 2408 1016 2444 mentiam
1046 2407 1163 2443 morbi
1187 2412 1299 2456 atque
1328 2407 1511 2456 magnitu-

845 2464 979 2511 dinem,
1014 2476 1109 2512 quae
1129 2463 1183 2500 vel
1203 2464 1318 2500 maior
1343 2468 1450 2513 quam
1471 2475 1510 2501 re

843 2533 929 2557 vera
952 2524 1030 2567 est,
1071 2520 1254 2557 veteribus
1285 2521 1361 2557 visa
1391 2520 1511 2566 suerit,

845 2580 1033 2626 spectare,
1076 2577 1147 2612 iam
1179 2577 1312 2613 Graeci
1339 2576 1511 2613 observa-

845 2638 929 2669 runt
952 2632 1135 2678 nonnulli,
1166 2645 1319 2682 quorum
1339 2632 1507 2669 testimo-

844 2689 905 2726 nia
939 2688 1060 2725 attulit
1088 2688 1213 2726 Dietz.
1240 2688 1263 2725 l.
1293 2688 1315 2725 l.
1346 2701 1431 2739 pag.
1455 2690 1509 2729 98

844 2758 947 2795 seqq.
992 2745 1175 2783 Observat
1196 2744 1305 2782 Italus
1328 2745 1510 2783 Herodoti

843 2802 1046 2852 interpreS,
1084 2802 1182 2852 apud
1205 2814 1288 2849 e05‚
1328 2802 1390 2851 qui
1411 2813 1507 2838 nunc

842 2858 1028 2895 Etruriam
1067 2857 1248 2905 incolunt,
1293 2857 1505 2911 epilepsiam

843 2915 985 2952 vocari:
1023 2915 1096 2951 mal
1116 2914 1303 2952 benedetto.

1502 724 1668 760 Cambysen
1678 735 1697 754 a
1708 735 1780 762 pue-

1501 768 1534 786 ro
1553 761 1743 795 epilepticus.

1162 1154 1275 1199 Tafis
1317 1152 1361 1197 δ’
1402 1153 1445 1205 ἐς
1502 1158 1781 1193 Prexaspcsinter-

1504 1201 1538 1219 ro
1541 1197 1630 1228 gatus
1676 1200 1781 1219 verum

1508 1213 1649 1261 Gambysi
1691 1225 1779 1253 dicit·

1508 1261 1670 1296 Cambysen
1701 1260 1781 1294 Cyro
