1904 3304
504 224 1191 266 MELPOMENE.[V.
1398 226 1484 267 479

1566 335 1792 363 Melanchlaenfl

1539 377 1586 396 mo
1591 378 1614 396 ri
1607 370 1672 397 ‘bus
1711 377 1823 398 conve-

1543 404 1572 431 ni
1564 412 1605 430 ιιι
1607 408 1630 431 ιι
1654 413 1720 431 cum
1736 405 1822 443 'Scy-

1542 437 1614 465 this.
1635 438 1744 464 Rudini
1759 446 1822 465 om-

1543 479 1597 499 ues
1620 471 1761 499 caeruleo
1789 474 1823 499 et

218 340 314 388 λὸν,
358 334 552 393 γλαυκόν
592 351 636 379 τε
683 339 771 378 πᾶν
813 336 1002 390 ἰσχυρῶς
1047 332 1134 377 ἐστὶ
1180 332 1254 377 καὶ
1295 333 1483 389 πυῤῥόν.

190 407 348 458 Ξπόλις
379 406 424 450 δὲ
453 406 500 450 ἐν
531 403 702 449 αὐτοῖσι
731 405 989 450 πεπόλισται
1021 405 1194 461 ξυλίνη,
1233 403 1407 461 οὕνομα
1438 405 1485 449 δὲ

160 559 316 608 Reliqua
342 558 455 596 verba
486 558 537 594 sic
560 557 824 607 interpretatur

159 615 349 665 Schwgh:
379 615 506 663 glauci
530 614 718 651 admodum
740 617 822 650 suut

160 685 272 709 omnes
301 675 333 709 et
366 671 566 708 rubicundi.
613 672 718 714 Quae
748 684 822 707 non

158 734 234 766 tam
254 729 302 765 ad
322 729 498 765 oculorum
518 728 688 775 colorem,
711 740 820 776 quain

160 787 207 822 ad
233 788 342 822 totum
362 799 485 836 corpus
503 785 654 833 glauco,
692 797 720 821 5.
743 796 821 820 cue-

158 842 257 878 ruleo
272 844 408 892 pictum
427 847 464 879 et
481 841 561 891 ruso
591 841 711 888 (unde
727 841 822 889 picta·

160 899 289 936 Geloni
321 900 421 949 apud
448 897 574 947 virgil.
604 898 742 945 Georg.
773 897 818 941 ll,

164 956 262 1002 115)
292 961 456 1006 spectare
488 954 563 990 vult
586 953 737 991 Salmas.
770 953 818 989 ad

159 1011 274 1048 Solin.
301 1024 386 1061 pag.
418 1012 496 1051 133
519 1010 587 1057 D.,
618 1022 726 1059 quem
758 1022 817 1046 se-

159 1075 318 1117 quuntur
349 1067 567 1116 wesseling.
593 1079 635 1104 ac
657 1066 817 1103 Larche-

158 1137 218 1162 rus
248 1124 330 1173 (qui
350 1124 564 1174 Hippocrat.
586 1123 645 1161 De
666 1136 737 1160 aer.
759 1135 819 1171 aq.

159 1185 195 1219 et
219 1181 284 1218 loc.
308 1179 481 1232 locum§.
503 1179 556 1221 48
589 1179 740 1231 [§.102
762 1180 820 1217 ed.

160 1236 295 1287 Corai.]
328 1237 447 1283 affert,
477 1237 683 1306 δε)ιὶιίειιῐιι
705 1249 822 1287 popu-

160 1294 231 1331 lum
253 1294 300 1331 ob
321 1294 435 1343 frigus
458 1289 628 1343 πυρόόν,
663 1294 684 1330 i.
706 1307 737 1330 e.
760 1305 821 1328 rn-

153 1350 248 1400 fum,
271 1363 327 1387 ess
331 1363 350 1387 e
368 1325 568 1395 narrantis)
592 1350 822 1413 improbante

162 1407 346 1444 Mannert.
369 1406 417 1443 ΙΙΙ
435 1420 470 1456 p.
492 1409 530 1453 8,
561 1407 622 1456 qui
638 1408 821 1455 interpre-

160 1468 276 1500 tatur:
325 1463 562 1512 blauaeugigt
602 1464 677 1499 und
702 1462 823 1511 seuer-

152 1518 264 1569 sarb,
292 1519 524 1556 Herodotum
556 1520 603 1556 de
632 1520 687 1556 his
716 1532 823 1555 accu-

160 1576 272 1612 ratius
309 1576 480 1612 edoctum
517 1576 628 1612 fuisse
668 1587 822 1623 negans,

159 1632 259 1669 cuius
283 1635 407 1669 tamen
426 1633 537 1669 verba
554 1633 600 1668 ad
626 1631 821 1669 Germani-

159 1701 237 1725 cam
259 1688 488 1725 Budinorum
510 1688 661 1739 stirpem
683 1692 720 1726 et
741 1689 821 1738 ipse

158 1746 281 1782 refert.
334 1744 514 1794 Equidem
550 1758 630 1782 cum
660 1745 819 1782 Heeren.

160 1801 213 1838 ld.
237 1801 265 1847 l,
288 1804 314 1842 2
332 1814 417 1851 pag.
438 1804 518 1843 279
545 1802 591 1839 de
617 1802 725 1838 oculis
746 1814 823 1838 cae-

159 1858 269 1894 ruleis
296 1857 459 1907 comitque
484 1858 576 1908 ruffi
594 1858 650 1895 hic
667 1859 728 1907 agi
749 1859 823 1895 exi-

161 1915 325 1959 stimem,
356 1919 502 1952 auctore
529 1928 677 1964 quoque
699 1916 821 1952 Ritte··

161 1983 216 2017 ro,
247 1970 405 2007 Vorhall.
424 1983 510 2021 pag.
535 1973 624 2013 153.
647 1973 744 2018 283,
761 1971 822 2007 ubi

161 2027 288 2064 vertit:
328 2039 451 2075 „ganz
474 2028 575 2064 blane
594 2028 722 2076 Augen
746 2027 822 2064 und

162 2083 302 2120 blomles
320 2082 469 2120 Haar.“
500 2085 580 2121 Nec
598 2085 704 2122 aliter
722 2083 823 2121 Lan-

161 2153 228 2189 ge,
259 2140 470 2177 vernaculus
500 2142 690 2192 interpres
737 2140 822 2183 Quo

160 2197 278 2233 minus
300 2196 420 2247 placet
439 2197 554 2244 Mi0t‚
586 2198 640 2234 sic
657 2201 821 2234 vertens:

159 2252 241 2300 „Ils
270 2266 304 2289 se
325 2255 495 2302 peignent
513 2254 544 2291 le
563 2267 660 2304 corps
681 2267 721 2290 en
744 2254 822 2290 bleu

160 2323 204 2347 ou
235 2323 277 2347 en
303 2313 450 2358 rouge.“
489 2311 601 2348 Italus
622 2312 821 2360 interpres:

160 2380 248 2414 „son
285 2369 374 2403 tutti
405 2367 780 2417 azzurrz'fortmnente
805 2379 822 2404 e

161 2423 380 2460 rubicondi“
401 2425 436 2460 in
455 2429 542 2462 nota
560 2425 722 2462 subiecta
743 2423 824 2474 plu-

164 2479 261 2516 ribus
282 2481 444 2518 evincere
462 2482 628 2527 studens,
660 2482 709 2518 de
733 2480 822 2517 arti-

166 2535 295 2572 ficiosis
315 2536 495 2574 coloribus
515 2539 662 2575 minime
676 2537 731 2574 hic
745 2550 823 2574 ser-

165 2603 309 2629 monem
328 2605 408 2630 esse
427 2595 493 2631 sed
511 2595 558 2633 de
574 2594 823 2631 naturaliocu-

166 2647 278 2684 lorum
301 2650 532 2699 corporisque
551 2651 684 2697 colore,
708 2650 824 2687 idem-

166 2716 238 2752 que
269 2704 362 2741 bene
397 2706 553 2744 afferens
584 2708 706 2745 Taciti
736 2706 822 2743 illud

167 2761 213 2798 de
242 2761 375 2796 nostris
405 2763 595 2801 maioribus
631 2764 820 2815 [German.

167 2816 193 2856 4
213 2814 250 2866 ἓ
272 2815 334 2867 2]:
365 2819 546 2863 „caerulei
561 2822 664 2868 oculi,
693 2820 824 2858 Tutelae

167 2885 292 2910 comae.
297 2877 322 2894 “
360 2873 461 2912 ldem
488 2881 595 2925 urget
616 2878 753 2916 Coraes
774 2877 822 2916 ad

881 554 1099 606 Hippocrat.
1131 555 1153 593 l.
1182 555 1203 596 l.
1226 555 1272 594 T.
1294 555 1328 592 ΙΙ
1354 567 1440 605 pag.
1457 556 1540 596 313

879 624 957 661 seq.
989 613 1134 650 minime
1158 613 1205 650 de
1225 612 1420 650 artificioso
1443 612 1542 650 colo-

879 681 943 713 re,
983 670 1049 706 sed
1078 670 1124 707 de
1152 669 1307 706 naturali
1333 681 1540 707 sermonem

880 737 983 772 esse3
1022 727 1122 774 quod
1152 725 1207 762 vel
1234 726 1344 763 verba
1371 725 1543 776 opposita

878 793 958 830 cap
993 783 1089 821 109·
1149 777 1269 820 ου’δὲν
1311 796 1385 832 την
1428 780 1543 833 ἰδέην

877 834 1010 886 ἱμοῖοι
1053 832 1149 875 ου’δὲ
1182 853 1224 876 το
1252 840 1390 888 χοῶμα
1413 843 1542 876 osten-

876 893 978 929 dant.
1018 892 1099 942 lpse
1120 890 1270 945 πυρἆν
1293 895 1431 931 Gallice
1451 896 1537 932 red-

876 949 928 985 dit
962 952 1078 994 „tevit
1109 951 1242 987 bosane
1268 950 1444 997 (colorem
1479 951 1537 987 in-

876 1005 1060 1054 telligens:
1092 1005 1206 1056 fauve
1235 1020 1282 1044 ou
1304 1006 1537 1055 jaundtre)“

878 1068 915 1099 et
946 1059 1117 1114 γλαυκὸν
1143 1064 1190 1101 de
1224 1064 1335 1101 oculis
1362 1063 1538 1101 caeruleis

877 1120 1010 1170 accipit
1055 1119 1167 1167 (‚‚les
1208 1134 1303 1171 yezcx
1341 1120 1424 1158 d’un
1462 1120 1539 1157 bleu

879 1177 950 1212 ires
962 1176 1173 1226 -fonce'“).

934 1229 1048 1279 πόλις
1079 1231 1122 1272 δὲ
1144 1232 1186 1272 ἐν
1205 1228 1362 1272 αὐτοῖσι
1379 1228 1542 1271 πεπόλι-

881 1299 966 1327 σται
993 1288 1158 1340 ξυλίνη]
1201 1287 1349 1336 »πόλις
1375 1286 1541 1329 πεπόλι-

880 1358 966 1384 σται
997 1348 1149 1383 recurrit
1180 1346 1235 1393 V,
1270 1349 1335 1388 52.
1368 1346 1456 1393 Vll,
1487 1347 1541 1387 59

879 1403 1076 1440 Homerico
1134 1404 1284 1440 1nore.“
1359 1402 1544 1440 Wessel.

880 1459 975 1496 Nam
1021 1460 1079 1496 vix
1114 1459 1211 1496 aliud
1243 1460 1332 1509 quid
1365 1460 1546 1497 indicatur

880 1516 949 1552 nisi
978 1518 1047 1552 εἶτα
1077 1520 1149 1563 est,
1187 1516 1332 1552 condita
1368 1520 1418 1553 est
1449 1517 1545 1563 urbs,

879 1578 1053 1609 monente
1074 1572 1278 1621 Schweigh.
1299 1574 1334 1608 in
1355 1571 1444 1610 Lex.
1464 1572 1545 1610 He-

877 1629 957 1665 rod.
1000 1628 1051 1665 Ae
1082 1628 1256 1675 πολίζειν
1284 1629 1399 1665 urbem
1418 1628 1543 1679 facere

878 1685 1018 1734 aliquot
1044 1684 1129 1723 locis
1157 1686 1349 1735 probavit,
1385 1689 1542 1723 notante

881 1741 911 1778 C
920 1755 948 1778 r.
962 1771 972 1785 ‚
996 1741 1253 1792 Wyttenbach.
1270 1742 1539 1780 Animadverss.

879 1798 916 1835 in
937 1798 1118 1838 Plutarch.
1139 1798 1198 1836 De
1216 1799 1321 1836 Fort.
1337 1798 1439 1836 Alex.
1459 1798 1540 1851 §.V

878 1868 964 1906 pag.
988 1854 1078 1896 114.
1118 1855 1275 1906 Propius
1296 1861 1439 1906 spectat
1459 1856 1541 1892 Ho-

879 1925 967 1949 mer.
996 1911 1035 1949 Il.
1054 1913 1147 1959 XX,
1177 1914 1281 1953 216:
1313 1911 1398 1951 ἐπεὶ
1424 1909 1539 1951 οὔπω

866 1965 988 2015 Ἴλιος
1016 1965 1083 2020 ἱρή
1109 1968 1151 2007 ἐν
1170 1969 1293 2020 πεδίῳ
1315 1965 1538 2017 πεπόλιστο,

879 2021 993 2072 πόλις
1049 2020 1232 2076 μερόπων
1296 2021 1542 2076 ἀνθρώπων.

880 2083 976 2119 Add.
1002 2081 1038 2118 ll.
1061 2082 1148 2128 Vll,
1172 2081 1266 2122 453.
1299 2082 1463 2119 Imitatus
1485 2086 1543 2119 est

880 2138 1000 2188 Apoll.
1036 2138 1158 2175 Rhod.
1201 2138 1239 2184 l,
1291 2141 1381 2180 178.
1422 2137 1541 2179 1346.

880 2195 955 2242 Ill,
988 2195 1106 2236 1095.
1147 2194 1219 2242 IV,
1253 2195 1360 2235 1472
1385 2195 1541 2245 Dionys.

880 2251 1023 2301 Perieg.
1045 2253 1141 2299 859,
1164 2251 1235 2288 alii.
1267 2251 1443 2301 Idemque
1461 2264 1543 2289 ver-

879 2309 966 2345 bum
991 2308 1253 2345 restituendum
1274 2308 1309 2344 in
1333 2308 1542 2358 inscriptio-

879 2377 925 2402 ne
947 2366 1105 2414 quadam
1126 2364 1309 2411 Philensi‚
1341 2378 1449 2414 quam
1473 2378 1542 2401 nu-

878 2435 945 2472 per
962 2422 1122 2460 exhibuit
1144 2421 1304 2470 Parthey
1335 2420 1410 2473 (De
1429 2421 1541 2458 Philis

879 2478 993 2515 insula
1024 2479 1174 2529 eiusque
1199 2482 1439 2515 monumentt.
1467 2477 1542 2515 Be-

878 2535 983 2571 rolin.
1011 2537 1117 2576 1830
1136 2548 1223 2585 pag.
1247 2534 1316 2581 53)
1347 2534 1542 2572 accuratis-

881 2592 971 2629 sime
990 2592 1190 2642 depietam,
1221 2591 1282 2628 ubi
1303 2604 1371 2641 pro
1391 2593 1542 2629 Πτολε-

881 2649 1045 2699 μαΐδος,
1083 2645 1136 2700 ἢν
1172 2647 1359 2698 ἐποίησεν
1395 2642 1540 2698 Σωτήρ

880 2705 951 2754 leg.
977 2707 1075 2752 Ha,
1103 2701 1156 2756 ἢν
1180 2700 1392 2744 ἐπόλισσεν.
1430 2704 1539 2741 Conf.

879 2760 1066 2800 Letronne
1105 2763 1143 2800 in
1178 2760 1341 2798 Journal.
1378 2761 1413 2798 d.
1450 2761 1537 2797 Sav.

883 2821 986 2860 1831
1007 2819 1128 2857 Juillet
1163 2830 1249 2869 pag.
1267 2817 1360 2859 409.
1398 2816 1456 2854 Ad
1477 2829 1537 2852 ar-

879 2881 1093 2924 gumentum
1135 2875 1204 2913 loci
1242 2874 1428 2925 pertinent
1462 2872 1538 2909 Eu-
