1904 3304
389 272 446 313 62

807 269 1280 308 HERODOTI

389 379 584 436 σκύμνον
623 379 797 430 λέοντος
837 378 1019 422 σκύλακι
1054 377 1207 429 κυνός·
1257 378 1467 433 θεωρέειν
1505 379 1551 422 δὲ
1586 379 1661 423 καὶ

361 452 473 509 Ξτὴν
506 456 696 507 γυναῖκα
733 448 907 505 ταύτην.
965 449 1212 504 νικωμένου
1242 449 1288 492 δὲ
1322 452 1403 492 τοῦ
1433 448 1661 501 σκύλακος,

390 522 607 578 ἀδελφεὸν
637 521 772 566 αὐτοῦ
816 520 949 564 ἄλλον
989 520 1207 572 σκύλακα,
1248 519 1555 577 ἀπορρήξαντα
1583 521 1662 566 τόν

392 593 577 651 δεσμὸν,
613 591 938 649 παραγενέσθαι
966 593 1030 635 οἱ·
1071 589 1152 635 δύο
1184 592 1230 635 δὲ
1257 592 1520 647 γενομένους
1549 592 1719 636 οὕτω90

361 666 448 722 ὃδὴ
487 665 592 717 τούς
631 665 851 716 σκύλακας
889 663 1169 719 ἐπικρατῆσαι
1205 667 1287 706 τοῦ
1324 661 1533 719 σκύμνου.
1589 664 1664 708 καὶ

389 737 470 781 τόν
497 737 576 793 μὲν
607 736 848 793 Καμβύσεα
877 736 1058 793 ἥδεσθαι
1088 732 1333 788 θεώμενον·
1379 733 1459 790 τὴν
1489 735 1557 787 δὲ,
1587 750 1664 778 πα-

393 809 585 865 ρημένην
625 806 844 863 δακρύειν.

912 805 1150 863 Καμβύσεα
1190 806 1235 849 δὲ
1272 804 1473 860 μαθόντα
1516 809 1662 857 τοῦτο,

391 880 637 935 ἐπείρεσθαι
667 879 777 924 διότι
805 877 1009 932 δακρύοι·
1049 878 1128 933 τὴν
1158 876 1204 919 ὁὲ
1235 878 1389 928 εἰπεῖν,
1420 874 1479 927 ὠς
1507 877 1665 919 ἰδοῦσα

390 952 469 995 τόν
499 951 696 996 σκύλακα
724 955 784 1009 τῷ
816 949 1012 1006 ἀδελφεῷ
1050 948 1381 1005 τιμωρήσαντα,
1425 946 1723 1001 δακρύσειε,95

391 1021 635 1079 μνησθεῖσά
663 1039 708 1066 τε
732 1021 968 1078 Σμέρδιος,
1007 1020 1080 1064 καὶ
1099 1023 1307 1076 μαθοῦσα
1337 1017 1397 1069 ὠς
1423 1020 1552 1076 κείνῳ
1583 1017 1666 1062 οὐκ

363 1096 460 1150 4εἵη
502 1092 526 1137 ὁ
567 1093 839 1149 τιμωρήσων.
885 1092 1094 1148 ’Έλληνες
1130 1091 1210 1146 μὲν
1248 1089 1301 1146 δὴ
1344 1090 1417 1133 διὰ
1455 1095 1586 1134 τοῦτο
1615 1088 1665 1134 τὸ

392 1167 496 1218 ἔπος
528 1167 636 1222 φασὶ
669 1163 807 1222 αὐτὴν
838 1162 1081 1208 ἀπολέσθαι
1110 1163 1196 1206 ὑπὸ
1217 1161 1472 1218 Καμβύσεω.
1533 1160 1666 1216 Αἰγύ-
1729 1167 1808 1206 211

391 1255 510 1283 πτιοι
541 1239 608 1291 δὲ,
641 1236 697 1288 ὡς
714 1236 898 1292 τραπέζῃ
917 1234 1293 1290 περικατημένων,
1329 1236 1552 1292 λαβοῦσαν
1569 1234 1667 1286 θρί-

394 1313 507 1354 δακα
545 1308 628 1365 τήν
663 1311 854 1363 γυναῖκα
882 1309 1117 1359 περιτῖλαι,
1156 1305 1228 1348 καὶ
1259 1304 1562 1358 έπανείρεσθαι
1591 1303 1669 1347 τὸν

390 1381 554 1436 ἄνδρα,
584 1379 767 1433 κότερον
795 1375 1117 1434 περιτετιλμένη
1147 1373 1173 1432 ἡ
1197 1377 1356 1431 θρίδαξ
1380 1376 1408 1432 ἢ
1428 1377 1581 1419 δασεῖα
1600 1376 1693 1432 ε’ίη1

337 1562 406 1599 lam
428 1557 526 1613 γαρ,
563 1572 672 1609 quam
694 1560 778 1608 post
800 1553 872 1607 μὲν
891 1555 1000 1603 vulgo

337 1619 514 1662 inserunt,
544 1630 624 1653 cum
643 1615 758 1651 Gaisf.
780 1615 906 1658 omisi3
936 1613 1002 1649 ab·

338 1678 396 1712 est
427 1674 522 1711 enim
552 1673 612 1709 illa
641 1686 662 1709 a
690 1670 882 1716 Mediceo,
912 1669 1000 1706 Flo-

337 1731 504 1777 rentino,
553 1729 641 1766 aliis.
719 1726 921 1775 Schweigh.
964 1728 1002 1762 et

338 1786 473 1824 Matth.
504 1787 739 1823 retinuerunt.
765 1805 821 1811 —
850 1783 1001 1832 συμβα-

338 1841 442 1881 λέειν
473 1842 590 1879 valet:
634 1843 841 1877 committere
866 1839 914 1875 acl
932 1852 1002 1888 pu-

338 1899 546 1948 gnandum,
588 1902 629 1934 ut
646 1898 692 1944 V,
717 1900 749 1937 1.
801 1897 860 1933 Ad
899 1892 1002 1934 οὕτω

340 1953 390 2003 δή
418 1957 510 1993 conf.
531 1955 558 2001 Ι,
581 1954 645 1995 94.
670 1956 760 1995 196.
780 1953 826 1999 ΙΙ,
847 1951 899 1992 94
922 1957 1001 1997 etc„

339 2025 386 2050 ne
405 2012 518 2062 plura.

396 2064 560 2119 κότερον
625 2063 919 2116 περιτετιλμένη
976 2061 1005 2115 ἦ

340 2125 486 2175 θρίδαξ
512 2139 548 2162 κ.
573 2139 602 2161 τ.
625 2122 673 2173 λ.]
706 2124 726 2159 ἰ.
748 2135 778 2159 e.
811 2125 931 2158 utrum
962 2134 1003 2157 ea

341 2182 505 2226 lactuca,
537 2182 595 2217 cui
612 2179 709 2229 solia
734 2181 806 2215 sint
827 2179 1004 2227 ἀπειρία,

341 2251 390 2275 an
411 2251 472 2283 ea,
503 2250 591 2286 qnae
622 2239 764 2284 integra
789 2237 855 2281 sit,
886 2235 1005 2271 melior

341 2295 426 2331 sit?
464 2293 543 2330 Nos
575 2293 689 2329 Gaisf.
721 2292 835 2329 secuti
867 2304 1003 2336 sumus,

342 2349 527 2388 meliorem
560 2362 580 2386 e
609 2348 709 2385 libris
737 2348 881 2396 scriptis
905 2347 1005 2383 ordi-

342 2419 425 2444 nem
448 2418 529 2442 cum
548 2404 754 2453 Schweigh.
774 2408 1003 2440 revocantem

343 2467 379 2501 et
406 2460 551 2507 ἐοῦσα,
607 2461 706 2509 quod
749 2460 868 2496 adhuc
905 2463 1005 2496 tenet

342 2518 571 2566 Schweigh.,
612 2517 841 2553 abiicientem
870 2528 1004 2552 eorun-

344 2575 428 2613 dem
450 2576 562 2611 ferme
583 2572 757 2609 librorum
781 2573 827 2608 ob
848 2572 1004 2608 auctori-

344 2635 470 2668 tatem.
491 2629 630 2678 Vulgo:
662 2624 825 2679 κότερον
851 2641 1003 2676 περιτε-

343 2685 505 2738 τιλμένη
546 2681 575 2736 ἢ
615 2685 753 2723 δασεῖα
790 2682 818 2734 ἡ
856 2683 1004 2733 θρίδαξ

344 2743 467 2783 ἐοῦσα
488 2742 547 2792 εἰἠ
567 2741 762 2788 καλλίων,
800 2753 895 2790 quae
915 2739 1003 2777 val-

344 2801 448 2838 cken.
472 2800 556 2836 olim
577 2799 627 2835 sic
643 2797 896 2835 constituenda
916 2809 1002 2834 cen-

346 2857 436 2894 suit:
473 2851 616 2906 κότερα
654 2851 944 2906 περιτετιλμένη
976 2849 1004 2903 ἦ

345 2913 492 2966 θρίδαξ
528 2907 558 2964 ἢ
595 2911 734 2952 δασεῖα
781 2908 903 2950 ἐοῦσα
943 2908 1003 2959 εἰἠ

1059 1549 1259 1604 ἀμείνων,
1323 1551 1493 1590 adiiciens
1546 1547 1722 1602 ἆμείνων

1058 1612 1163 1649 reddi
1203 1611 1366 1661 potuisse
1396 1609 1579 1656 καλλίων,
1611 1614 1653 1647 ut
1684 1611 1722 1647 in

1060 1668 1238 1716 Hesych.,
1275 1667 1360 1704 ubi:
1401 1663 1566 1716 ἄμεινον
1581 1678 1588 1686 ·
1625 1661 1722 1705 κᾶλ-

1059 1728 1155 1764 λιον.
1187 1723 1248 1760 Τιι
1261 1724 1354 1760 conf.
1369 1736 1515 1772 quoque
1532 1735 1722 1761 censorem

1059 1784 1095 1819 in
1117 1781 1311 1831 Ephemer.
1340 1780 1502 1819 lenenss.
1531 1781 1639 1819 1817
1667 1791 1722 1817 nr.

1063 1840 1141 1878 163
1162 1850 1245 1887 pag.
1270 1839 1363 1876 363.
1391 1858 1449 1863 —-
1478 1836 1535 1873 Ad
1552 1849 1627 1874 rem
1651 1837 1723 1873 iam

1061 1894 1234 1932 Valcken.
1275 1893 1398 1930 attulit
1429 1893 1635 1942 Epicharmi
1664 1893 1721 1929 di-

1060 1956 1158 1988 ctum
1189 1951 1287 2001 apud
1309 1950 1440 1986 Athen.
1474 1949 1503 1986 ll
1535 1962 1570 1999 p.
1595 1951 1648 1989 68
1665 1949 1723 1996 Ε,

1061 2021 1104 2045 ex
1130 2020 1203 2056 quo
1230 2012 1376 2056 praeter
1405 2006 1516 2052 alios,
1549 2019 1641 2055 quos
1661 2017 1724 2043 ex·

1061 2065 1145 2101 citat
1165 2063 1328 2100 Lobeck.
1357 2063 1434 2099 loco
1461 2075 1544 2099 mox
1570 2062 1725 2099 laudan-

1061 2121 1123 2166 do,
1143 2121 1251 2158 etiam
1262 2119 1486 2167 Phrynichus
1503 2120 1723 2168 processisse

1061 2178 1219 2223 videtur,
1240 2177 1401 2212 scribens
1421 2175 1651 2212 Herodotum
1665 2175 1724 2211 Io-

1061 2247 1148 2271 num
1167 2246 1209 2271 ex
1230 2232 1386 2269 dialecto
1418 2231 1552 2268 dixisse
1581 2231 1723 2280 θρίδα-

1062 2305 1134 2336 κα,
1173 2289 1314 2325 Atticos
1334 2301 1420 2324 vero
1441 2285 1574 2336 (ἡμεῖς
1596 2285 1639 2326 δὲ
1657 2289 1722 2334 ait,

1063 2345 1117 2392 ὥς
1135 2342 1325 2390 Ἀττικοί)
1349 2344 1613 2392 θριδακίνην,
1643 2343 1722 2380 coll.

1060 2402 1295 2439 Antiatticist.
1315 2401 1351 2437 in
1372 2400 1532 2437 Bekkeri
1555 2398 1722 2437 Anecdd.

1060 2471 1145 2510 pag.
1167 2459 1232 2497 99.
1263 2456 1321 2493 Ad
1342 2469 1448 2505 quem
1460 2456 1651 2505 Phrynichi
1669 2456 1724 2493 lo-

1061 2528 1138 2552 cum
1158 2513 1321 2550 Lobeck.
1342 2513 1389 2549 de
1407 2525 1498 2550 voce
1518 2513 1666 2562 θρίδαξ
1690 2524 1720 2549 s.

1061 2572 1204 2607 lactuca
1235 2569 1440 2617 (Lartich)
1477 2569 1631 2618 plurima
1660 2581 1722 2606 ve-

1060 2632 1178 2664 terum
1206 2626 1351 2675 collegit
1377 2625 1722 2675 testimonia,2·qui-

1061 2684 1126 2720 bus
1147 2683 1313 2719 omnibus
1341 2683 1557 2732 primitivum
1577 2681 1722 2732 placue-

1060 2740 1107 2776 rit
1125 2739 1284 2790 θρῖδαξ.
1328 2738 1408 2775 Nos
1429 2739 1608 2776 edidimus
1627 2737 1721 2789 θρί-

1061 2796 1131 2843 δαξ
1149 2824 1160 2841 ,
1229 2795 1536 2845 quemadmodum
1594 2806 1721 2832 omnes

1061 2856 1239 2901 quantum
1263 2852 1394 2888 scimus
1422 2850 1501 2888 libri
1528 2855 1567 2889 et
1595 2851 1720 2901 scripti

1061 2913 1100 2947 et
1118 2908 1205 2947 editi
1224 2908 1258 2945 h.
1273 2907 1299 2947 l.
1321 2908 1501 2946 exhibent.
1533 2907 1615 2946 vid.
1627 2910 1718 2945 nott.
