1904 3304
262 238 346 278 670
456 235 800 275 EXCURSUS
837 235 888 272 IX
943 234 1020 272 AD
1062 235 1391 276 HERODOT.
1428 238 1498 286 IV,
1528 236 1594 281 42.

264 349 427 387 dimenta
447 348 580 387 afferre
600 350 762 400 potuisse
783 352 896 397 negat
924 347 972 396 (l.
992 347 1013 384 l.
1038 360 1122 397 pag.
1144 350 1226 390 696
1241 371 1281 376 —
1304 350 1415 397 701)
1438 350 1610 400 idemque
1635 350 1778 389 navium

263 416 339 454 vult
392 416 516 455 haberi
557 417 736 455 rationem
755 417 819 465 *),
856 415 988 465 quibus
1015 418 1156 453 veteres
1180 416 1236 453 usi
1263 417 1365 463 sint,
1403 417 1514 454 multo
1537 417 1605 456 illis
1630 418 1778 469 quidem

263 483 487 522 facilioribus
508 488 544 522 et
565 485 613 521 ad
646 484 917 533 navigationem
946 483 1143 520 secundum
1170 480 1275 520 litora
1297 483 1557 523 instituendam
1578 486 1779 537 aptioribus

266 553 425 601 indeque
450 552 567 589 minus
589 552 764 602 expositis
791 549 951 602 periculo
980 549 1026 586 ab
1056 550 1153 587 omni
1177 555 1364 588 ventorum
1390 552 1425 588 vi
1452 553 1670 592 fluctuumve
1694 566 1781 604 pro-

265 619 507 669 cellarumque
522 619 707 657 violentia.
765 617 819 656 Ac
838 622 1030 669 praeterea
1058 619 1257 656 tenendum
1280 623 1356 665 est,
1389 619 1611 669 Phoenices,
1641 622 1779 672 quippe

264 691 431 726 assuetos
450 688 483 725 ei
502 687 747 736 navigationis
769 687 915 733 rationi,
946 698 1042 735 quae
1062 685 1167 723 litora
1182 687 1408 736 potissimum
1426 689 1591 738 sequitur
1608 701 1652 726 ac
1666 692 1780 736 tenet,

265 768 309 792 ex
331 769 375 793 eo
398 756 478 806 ipso
499 755 536 791 in
553 756 751 804 navigandi
777 759 857 793 arte
877 754 1037 804 ipsisque
1058 754 1152 790 adeo
1172 754 1341 804 periculis
1361 756 1582 794 sustinendis
1603 756 1781 794 versatio-

268 836 326 860 res
343 836 425 860 esse
447 824 586 869 sact0s3
616 823 714 860 unde
732 835 881 872 quoque
899 820 1177 872 explicandum,
1216 835 1280 859 cur
1298 822 1470 874 Europae
1493 823 1599 860 litora
1625 822 1781 873 legendo

267 891 316 927 ad
335 890 560 927 Britanniam
586 903 703 939 usque
723 891 926 940 Balticique
958 888 1067 926 maris
1092 901 1174 926 oras
1193 892 1436 941 pervenerint.
1494 891 1637 942 Libyae
1658 896 1781 929 autem

268 969 368 994 oram
394 970 438 995 ex
464 961 572 1008 parte
600 958 747 1007 quidem
770 959 841 996 iam
860 957 1065 995 Salomonis
1091 958 1177 995 inde
1208 959 1254 995 ab
1279 964 1401 997 aetate
1424 973 1488 998 eos
1513 961 1696 1009 cognitam
1714 958 1781 997 ha-

268 1026 388 1063 buisse
408 1026 598 1072 novimus3
634 1038 745 1075 quam
767 1026 834 1062 nisi
858 1025 1141 1074 cognovissent,
1183 1027 1348 1076 profecto
1369 1029 1406 1064 in
1427 1040 1507 1065 eam
1530 1028 1688 1066 incidere
1707 1039 1783 1064 non

266 1093 475 1143 potuissent
501 1094 780 1142 cogitationem,
822 1097 863 1130 ut
884 1106 1005 1131 serere
1026 1106 1255 1142 messemque
1283 1094 1403 1132 facere
1425 1096 1461 1132 in
1489 1095 1543 1131 his
1573 1095 1783 1145 regionibus

265 1161 512 1199 instituerent.
582 1161 681 1205 Quin
718 1161 786 1198 hac
816 1160 894 1210 ipsa
929 1159 1092 1209 Libycae
1121 1173 1207 1198 orae
1236 1162 1367 1198 notitia
1398 1175 1461 1199 eos
1495 1163 1664 1199 incitatos
1700 1174 1783 1199 esse

265 1232 372 1278 putat
394 1228 549 1266 Rennel.
570 1228 594 1264 l.
616 1228 640 1265 l.
660 1241 746 1279 pag.
768 1230 874 1275 689,
914 1229 961 1265 ad
990 1228 1099 1266 talem
1129 1229 1401 1279 expeditionem
1429 1229 1695 1279 suscipiendam
1721 1241 1780 1267 re·

266 1296 467 1345 gionesque
491 1295 640 1333 ulterius
659 1297 746 1333 sitas
763 1296 1061 1346 cognoscendas;
1090 1308 1163 1345 quo
1184 1298 1313 1334 eodem
1337 1297 1446 1333 modo
1463 1296 1661 1334 Lusitanos
1686 1308 1779 1334 nau-

265 1367 321 1400 tas
349 1364 492 1402 saeculo
521 1366 662 1402 decimo
692 1366 820 1415 quinto
847 1368 933 1415 post
959 1363 1047 1400 Chr.
1076 1376 1112 1401 n.
1147 1364 1323 1401 excitatos
1355 1377 1436 1402 esse
1465 1364 1647 1402 neminem
1678 1364 1782 1413 sugit.

265 1431 347 1469 Nec
367 1433 485 1469 minus
502 1438 694 1470 ventorum
724 1434 919 1471 etesiarum
938 1432 1177 1469 directionem
1208 1444 1250 1468 ac
1268 1433 1442 1468 fluctuum
1463 1445 1604 1470 cursum
1623 1431 1781 1470 Phoeni-

266 1512 325 1537 ces
346 1500 491 1538 novisse
513 1505 651 1538 statuas
671 1514 821 1539 necesse
841 1505 919 1549 est,
953 1501 1015 1550 qui
1042 1500 1151 1537 maris
1171 1499 1238 1537 hac
1267 1499 1491 1550 experientia
1518 1500 1602 1538 freti
1620 1499 1780 1537 Asi-icam

268 1566 598 1617 circumnavigandi
618 1569 827 1619 incoeptum
839 1569 935 1606 haud
955 1568 1095 1605 irritum
1110 1568 1188 1605 fore
1207 1567 1306 1604 haud
1323 1568 1396 1604 scio
1413 1579 1460 1604 an
1479 1568 1613 1604 suerint
1628 1567 1782 1605 arbitra-

268 1635 308 1671 ti.
338 1636 394 1673 Cf.
410 1636 522 1674 Koes.
537 1636 559 1675 l.
582 1636 602 1673 l.
621 1651 657 1688 p.
677 1639 740 1678 16.
764 1639 826 1677 17.
856 1635 921 1683 Ac,
950 1649 998 1673 ne
1016 1635 1105 1685 quid
1123 1635 1303 1684 omittam,
1331 1634 1491 1672 Africam
1510 1635 1709 1672 admonent
1720 1634 1779 1683 **)

267 1703 381 1740 multo
411 1704 573 1751 facilius,
620 1705 666 1742 ab
689 1704 845 1742 Arabico
867 1705 948 1740 sinu
972 1704 1001 1740 si
1033 1702 1294 1753 proficiscaris,
1343 1702 1640 1751 circumnavigari
1672 1714 1782 1753 posse

267 1769 409 1820 (prouti
427 1770 629 1809 Phoenices
651 1771 750 1808 iussu
768 1771 863 1821 regis
881 1770 1056 1820 Aegyptii
1078 1771 1206 1807 secisse
1223 1772 1437 1815 narrantur)
1459 1782 1568 1818 quam
1590 1782 1611 1806 a
1636 1774 1781 1807 contra-

263 1838 320 1875 ria
340 1841 465 1888 parte,
502 1850 524 1875 a
547 1839 638 1876 mari
660 1839 927 1876 mediterraneo
949 1838 1117 1875 nimirum
1138 1850 1204 1887 per
1227 1837 1413 1874 columnas
1437 1837 1635 1875 Herculeas
1663 1838 1695 1874 si
1720 1838 1781 1874 iti-

264 1906 361 1943 neris
381 1905 526 1942 initium
551 1906 678 1943 feceris
689 1935 702 1952 ,
732 1919 812 1943 cum
834 1906 894 1943 illa
913 1906 971 1942 via.
992 1905 1104 1942 multa
1124 1917 1213 1942 sane
1233 1917 1315 1942 esse
1337 1905 1525 1952 dicantur,
1556 1917 1651 1955 quae
1669 1918 1781 1956 expe-

264 1974 431 2011 ditiorem
459 1985 502 2010 ac
529 1972 726 2010 faciliorem
751 1973 910 2010 reddant
928 1973 1200 2021 navigationem
1214 2001 1225 2019 ,
1265 1976 1395 2010 ventos
1415 1973 1495 2009 dico
1517 1973 1620 2010 statis
1639 1977 1781 2024 tempe·

264 2041 419 2078 statibus
440 2042 585 2088 flantes,
612 2041 721 2077 maris
739 2041 883 2089 fluctus,
908 2041 966 2089 iis,
985 2041 1048 2091 qui
1070 2044 1183 2078 terras
1199 2039 1324 2090 legant
1341 2040 1550 2089 navigando
1565 2070 1574 2087 ‚
1595 2039 1702 2078 valde
1719 2052 1780 2077 re-

263 2109 471 2160 spiciendos
488 2108 649 2158 indeque
659 2108 903 2147 Phoenicibus
922 2108 1113 2154 secundos,
1133 2107 1215 2156 alia,
1232 2120 1327 2157 quae
1344 2108 1401 2145 hic
1419 2121 1602 2159 exponere
1618 2107 1778 2157 longum.

378 2176 456 2213 Iam
483 2176 572 2213 haec
593 2177 630 2213 in
651 2177 855 2214 universum
884 2176 1022 2213 monita
1047 2175 1254 2223 sufficiant3
1291 2176 1423 2225 quibus
1444 2177 1646 2223 addantur,
1683 2187 1779 2225 quae

268 2245 305 2282 in
325 2245 422 2282 notis
442 2244 584 2294 singula
612 2246 661 2282 ad
680 2245 760 2295 ipsa
778 2244 962 2282 Herodoti
987 2244 1098 2282 verba
1123 2244 1190 2281 rite
1214 2243 1453 2292 intelligenda
1478 2257 1520 2282 ac
1548 2243 1780 2282 diiudicanda

268 2312 468 2350 attulimus,
526 2311 720 2360 „Vidimus
748 2313 821 2350 iam
852 2312 960 2360 (sunt
978 2312 1090 2349 verba
1108 2311 1237 2349 Koesii
1256 2311 1278 2349 l.
1300 2310 1321 2349 1.
1343 2324 1429 2362 pag.
1446 2313 1521 2361 28)
1541 2311 1679 2349 nullum
1697 2322 1780 2349 esse

268 2380 374 2417 huius
399 2380 617 2417 narrationis
646 2384 893 2427 momentum,
930 2380 1030 2429 quod
1060 2379 1112 2417 rei
1137 2384 1290 2418 naturae
1308 2381 1376 2418 rite
1400 2381 1567 2429 cognitae
1586 2382 1779 2430 repugnet,

269 2447 375 2499 plura
394 2460 502 2495 ver0,
531 2448 661 2497 quibus
682 2450 765 2485 insit
786 2449 837 2485 vis
859 2448 906 2485 ad
931 2447 1160 2498 probandam
1188 2449 1242 2486 rei
1269 2452 1436 2486 narratae
1460 2458 1628 2496 magnam
1654 2445 1780 2484 verisi-

271 2515 521 2554 militudinem.
532 2517 558 2537 ‘⁴
586 2538 643 2545 -——-
674 2544 698 2564 ‚,
711 2516 915 2564 Omnibus,
945 2528 1040 2565 quae
1056 2515 1204 2552 alicuius
1227 2516 1402 2553 momenti
1424 2515 1556 2553 fuerint
1583 2526 1778 2563 argumen-

271 2584 318 2621 tis
346 2585 520 2622 adversus
552 2585 798 2622 narrationem
826 2588 985 2620 nostram
1017 2583 1268 2620 Herodoteam
1294 2584 1346 2620 sic
1378 2581 1624 2634 perlustratis,
1660 2584 1776 2633 patet,

273 2664 444 2703 expresso
464 2653 671 2690 testimonio
694 2650 863 2689 historico
884 2651 1040 2689 auctoris
1063 2650 1138 2688 fide
1156 2651 1359 2700 dignissimi
1382 2663 1429 2689 ne
1457 2650 1600 2689 unicum
1627 2650 1775 2701 quidem

320 2796 355 2840 ⁸)
380 2796 520 2830 Rennel.
539 2795 564 2832 l.
581 2795 603 2829 l.
622 2807 701 2841 pag.
717 2796 796 2831 702.
842 2793 931 2827 Add.
951 2795 1053 2829 Koes.
1075 2795 1097 2828 1.
1116 2795 1138 2828 l.
1159 2804 1237 2838 pag.
1257 2789 1313 2827 45.

319 2866 372 2910 ⁰)
397 2865 497 2900 Conf.
522 2864 665 2899 Rennel.
689 2864 712 2898 l.
736 2864 758 2898 l.
785 2874 867 2909 pag.
890 2864 958 2899 693
976 2874 1072 2909 seqq.
1120 2863 1226 2897 Koes.
1250 2861 1273 2897 1.
1298 2861 1319 2895 Ι.
1345 2872 1425 2907 pag.
1452 2862 1495 2896 16
1519 2871 1612 2906 seqq.
