1904 3304
32 1038 128 1087 186

465 281 1024 323 MELPOMENE.

149 392 295 448 Βρέων
330 389 462 443 ὁδοῦ,
502 392 575 434 καὶ
612 389 841 445 ἅνθρωποι
878 390 1102 442 οἰκέοντες.
1159 391 1212 434 τά
1243 392 1289 435 δὲ
1318 392 1434 436 οἰκία
1490 422 1507 449 h

178 464 369 509 τούτοισι
408 465 513 504 πᾶσι
554 461 599 505 ἐκ
639 466 727 504 τῶν
766 461 926 504 ἁλίνων
956 462 1155 518 χόνδρων
1185 461 1490 518 οἰκοδομέα-Ξο

1083 283 1146 322 IV.
1352 285 1435 324 611

175 552 259 580 ται.
315 536 452 576 ταῦτα
481 532 563 588 γὰρ
592 533 674 589 ἤδη
704 536 779 588 τῆς
808 531 974 588 Λιβύης
1005 533 1205 590 ἄνομβρά
1233 535 1337 577 ἐστι·
1382 532 1436 577 οὐ

174 607 256 663 γάρ
283 604 340 647 ἂν
368 603 580 658 ἠδυνέατο
610 604 756 658 μένειν
785 605 828 646 οἱ
856 609 994 658 τοῖχοι
1025 605 1167 656 ἐόντες
1198 604 1364 658 ἅλινοι,
1400 607 1436 649 εί

174 672 236 721 ὗε.

295 674 318 719 ὁ
351 675 397 718 δὲ
428 674 502 726 ἃλς
532 674 690 718 αὐτόθι
719 676 792 718 καὶ
821 676 973 726 λευκὸς
1002 677 1075 719 καὶ
1105 675 1358 731 πορφύρεος
1386 675 1435 719 τὸ

145 747 295 798 4εἷδος
334 744 575 799 ὀρύσσεται.
630 744 756 801 Ὑπὲρ
794 746 838 789 δὲ
867 750 942 802 τῆς
972 746 1142 804 ὀφρύης
1170 746 1350 803 ταύτης,
1386 746 1437 790 td

175 818 286 872 πρὸς
317 817 450 860 νότον
479 817 551 859 καὶ
580 815 818 872 μεσόγαιαν
847 820 921 872 τῆς
954 817 1144 873 Λιβύης,
1175 817 1333 873 ἐρῆμος
1362 818 1492 862 καὶ25

176 889 367 942 ἄνυδρος
396 889 468 931 καὶ
501 887 668 944 ἄθηρος
697 887 771 929 καὶ
801 886 1023 942 ἄνομβρος
1053 889 1126 931 καὶ
1156 887 1310 940 ἅξυλός
1340 889 1428 932 ἐστι

174 959 201 1018 ἡ
232 959 369 1016 χώρη’
407 959 481 1002 καὶ
507 958 684 1014 ἰκμάδος
715 957 803 1000 ἐστὶ
832 957 878 1000 ἐν
909 956 1019 1014 αὐτῇ
1049 956 1191 1001 οὐδέν.

118 1343 242 1387 ciunt,
296 1343 517 1386 exstructas,
574 1338 662 1377 viles
700 1339 778 1377 illas

118 1399 265 1447 quidem
288 1402 323 1434 et
345 1396 507 1441 humiles,
532 1400 625 1433 teste
648 1398 778 1433 eodem

117 1453 258 1491 Leone.
321 1453 425 1489 Facit
457 1453 525 1489 huc
554 1452 688 1489 Plinius
719 1452 777 1489 De

117 1509 459 1547 Hammanientibus
477 1508 636 1545 scribens
657 1508 703 1544 H.
726 1507 774 1545 N.

117 1566 164 1611 V,
186 1566 233 1606 5:
287 1565 452 1612 „domos
486 1564 560 1600 sale
595 1565 777 1601 montibus

117 1622 192 1659 suis
213 1622 354 1668 exciso,
385 1634 451 1657 eeu
470 1619 593 1669 lapide
612 1625 778 1657 constru-

120 1680 227 1714 unt.“
269 1677 537 1715 Gerrhaeorum
559 1673 698 1722 άλίνας
719 1676 776 1715 οἰ-

116 1734 207 1780 κίας
227 1734 303 1771 sive
330 1733 439 1770 aedes
466 1746 486 1770 e
515 1732 590 1770 sale
617 1737 774 1769 structas

120 1794 298 1828 memorat
316 1790 451 1826 Strabo
472 1789 560 1826 XVI
586 1801 672 1839 pag.
692 1792 774 1830 766

120 1846 167 1883 Β.
202 1859 231 1883 s.
258 1848 365 1886 1110
388 1845 431 1882 C.
498 1845 695 1883 Rennelius
726 1846 774 1882 ad

117 1901 213 1939 hunc
232 1902 278 1938 de
297 1901 445 1938 aedibus
465 1901 540 1938 sale
560 1902 774 1938 constructis

117 1957 259 2004 locum,
290 1970 398 2006 quem
418 1970 612 2007 perperam
637 1971 672 2007 p.
692 1960 774 1997 660

118 2014 167 2051 ad
200 2014 441 2051 Garamantes
471 2013 589 2050 retulit
610 2014 775 2061 itemque

116 2083 154 2121 p.
180 2072 261 2111 672
291 2070 339 2106 ad
359 2069 571 2116 Atarantes,
612 2082 703 2117 quos
737 2070 775 2105 in

119 2127 198 2163 oasi
222 2126 396 2162 Gadamis
425 2126 587 2162 habitare
610 2125 773 2175 suspica-

70 2175 71 2178 *
118 2186 198 2229 tur,
236 2182 343 2218 affert
363 2182 495 2218 Shawii
515 2182 774 2228 testimonium,

120 2240 215 2275 intra
241 2237 408 2287 Tripolin
442 2250 484 2274 ac
509 2237 775 2275 Mauretaniam

120 2294 204 2331 salis
247 2294 397 2344 reperiri
445 2293 551 2332 colles
591 2294 775 2342 lacusque,

118 2351 311 2401 ipsumque
345 2350 459 2386 solum
494 2350 706 2399 gravidum,
755 2364 775 2387 e

121 2419 192 2455 quo
211 2406 313 2443 multi
334 2406 415 2443 salis
429 2407 547 2443 sontes
564 2406 778 2455 prosiliant3

123 2474 277 2510 eumque
293 2464 405 2500 salem
423 2462 527 2499 valde
548 2463 675 2498 durum
696 2475 776 2499 esse

122 2529 165 2553 ac
195 2517 336 2554 firmum
366 2518 497 2568 lapidis
525 2519 572 2555 ad
602 2519 714 2555 instar
741 2525 778 2555 et

121 2572 219 2608 rubri
247 2574 324 2611 fere
350 2575 499 2620 coloris;
541 2574 661 2611 album
691 2587 778 2611 vero

124 2641 228 2674 eum,
270 2630 331 2677 qui
354 2631 400 2667 de
423 2631 606 2668 montibus
628 2632 778 2678 defluat,

123 2684 214 2720 nivis
246 2685 295 2720 ad
326 2686 440 2723 instar
467 2692 504 2725 et
540 2687 781 2724 amaritudine

124 2744 306 2777 carentem
345 2743 452 2779 omni.
512 2742 569 2780 De
601 2756 673 2792 quo
705 2743 780 2780 sale

125 2794 235 2832 Italus
269 2797 446 2847 interpres
470 2799 579 2837 affert
597 2798 715 2837 locum
738 2811 781 2836 ex

125 2851 319 2889 Alexandr.
347 2853 508 2893 Itinerar.
535 2868 651 2906 nuper
673 2857 781 2894 dete-

126 2912 185 2944 cto
209 2906 245 2958 §.
270 2909 334 2950 52.

288 1028 414 1073 Οὕτω
461 1029 539 1084 μὲν
583 1029 704 1085 μέχρι
749 1032 825 1085 τῆς
867 1030 1129 1084 Τριτωνίδος
1168 1030 1320 1085 λίμνης
1356 1027 1432 1073 ἄπ’

172 1099 398 1157 Αἰγύπτου
437 1099 622 1156 νομάδες
662 1100 742 1143 εἰσὶ
772 1099 1012 1156 κρεοφάγοι
1044 1115 1088 1143 τε
1117 1100 1191 1143 καὶ
1219 1105 1432 1156 γαλακτο-
1489 1111 1619 1137 tonidem

1515 389 1607 418 uuila.
1645 391 1743 426 Supra

1513 432 1569 450 unc
1585 426 1703 452 tertium
1717 427 1765 454 Li-

1492 457 1567 496 byjae
1578 462 1706 488 tractum
1716 468 1766 489 va-

1492 494 1589 520 emas,

1492 1042 1575 1071 Inter
1605 1044 1769 1085 Aegyptum

1492 1082 1523 1104 et
1547 1078 1682 1111 paiudeui
1709 1077 1755 1103 lri

1662 1111 1770 1144 Libyes

1492 1143 1658 1171 Nomades:
1680 1144 1768 1170 absti-

172 1174 301 1217 πόται
340 1172 520 1226 Λίβυες·
578 1172 651 1214 καὶ
688 1170 861 1227 θηλέων
897 1187 941 1214 τε
980 1173 1100 1226 βοῶν
1140 1169 1196 1214 οὕ
1235 1189 1275 1216 τι
1311 1172 1434 1229 γενό-
1490 1184 1564 1240 ἓξὲξ
1590 1186 1769 1240 effecffiglfgg

1570 1233 1578 1248 Ί

891 1340 1015 1378 ταῦτα
1037 1335 1112 1390 γάρ
1137 1335 1217 1389 ἤδη
1241 1341 1312 1388 τῆς
1334 1334 1496 1391 Λιβύης

836 1391 1022 1446 ἅνομβρά
1046 1394 1139 1444 ἐστι]
1180 1396 1375 1434 Verissime
1406 1397 1496 1434 haee

833 1453 926 1489 tradi
950 1464 1160 1497 monemur,
1202 1465 1280 1489 cum
1317 1454 1354 1489 in
1392 1454 1493 1491 hisce

833 1509 1042 1557 regionibus
1071 1508 1157 1545 inde
1189 1521 1211 1545 a
1232 1509 1330 1557 Syrti
1359 1509 1491 1546 minori

835 1564 954 1601 nullae
979 1577 1129 1613 prorsus
1151 1565 1320 1602 decidant
1346 1565 1492 1602 imbres,

834 1621 943 1658 Conf.
981 1620 1136 1659 Rennel.
1179 1633 1264 1670 pag.
1298 1623 1374 1661 671
1412 1635 1491 1670 seq.

832 1676 953 1714 Ritter
980 1675 1098 1712 Erdk.
1132 1675 1148 1712 I
1170 1689 1257 1726 pag.
1290 1679 1409 1717 1026.
1435 1699 1489 1705 ——-

832 1732 891 1770 Ad
925 1733 1036 1770 verba
1072 1729 1114 1771 τὸ
1149 1730 1250 1781 πρός
1280 1729 1396 1772 νότον
1422 1732 1491 1773 καὶ

833 1783 1047 1841 μεσόγαιαν
1070 1790 1168 1826 conf.
1192 1788 1321 1826 Matth.
1343 1790 1407 1830 Gr,
1421 1791 1489 1827 Gr.

833 1843 868 1895 ἓ.
890 1846 972 1886 437
993 1849 1068 1881 not.
1090 1844 1116 1883 4
1140 1858 1225 1895 pag.
1248 1848 1343 1887 818.
1402 1846 1492 1884 Mox

832 1902 958 1952 scripsi
988 1900 1137 1953 ἐρῆμος
1159 1915 1228 1952 pro
1256 1901 1422 1954 ἕρημος,
1450 1906 1492 1940 ut

832 1957 907 2005 lv,
940 1960 1003 1998 18.

972 2046 1004 2084 C
1016 2059 1037 2085 a
1047 2059 1085 2097 p.
1110 2045 1346 2084 CLXXXVI.

890 2123 964 2164 εἶσὶ
981 2122 1201 2177 κρεοφάγοι
1222 2139 1262 2163 τε
1283 2123 1351 2163 καὶ
1373 2126 1490 2177 γαλα-

830 2177 1036 2231 κτοπόται]
1059 2182 1158 2219 Idem
1179 2182 1380 2230 (1656)ῒ11ἱ5
1394 2182 1492 2231 Hip-

830 2243 970 2289 pocrat.
981 2238 1039 2275 De
1050 2251 1126 2275 aer.
1140 2251 1197 2287 aq.
1209 2244 1246 2275 et
1264 2237 1350 2274 loce.
1364 2236 1401 2288 ξ.
1413 2236 1490 2277 94:

833 2292 948 2333 αὐτοὶ
973 2289 1014 2333 δ’
1042 2293 1227 2333 ἐσθίουσι
1252 2293 1347 2345 κρέα
1377 2290 1490 2343 ἑφθά

833 2350 901 2390 καὶ
925 2351 1090 2390 πίνουσι
1109 2347 1208 2402 γάλα
1235 2349 1390 2397 ἵππων,
1429 2349 1491 2387 nbi

831 2407 1018 2445 Herodoti
1048 2407 1147 2444 locus
1172 2420 1246 2443 non
1267 2408 1360 2455 fugit
1381 2409 1495 2444 inter-

832 2468 987 2514 pretem.
1011 2485 1061 2491 -
1084 2463 1173 2500 Mox
1192 2476 1257 2513 pro
1283 2461 1394 2502 οὔτοι
1415 2476 1495 2500 cum

833 2524 985 2557 recentt.
1014 2520 1098 2557 edd.
1123 2520 1207 2557 dedi
1230 2516 1290 2558 οὔ
1315 2535 1370 2558 τι.
1435 2519 1496 2555 Ad

834 2580 1086 2624 argumentum
1118 2575 1184 2612 loci
1224 2577 1319 2613 conf.
1352 2575 1493 2612 Herod.

836 2633 882 2677 11,
906 2631 956 2671 41
981 2636 1019 2669 et
1042 2633 1141 2681 quod
1169 2633 1216 2668 ad
1247 2645 1330 2669 sues
1361 2631 1495 2668 attinet

835 2688 884 2735 ΙΙ,
897 2688 961 2728 47.
982 2687 1078 2725 Add.
1091 2688 1263 2725 Bochart.
1282 2688 1490 2725 Hierozoic.

837 2745 870 2780 II
891 2756 969 2793 cap.
998 2745 1051 2785 57
1076 2757 1161 2795 pag.
1182 2746 1284 2788 703,
1330 2744 1391 2780 ubi
1416 2744 1491 2780 Ae-

837 2802 1006 2850 gyptios,
1051 2800 1274 2850 Aethiopes,
1320 2800 1431 2836 Indos
1470 2811 1493 2835 a

838 2869 904 2893 sue
945 2857 1164 2894 abstinuisse
1210 2856 1331 2893 multis
1371 2855 1495 2894 accitis

838 2913 948 2951 docet
977 2913 1141 2951 testibus.

1138 2969 1190 3009 39
1204 2969 1222 2988 ’¹‘
