1904 3304
421 220 506 259 304
816 218 1281 258 HERODOTI

395 327 565 384 4σφέας
594 327 658 378 δὲ,
692 331 1014 371 Μεταποντῖνοι
1043 327 1239 385 λέγουσι,
1279 328 1321 380 ἐς
1353 329 1556 385 Δελφοὺς
1585 329 1685 384 πέμ·
1751 337 1833 377 288
1902 320 1904 363 Ῐ

422 406 610 451 ψαντας,
642 397 720 441 τὸν
738 397 847 441 θεόν
867 398 1105 452 ἐπειρωτᾶν
1135 398 1160 442 ὅ
1189 416 1230 442 τι
1251 399 1299 442 τὸ
1325 399 1478 455 φάσμα
1504 404 1584 443 τοῦ
1614 398 1688 444 οἷν-
1701 406 1744 442 55

394 470 608 524 5θρώπου
640 471 714 525 εἴη.
761 468 840 524 τὴν
870 468 917 512 δὲ
950 470 1128 525 Πυθίην
1159 470 1297 525 σφέας
1328 471 1519 515 κελεύειν
1547 473 1689 515 πείθε-

423 547 527 585 σθαι
549 544 610 597 τῷ
632 538 840 596 φάσματι·
872 539 1174 595 πειθομένοισι
1200 541 1258 591 δὲ,
1293 541 1472 597 ἄμεινον
1496 545 1691 587 συνοίσε-

424 618 542 655 σθαι.
602 613 675 655 καί
705 624 840 668 σφεας
870 610 1131 666 δεξαμένους
1158 615 1319 664 ταῦτα,
1351 617 1529 670 ποιῆσαι
1560 615 1689 658 ἐπιτε-

393 682 514 725 6λέα.
587 681 675 725 Καὶ
723 687 806 725 νῦν
851 682 999 738 ἕστηκε
1051 681 1234 737 ἀνδριάς
1283 683 1531 739 ἐπωνυμίην
1581 686 1689 740 ἔχων

420 753 645 808 Ἀριστέω,
675 751 780 807 παρ’
816 752 936 812 αὐτῷ
965 756 1028 808 τῷ
1062 752 1274 810 ἀγάλματι
1303 760 1383 798 τοῦ
1411 755 1689 808 Ἀπόλλωνος,
1701 764 1747 798 60

420 825 542 879 πέριξ
581 825 627 868 δὲ
667 823 801 868 αὐτὸν
840 822 1007 879 δάφναι
1037 823 1206 867 ἑστᾶσι·
1255 825 1305 869 τὸ
1350 826 1396 870 δὲ
1436 826 1605 883 ἄγαλμα
1644 828 1690 871 ἐν

419 900 473 954 τῇ
503 895 644 952 ἀγορῇ
675 898 860 950 ἵδρυται.
915 893 1114 950 Ἀριστέω
1147 896 1226 951 μέν
1254 913 1338 939 νυν
1368 897 1468 952 πέρι
1497 902 1690 942 τοσαῦτα

424 968 629 1025 εἰρήσθω.

294 1043 360 1088 16
537 1044 623 1096 Τῆς
653 1038 698 1081 δὲ
727 1041 825 1093 γῆς,
857 1041 932 1093 τῆς
961 1037 1060 1092 πέρι
1090 1037 1162 1081 ὅδε
1193 1035 1216 1080 ὁ
1244 1036 1374 1093 λόγος
1408 1038 1603 1096 ὥρμηται
1627 1040 1690 1084 λέ-

87 1105 366 1176 ξξζῗᾱξᾞζζῆῐξξο·
423 1115 599 1166 γεσθαι,
655 1108 801 1161 οὐδεὶς
843 1108 934 1152 οἶδε
981 1107 1153 1163 ἀτρεκὲς
1200 1108 1225 1153 ὅ
1265 1126 1304 1152 τι
1350 1109 1398 1153 τὸ
1441 1110 1690 1166 κατύπερθέ

85 1174 365 1238 ῗξὲξξξίῑιῑῗῗῐῆοη·
395 1182 528 1225 Ξέστι.
589 1179 770 1233 οὐδενὸς
800 1181 885 1237 γὰρ
925 1180 977 1236 δή
1017 1179 1240 1224 αὐτόπτεω
1283 1180 1444 1224 εἰδέναι
1487 1181 1690 1237 φαμένου

364 1394 477 1430 visam
497 1393 675 1441 (animam
697 1392 793 1440 scil.)
822 1392 1027 1430 evolantem
1088 1392 1268 1443 Πυθίην.
1295 1391 1353 1429 Ad
1374 1393 1487 1430 verba
1511 1396 1642 1432 ποιεῖν
1669 1392 1748 1432 ἐπι-

365 1463 410 1488 ex
429 1463 492 1488 ore
508 1451 544 1486 in
566 1449 824 1496 Proconneso,
855 1450 954 1486 corvi
973 1449 1028 1486 ef-

365 1506 464 1555 figie,
493 1519 639 1555 magna,
659 1519 754 1556 quae
776 1507 951 1555 sequitur,
975 1506 1029 1542 fa-

367 1562 601 1600 bulositate.“
678 1563 736 1600 De
769 1563 942 1599 Zalmoxi
981 1562 1029 1597 si-

366 1619 463 1656 milia
479 1621 687 1656 referuntur
702 1619 764 1665 IV,
782 1619 849 1664 95,
874 1620 934 1655 ubi
952 1618 1025 1655 vid.

366 1679 458 1712 nott.
498 1675 646 1712 Corvum
672 1676 867 1724 Magorum
895 1676 931 1712 in
962 1676 1029 1712 do-

366 1733 483 1769 ctrina
503 1732 710 1780 significare
729 1732 940 1768 sacerdotem
961 1732 1028 1768 So-

366 1788 434 1835 lis,
471 1793 568 1826 teste
592 1788 793 1838 Porphyrio
823 1789 870 1826 de
895 1789 1026 1825 abstin.

364 1845 415 1882 lV
427 1858 464 1895 p.
476 1847 557 1886 399
571 1845 649 1892 (ed.
667 1844 789 1893 Lugd.
802 1845 884 1882 Bat.
903 1846 1028 1892 1620)

365 1902 505 1938 monuit
522 1902 652 1938 Ritter.
680 1901 850 1938 Vorhalle
870 1915 907 1952 p.
927 1904 1027 1941 273:

364 1970 438 2007 quo
465 1958 544 2008 ipso
567 1971 647 1995 cum
675 1958 723 1994 ad
747 1958 872 1995 Asiam
900 1958 1026 1995 Medi-

364 2027 442 2051 cam
476 2014 701 2063 relegemur,
749 2015 934 2052 Aristeam
972 2014 1029 2052 ille

362 2070 437 2107 vult
460 2070 583 2108 haberi
605 2084 671 2121 pro
693 2075 775 2108 vate
802 2084 844 2108 ac
864 2072 1028 2108 ministro

364 2126 484 2174 Solis,
555 2128 799 2177 antiquissimi
856 2129 1027 2174 numinis,

362 2184 462 2232 quod
507 2183 681 2222 Indorum
723 2185 771 2221 sit
813 2184 946 2231 Κοῖος,
996 2198 1024 2223 S.

362 2238 537 2276 Buddlea.
588 2241 693 2284 Quae
722 2242 801 2278 aliis
824 2242 1025 2278 diiudican-

362 2296 411 2333 da
435 2296 622 2345 relinquo,
654 2298 691 2334 id
712 2310 821 2334 unum
840 2298 1027 2344 adficiens,

366 2364 511 2389 corvum
562 2354 709 2389 omnino
763 2366 902 2391 sacram
942 2355 1027 2391 ferri

366 2421 493 2454 avem,
521 2407 772 2458 Apollinisque
795 2411 961 2447 comitem
984 2422 1028 2447 ac

365 2464 581 2511 ministrum,
613 2465 648 2502 in
668 2467 836 2516 auspiciis
855 2468 1027 2516 frequen-

364 2525 450 2558 tem.
489 2520 610 2567 Plura,
641 2534 708 2559 nec
727 2522 796 2559 hoc
817 2522 897 2560 loco
919 2535 1027 2572 prac-

363 2577 553 2624 termisso,
594 2579 620 2614 l.
653 2577 714 2614 Fr.
748 2579 955 2615 Gronovius
989 2580 1026 2615 iu

367 2633 577 2671 Observatt.
607 2634 677 2680 ΙΙΙ,
710 2636 759 2674 19
792 2635 853 2671 fin.
883 2656 938 2663 —
968 2635 1023 2672 Ad

365 2690 477 2727 verba
516 2691 680 2740 proxime
727 2691 919 2740 sequentia
960 2690 1026 2729 καὶ

366 2742 436 2784 τὸν
465 2747 559 2783 conf.
587 2746 655 2792 lv,
703 2750 741 2788 9.
800 2747 914 2784 Paulo
946 2752 1029 2796 post

365 2815 445 2839 cum
465 2807 613 2841 recentt.
628 2804 711 2840 edd.
731 2804 937 2853 scripsimus
955 2801 1000 2853 τὴ
1008 2819 1028 2841 v

365 2855 416 2897 δὲ
441 2859 630 2909 Πυθίην,
660 2860 723 2897 ubi
745 2860 853 2908 vulgo
882 2855 957 2910 τήν
980 2874 1027 2898 τε

1085 1448 1195 1487 τελέα
1215 1450 1309 1487 conf.
1329 1450 1391 1495 111,
1413 1452 1475 1489 16.
1512 1450 1574 1497 lV,
1599 1453 1636 1490 3.

1139 1504 1250 1556 πέριξ
1275 1503 1316 1544 δὲ
1339 1502 1472 1556 αὐτὸν]
1516 1507 1569 1544 Ita
1590 1520 1669 1544 cum
1689 1520 1748 1544 re-

1087 1567 1197 1600 centt.
1225 1563 1309 1600 edd.
1332 1563 1504 1612 reposui,
1545 1576 1623 1599 cum
1648 1563 1749 1613 apud

1086 1619 1318 1656 Herodotum
1335 1619 1460 1655 vocula
1481 1617 1591 1668 πέριξ
1611 1620 1676 1666 (de
1687 1633 1750 1656 cu-

1085 1677 1138 1711 ius
1159 1681 1310 1713 accentu
1333 1675 1483 1712 diximus
1501 1677 1548 1712 ad
1562 1675 1624 1721 ΙΙΙ,
1649 1678 1747 1723 117)

1086 1732 1245 1769 crebrius
1274 1733 1475 1768 inveniatur
1497 1738 1627 1781 quarto
1649 1733 1748 1769 casui

1085 1789 1227 1835 iuncta,
1275 1793 1313 1825 ut
1342 1789 1476 1825 docent
1502 1790 1748 1839 interpretes;

1086 1845 1129 1881 cf.
1151 1844 1178 1891 Ι,
1204 1846 1293 1884 196.
1327 1845 1370 1891 ΙΙ,
1391 1847 1456 1884 29.
1488 1845 1551 1892 ΙΙΙ,
1570 1846 1659 1885 158.
1685 1845 1747 1891 lv,

1085 1903 1151 1941 36.
1180 1902 1244 1941 52.
1266 1904 1332 1941 79.
1355 1903 1434 1941 180
1465 1901 1545 1938 coll.
1568 1902 1632 1948 lv,
1655 1902 1747 1948 152,

1086 1958 1146 1993 ubi
1175 1958 1253 1994 libri
1278 1959 1456 1994 fluctuant
1481 1959 1574 1995 inter
1602 1970 1750 1995 accusa-

1085 2015 1198 2051 tivum
1220 2019 1255 2051 et
1276 2015 1495 2062 genitivum,
1526 2015 1586 2064 qui
1607 2020 1642 2052 et
1666 2015 1748 2063 ipse

1086 2071 1269 2108 invenitur
1290 2071 1316 2117 Ι,
1344 2073 1433 2113 179.
1472 2071 1518 2119 ΙΙ,
1550 2073 1616 2112 91.
1667 2070 1750 2108 No-

1087 2133 1161 2165 stro
1195 2127 1274 2164 loco
1311 2140 1377 2177 pro
1414 2126 1527 2179 πέριξ
1569 2131 1655 2181 sunt
1685 2127 1747 2176 qui

1085 2184 1289 2235 praebeant
1312 2183 1401 2234 περὶ
1428 2189 1464 2222 et
1488 2197 1554 2235 pro
1586 2179 1705 2221 αὐτὸν
1725 2195 1746 2220 e

1084 2241 1266 2277 Sanerofti
1296 2240 1386 2277 libro
1422 2245 1571 2278 notatur
1602 2234 1744 2285 αὐτῶν,

1084 2298 1183 2346 quod
1208 2297 1426 2346 WVesseling.
1446 2296 1571 2334 tenuit.
1599 2317 1655 2322 —
1685 2294 1744 2331 Ad

1084 2358 1339 2402 argumentum
1382 2352 1450 2389 loci
1493 2352 1578 2390 sacit
1613 2352 1743 2390 Athen.

1083 2410 1170 2447 Xlll
1191 2423 1277 2460 pag.
1298 2408 1378 2449 605
1399 2409 1441 2445 C.

1294 2465 1402 2515 Cap.
1435 2465 1531 2502 XVI.

1142 2517 1306 2567 ου’δενὸς
1342 2518 1416 2574 γάρ
1451 2517 1503 2570 δή
1541 2516 1744 2560 αὐτόπτεω

1086 2577 1235 2619 εἰδέναι
1258 2593 1281 2615 κ
1302 2592 1331 2614 τ.
1356 2578 1406 2627 λ.]
1452 2578 1590 2615 Eadem
1611 2577 1744 2614 locutio

1085 2636 1149 2682 ΙΙΙ,
1175 2636 1252 2675 115
1276 2634 1352 2670 coll.
1374 2635 1419 2679 ΙΙ,
1439 2636 1506 2674 29.
1549 2635 1629 2679 vll,
1654 2634 1743 2674 139.
1790 2628 1792 2631 ’

1085 2692 1127 2728 ln
1150 2691 1204 2727 his
1228 2696 1347 2727 autem
1369 2691 1581 2728 enarrandis
1599 2691 1645 2727 de
1662 2689 1745 2726 Ari-

1086 2748 1163 2785 ste&
1181 2748 1301 2795 deque
1318 2748 1487 2796 gentibus
1505 2748 1541 2784 in
1554 2746 1646 2783 illius
1664 2757 1742 2781 car-

1086 2805 1182 2841 mine
1211 2805 1498 2841 commemoratis
1528 2815 1634 2852 quam
1657 2814 1742 2850 pru-

1087 2860 1217 2897 denter
1240 2861 1355 2909 egerit
1374 2861 1607 2901 Herodotus,
1647 2857 1741 2895 bene
