<?xml version="1.0" encoding="UTF-8"?>
<!DOCTYPE html PUBLIC "-//W3C//DTD XHTML 1.0 Transitional//EN"
    "http://www.w3.org/TR/xhtml1/DTD/xhtml1-transitional.dtd">
<html xmlns="http://www.w3.org/1999/xhtml" xml:lang="en" lang="en">
 <head>
  <title>
</title>
<meta http-equiv="Content-Type" content="text/html;charset=utf-8" />
  <meta name='ocr-system' content='tesseract 3.04.00' />
  <meta name='ocr-capabilities' content='ocr_page ocr_carea ocr_par ocr_line ocrx_word'/>
</head>
<body>
  <div class='ocr_page' id='page_1' title='image "./musaeherodoto02hero_0363.png"; bbox 0 0 1904 3304; ppageno 0'>
   <div class='ocr_carea' id='block_1_1' title="bbox 454 251 1015 291">
    <p class='ocr_par' dir='ltr' id='par_1_1' title="bbox 454 251 1015 291">
     <span class='ocr_line' id='line_1_1' title="bbox 454 251 1015 291; baseline 0.004 -3"><span class='ocrx_word' id='word_1_1' title='bbox 454 251 1015 291; x_wconf 88' lang='lat' dir='ltr'>MELPOMENE.</span> 
     </span>
    </p>
   </div>
   <div class='ocr_carea' id='block_1_2' title="bbox 1078 253 1397 295">
    <p class='ocr_par' dir='ltr' id='par_1_2' title="bbox 1078 253 1397 295">
     <span class='ocr_line' id='line_1_2' title="bbox 1078 253 1397 295; baseline 0.016 -4"><span class='ocrx_word' id='word_1_2' title='bbox 1078 253 1141 291; x_wconf 86' lang='lat' dir='ltr'>lV.</span> <span class='ocrx_word' id='word_1_3' title='bbox 1312 256 1397 295; x_wconf 79' lang='lat'>355</span> 
     </span>
    </p>
   </div>
   <div class='ocr_carea' id='block_1_3' title="bbox 124 360 1395 418">
    <p class='ocr_par' dir='ltr' id='par_1_3' title="bbox 124 360 1395 418">
     <span class='ocr_line' id='line_1_3' title="bbox 124 360 1395 418; baseline 0.002 -13"><span class='ocrx_word' id='word_1_4' title='bbox 124 362 313 413; x_wconf 80' lang='grc' dir='ltr'><em>κόλπου,</em></span> <span class='ocrx_word' id='word_1_5' title='bbox 351 363 433 403; x_wconf 87' lang='grc' dir='ltr'>τοῦ</span> <span class='ocrx_word' id='word_1_6' title='bbox 471 360 580 415; x_wconf 83' lang='grc' dir='ltr'><em>πρὸς</em></span> <span class='ocrx_word' id='word_1_7' title='bbox 612 363 797 418; x_wconf 84' lang='grc' dir='ltr'><strong><em>Φοινίκῃ</em></strong></span> <span class='ocrx_word' id='word_1_8' title='bbox 840 363 1063 418; x_wconf 80' lang='grc' dir='ltr'><em>κειμένου,</em></span> <span class='ocrx_word' id='word_1_9' title='bbox 1110 364 1240 407; x_wconf 81' lang='grc' dir='ltr'><strong><em>τείνει</em></strong></span> <span class='ocrx_word' id='word_1_10' title='bbox 1268 363 1321 408; x_wconf 83' lang='grc' dir='ltr'>τὰ</span> <span class='ocrx_word' id='word_1_11' title='bbox 1352 364 1395 418; x_wconf 78' lang='grc' dir='ltr'>ές</span> 
     </span>
    </p>
   </div>
   <div class='ocr_carea' id='block_1_4' title="bbox 97 431 964 491">
    <p class='ocr_par' dir='ltr' id='par_1_4' title="bbox 97 431 964 491">
     <span class='ocr_line' id='line_1_4' title="bbox 97 431 964 491; baseline 0.002 -18"><span class='ocrx_word' id='word_1_12' title='bbox 97 432 356 476; x_wconf 75' lang='grc' dir='ltr'><em>δθάλασσαν</em></span> <span class='ocrx_word' id='word_1_13' title='bbox 391 431 515 487; x_wconf 88' lang='grc' dir='ltr'><em>μέχρι</em></span> <span class='ocrx_word' id='word_1_14' title='bbox 560 435 775 486; x_wconf 80' lang='grc' dir='ltr'><em>Τριοπίου</em></span> <span class='ocrx_word' id='word_1_15' title='bbox 817 432 964 491; x_wconf 80' lang='grc' dir='ltr'><em>ἄκρης.</em></span> 
     </span>
    </p>
   </div>
   <div class='ocr_carea' id='block_1_5' title="bbox 1025 432 1393 492">
    <p class='ocr_par' dir='ltr' id='par_1_5' title="bbox 1025 432 1393 492">
     <span class='ocr_line' id='line_1_5' title="bbox 1025 432 1393 492; baseline -0.005 -14"><span class='ocrx_word' id='word_1_16' title='bbox 1025 434 1153 478; x_wconf 82' lang='grc' dir='ltr'><em>οἰκέει</em></span> <span class='ocrx_word' id='word_1_17' title='bbox 1184 432 1224 476; x_wconf 79' lang='grc' dir='ltr'>δ’</span> <span class='ocrx_word' id='word_1_18' title='bbox 1264 433 1312 477; x_wconf 78' lang='grc' dir='ltr'>ἐν</span> <span class='ocrx_word' id='word_1_19' title='bbox 1341 438 1393 492; x_wconf 86' lang='grc' dir='ltr'>τῇ</span> 
     </span>
    </p>
   </div>
   <div class='ocr_carea' id='block_1_6' title="bbox 123 500 1396 561">
    <p class='ocr_par' dir='ltr' id='par_1_6' title="bbox 123 500 1396 561">
     <span class='ocr_line' id='line_1_6' title="bbox 123 500 1396 561; baseline 0.002 -15"><span class='ocrx_word' id='word_1_20' title='bbox 123 501 231 559; x_wconf 75' lang='grc' dir='ltr'><em>ἀκτῇ</em></span> <span class='ocrx_word' id='word_1_21' title='bbox 259 500 397 559; x_wconf 83' lang='grc' dir='ltr'><em>ταύτῃ</em></span> <span class='ocrx_word' id='word_1_22' title='bbox 428 503 557 546; x_wconf 79' lang='grc' dir='ltr'><em>ἔθνεα</em></span> <span class='ocrx_word' id='word_1_23' title='bbox 588 501 841 559; x_wconf 73' lang='grc' dir='ltr'><em>ἀνθρώπων</em></span> <span class='ocrx_word' id='word_1_24' title='bbox 870 504 1121 561; x_wconf 79' lang='grc' dir='ltr'><em>τριήκοντα.</em></span> <span class='ocrx_word' id='word_1_25' title='bbox 1174 504 1284 561; x_wconf 81' lang='grc' dir='ltr'><em>αὕτη</em></span> <span class='ocrx_word' id='word_1_26' title='bbox 1314 505 1396 560; x_wconf 87' lang='grc' dir='ltr'>μέν</span> 
     </span>
    </p>
   </div>
   <div class='ocr_carea' id='block_1_7' title="bbox 6 570 1393 704">
    <p class='ocr_par' dir='ltr' id='par_1_7' title="bbox 6 570 1393 704">
     <span class='ocr_line' id='line_1_7' title="bbox 6 570 774 630; baseline 0.005 -15"><span class='ocrx_word' id='word_1_27' title='bbox 6 577 63 623; x_wconf 74' lang='grc'>39</span> <span class='ocrx_word' id='word_1_28' title='bbox 120 588 203 616; x_wconf 88' lang='grc' dir='ltr'>νυν</span> <span class='ocrx_word' id='word_1_29' title='bbox 239 570 266 628; x_wconf 86' lang='grc' dir='ltr'><strong><em>ἡ</em></strong></span> <span class='ocrx_word' id='word_1_30' title='bbox 307 572 431 630; x_wconf 80' lang='grc' dir='ltr'><em>ἑτέρη</em></span> <span class='ocrx_word' id='word_1_31' title='bbox 469 578 557 618; x_wconf 83' lang='grc' dir='ltr'>τῶν</span> <span class='ocrx_word' id='word_1_32' title='bbox 595 573 774 619; x_wconf 78' lang='grc' dir='ltr'><em>ἀκτέων.</em></span> 
     </span>
     <span class='ocr_line' id='line_1_8' title="bbox 122 643 1393 704; baseline 0.002 -17"><span class='ocrx_word' id='word_1_33' title='bbox 122 644 325 698; x_wconf 83' lang='grc' dir='ltr'><em>Περσέων</em></span> <span class='ocrx_word' id='word_1_34' title='bbox 363 643 603 702; x_wconf 77' lang='grc' dir='ltr'><em>ἀρξαμένη,</em></span> <span class='ocrx_word' id='word_1_35' title='bbox 646 647 938 702; x_wconf 82' lang='grc' dir='ltr'><em>παρατέταται</em></span> <span class='ocrx_word' id='word_1_36' title='bbox 979 648 1022 698; x_wconf 79' lang='grc' dir='ltr'>ἐς</span> <span class='ocrx_word' id='word_1_37' title='bbox 1059 646 1141 704; x_wconf 76' lang='grc' dir='ltr'>τήν</span> <span class='ocrx_word' id='word_1_38' title='bbox 1170 646 1393 703; x_wconf 77' lang='grc' dir='ltr'><em>Ἐρυθρὴν</em></span> 
     </span>
    </p>
   </div>
   <div class='ocr_carea' id='block_1_8' title="bbox 840 574 1436 632">
    <p class='ocr_par' dir='ltr' id='par_1_8' title="bbox 840 574 1436 632">
     <span class='ocr_line' id='line_1_9' title="bbox 840 574 1436 632; baseline -0.002 -14"><span class='ocrx_word' id='word_1_39' title='bbox 840 574 896 618; x_wconf 91' lang='grc' dir='ltr'><em>Ἡ</em></span> <span class='ocrx_word' id='word_1_40' title='bbox 922 576 969 619; x_wconf 80' lang='grc' dir='ltr'>δὲ</span> <span class='ocrx_word' id='word_1_41' title='bbox 1010 574 1063 632; x_wconf 80' lang='grc' dir='ltr'>δὴ</span> <span class='ocrx_word' id='word_1_42' title='bbox 1103 576 1248 631; x_wconf 81' lang='grc' dir='ltr'><em>ἑτέρη,</em></span> <span class='ocrx_word' id='word_1_43' title='bbox 1292 574 1378 620; x_wconf 77' lang='grc' dir='ltr'>ἀπὸ</span> <span class='ocrx_word' id='word_1_44' title='bbox 1393 580 1436 617; x_wconf 80' lang='grc'>45</span> 
     </span>
    </p>
   </div>
   <div class='ocr_carea' id='block_1_9' title="bbox 121 715 1388 775">
    <p class='ocr_par' dir='ltr' id='par_1_9' title="bbox 121 715 1388 775">
     <span class='ocr_line' id='line_1_10' title="bbox 121 715 1388 775; baseline 0.003 -16"><span class='ocrx_word' id='word_1_45' title='bbox 121 715 371 759; x_wconf 78' lang='grc' dir='ltr'><em>θάλασσαν·</em></span> <span class='ocrx_word' id='word_1_46' title='bbox 418 716 445 772; x_wconf 79' lang='grc' dir='ltr'>ἥ</span> <span class='ocrx_word' id='word_1_47' title='bbox 475 733 519 760; x_wconf 85' lang='grc' dir='ltr'>τε</span> <span class='ocrx_word' id='word_1_48' title='bbox 553 719 768 775; x_wconf 78' lang='grc' dir='ltr'><em>Περσική,</em></span> <span class='ocrx_word' id='word_1_49' title='bbox 808 719 880 762; x_wconf 84' lang='grc' dir='ltr'>καὶ</span> <span class='ocrx_word' id='word_1_50' title='bbox 910 716 937 773; x_wconf 85' lang='grc' dir='ltr'><strong><em>ἡ</em></strong></span> <span class='ocrx_word' id='word_1_51' title='bbox 967 716 1052 760; x_wconf 85' lang='grc' dir='ltr'>α’πό</span> <span class='ocrx_word' id='word_1_52' title='bbox 1084 718 1246 774; x_wconf 79' lang='grc' dir='ltr'><em>ταύτης</em></span> <span class='ocrx_word' id='word_1_53' title='bbox 1278 719 1388 763; x_wconf 79' lang='grc' dir='ltr'><strong>ἐκδε-</strong></span> 
     </span>
    </p>
   </div>
   <div class='ocr_carea' id='block_1_10' title="bbox 68 809 246 815">
    <p class='ocr_par' dir='ltr' id='par_1_10' title="bbox 68 809 246 815">
     <span class='ocr_line' id='line_1_11' title="bbox 68 809 246 815; baseline 0 0"><span class='ocrx_word' id='word_1_54' title='bbox 68 809 246 815; x_wconf 95' lang='lat' dir='ltr'> </span> 
     </span>
    </p>
   </div>
   <div class='ocr_carea' id='block_1_11' title="bbox 2 856 727 2835">
    <p class='ocr_par' dir='ltr' id='par_1_11' title="bbox 59 856 727 2210">
     <span class='ocr_line' id='line_1_12' title="bbox 63 856 727 913; baseline 0.003 -15"><span class='ocrx_word' id='word_1_55' title='bbox 63 862 158 898; x_wconf 88' lang='lat' dir='ltr'>inter</span> <span class='ocrx_word' id='word_1_56' title='bbox 177 856 276 913; x_wconf 74' lang='grc' dir='ltr'>οἷκτή</span> <span class='ocrx_word' id='word_1_57' title='bbox 298 869 334 900; x_wconf 90' lang='lat' dir='ltr'>et</span> <span class='ocrx_word' id='word_1_58' title='bbox 352 859 587 913; x_wconf 84' lang='grc' dir='ltr'><em>χερσόνησος</em></span> <span class='ocrx_word' id='word_1_59' title='bbox 599 864 727 900; x_wconf 82' lang='lat' dir='ltr'>statuit</span> 
     </span>
     <span class='ocr_line' id='line_1_13' title="bbox 63 917 726 969; baseline 0.003 -15"><span class='ocrx_word' id='word_1_60' title='bbox 63 917 274 965; x_wconf 82' lang='lat' dir='ltr'>discrimen,</span> <span class='ocrx_word' id='word_1_61' title='bbox 313 919 410 956; x_wconf 90' lang='lat' dir='ltr'>haud</span> <span class='ocrx_word' id='word_1_62' title='bbox 439 932 553 968; x_wconf 87' lang='lat' dir='ltr'>usque</span> <span class='ocrx_word' id='word_1_63' title='bbox 579 932 726 969; x_wconf 84' lang='lat' dir='ltr'>quaque</span> 
     </span>
     <span class='ocr_line' id='line_1_14' title="bbox 64 973 724 1014; baseline 0.003 -3"><span class='ocrx_word' id='word_1_64' title='bbox 64 973 184 1012; x_wconf 81' lang='lat' dir='ltr'>valere</span> <span class='ocrx_word' id='word_1_65' title='bbox 206 975 292 1012; x_wconf 87' lang='lat' dir='ltr'>illud</span> <span class='ocrx_word' id='word_1_66' title='bbox 313 977 484 1013; x_wconf 85' lang='lat' dir='ltr'>observat</span> <span class='ocrx_word' id='word_1_67' title='bbox 502 976 724 1014; x_wconf 81' lang='lat' dir='ltr'>Dahlmanu.</span> 
     </span>
     <span class='ocr_line' id='line_1_15' title="bbox 63 1030 724 1082; baseline 0.003 -14"><span class='ocrx_word' id='word_1_68' title='bbox 63 1030 205 1069; x_wconf 88' lang='lat' dir='ltr'><strong>Herod.</strong></span> <span class='ocrx_word' id='word_1_69' title='bbox 223 1044 309 1082; x_wconf 87' lang='lat' dir='ltr'>pag.</span> <span class='ocrx_word' id='word_1_70' title='bbox 330 1033 394 1072; x_wconf 80' lang='lat'>84.</span> <span class='ocrx_word' id='word_1_71' title='bbox 440 1032 508 1070; x_wconf 86' lang='lat' dir='ltr'>Cr.</span> <span class='ocrx_word' id='word_1_72' title='bbox 529 1034 577 1069; x_wconf 90' lang='lat' dir='ltr'>ad</span> <span class='ocrx_word' id='word_1_73' title='bbox 598 1046 724 1070; x_wconf 86' lang='lat' dir='ltr'>vocem</span> 
     </span>
     <span class='ocr_line' id='line_1_16' title="bbox 64 1082 723 1138; baseline 0.002 -13"><span class='ocrx_word' id='word_1_74' title='bbox 64 1082 164 1137; x_wconf 74' lang='grc' dir='ltr'>οἷκτή</span> <span class='ocrx_word' id='word_1_75' title='bbox 205 1089 401 1138; x_wconf 82' lang='lat' dir='ltr'>adscripsit</span> <span class='ocrx_word' id='word_1_76' title='bbox 442 1089 526 1126; x_wconf 82' lang='lat' dir='ltr'>&#39;she</span> <span class='ocrx_word' id='word_1_77' title='bbox 561 1089 723 1126; x_wconf 79' lang='lat' dir='ltr'>classicai</span> 
     </span>
     <span class='ocr_line' id='line_1_17' title="bbox 61 1143 723 1196; baseline 0.006 -16"><span class='ocrx_word' id='word_1_78' title='bbox 61 1143 213 1181; x_wconf 83' lang='lat' dir='ltr'>Journal</span> <span class='ocrx_word' id='word_1_79' title='bbox 234 1145 315 1182; x_wconf 88' lang='lat' dir='ltr'>Vol.</span> <span class='ocrx_word' id='word_1_80' title='bbox 337 1146 389 1181; x_wconf 86' lang='lat' dir='ltr'>IX</span> <span class='ocrx_word' id='word_1_81' title='bbox 415 1159 451 1196; x_wconf 89' lang='lat' dir='ltr'>p.</span> <span class='ocrx_word' id='word_1_82' title='bbox 472 1147 553 1186; x_wconf 74' lang='lat'>327</span> <span class='ocrx_word' id='word_1_83' title='bbox 575 1159 652 1195; x_wconf 88' lang='lat' dir='ltr'>seq.</span> <span class='ocrx_word' id='word_1_84' title='bbox 672 1169 723 1173; x_wconf 97' lang='lat'><strong>—</strong></span> 
     </span>
     <span class='ocr_line' id='line_1_18' title="bbox 63 1201 723 1252; baseline 0.005 -14"><span class='ocrx_word' id='word_1_85' title='bbox 63 1201 375 1250; x_wconf 76' lang='grc' dir='ltr'><em>Μυριανδρικοῦ</em></span> <span class='ocrx_word' id='word_1_86' title='bbox 389 1203 533 1252; x_wconf 83' lang='lat' dir='ltr'>reposui</span> <span class='ocrx_word' id='word_1_87' title='bbox 546 1216 625 1239; x_wconf 84' lang='lat' dir='ltr'>cum</span> <span class='ocrx_word' id='word_1_88' title='bbox 639 1203 723 1241; x_wconf 86' lang='lat' dir='ltr'>edd.</span> 
     </span>
     <span class='ocr_line' id='line_1_19' title="bbox 62 1257 724 1309; baseline 0.005 -15"><span class='ocrx_word' id='word_1_89' title='bbox 62 1262 214 1294; x_wconf 86' lang='lat' dir='ltr'>recentt.</span> <span class='ocrx_word' id='word_1_90' title='bbox 255 1257 358 1295; x_wconf 83' lang='lat' dir='ltr'><strong>Libri</strong></span> <span class='ocrx_word' id='word_1_91' title='bbox 383 1260 506 1309; x_wconf 87' lang='lat' dir='ltr'>scripti</span> <span class='ocrx_word' id='word_1_92' title='bbox 525 1260 724 1297; x_wconf 76' lang='lat' dir='ltr'>admodum</span> 
     </span>
     <span class='ocr_line' id='line_1_20' title="bbox 62 1314 725 1366; baseline 0.006 -17"><span class='ocrx_word' id='word_1_93' title='bbox 62 1314 227 1360; x_wconf 78' lang='lat' dir='ltr'>variant,</span> <span class='ocrx_word' id='word_1_94' title='bbox 258 1327 410 1362; x_wconf 84' lang='lat' dir='ltr'>quorum</span> <span class='ocrx_word' id='word_1_95' title='bbox 446 1315 504 1351; x_wconf 89' lang='lat' dir='ltr'>alii</span> <span class='ocrx_word' id='word_1_96' title='bbox 538 1318 725 1366; x_wconf 48' lang='lat' dir='ltr'>Magnana-</span> 
     </span>
     <span class='ocr_line' id='line_1_21' title="bbox 65 1369 723 1422; baseline 0 -14"><span class='ocrx_word' id='word_1_97' title='bbox 65 1369 182 1408; x_wconf 80' lang='grc' dir='ltr'><em>δικοῦ</em></span> <span class='ocrx_word' id='word_1_98' title='bbox 222 1371 396 1407; x_wconf 55' lang='lat' dir='ltr'>exhibent</span> <span class='ocrx_word' id='word_1_99' title='bbox 445 1371 564 1421; x_wconf 80' lang='lat' dir='ltr'>(quod</span> <span class='ocrx_word' id='word_1_100' title='bbox 607 1373 723 1422; x_wconf 85' lang='lat' dir='ltr'>ipsum</span> 
     </span>
     <span class='ocr_line' id='line_1_22' title="bbox 64 1427 725 1475; baseline 0.005 -13"><span class='ocrx_word' id='word_1_101' title='bbox 64 1433 215 1463; x_wconf 74' lang='lat' dir='ltr'>tenuere</span> <span class='ocrx_word' id='word_1_102' title='bbox 234 1427 336 1463; x_wconf 83' lang='lat' dir='ltr'><strong>Reiz.</strong></span> <span class='ocrx_word' id='word_1_103' title='bbox 359 1433 394 1464; x_wconf 91' lang='lat' dir='ltr'>et</span> <span class='ocrx_word' id='word_1_104' title='bbox 412 1428 635 1475; x_wconf 79' lang='lat' dir='ltr'>Matthiae),</span> <span class='ocrx_word' id='word_1_105' title='bbox 667 1429 725 1465; x_wconf 89' lang='lat' dir='ltr'>alii</span> 
     </span>
     <span class='ocr_line' id='line_1_23' title="bbox 63 1479 725 1534; baseline 0.006 -14"><span class='ocrx_word' id='word_1_106' title='bbox 63 1479 367 1532; x_wconf 75' lang='grc' dir='ltr'><em>Μαριανὸύων,</em></span> <span class='ocrx_word' id='word_1_107' title='bbox 415 1496 444 1520; x_wconf 91' lang='lat' dir='ltr'>s.</span> <span class='ocrx_word' id='word_1_108' title='bbox 485 1486 725 1534; x_wconf 77' lang='grc' dir='ltr'><em>Μαριανδυ-</em></span> 
     </span>
     <span class='ocr_line' id='line_1_24' title="bbox 61 1538 725 1590; baseline 0.002 -14"><span class='ocrx_word' id='word_1_109' title='bbox 61 1541 172 1585; x_wconf 75' lang='grc' dir='ltr'><em>νῶν,</em></span> <span class='ocrx_word' id='word_1_110' title='bbox 213 1538 273 1576; x_wconf 76' lang='lat' dir='ltr'>alii</span> <span class='ocrx_word' id='word_1_111' title='bbox 305 1541 627 1590; x_wconf 82' lang='grc' dir='ltr'><em>Μαριανδηνῶν.</em></span> <span class='ocrx_word' id='word_1_112' title='bbox 676 1541 725 1578; x_wconf 86' lang='lat' dir='ltr'>At</span> 
     </span>
     <span class='ocr_line' id='line_1_25' title="bbox 62 1593 723 1646; baseline 0.003 -14"><span class='ocrx_word' id='word_1_113' title='bbox 62 1593 336 1646; x_wconf 72' lang='lat' dir='ltr'><em>Mariandynus</em></span> <span class='ocrx_word' id='word_1_114' title='bbox 384 1598 484 1633; x_wconf 86' lang='lat' dir='ltr'>sinus</span> <span class='ocrx_word' id='word_1_115' title='bbox 532 1597 602 1634; x_wconf 87' lang='lat' dir='ltr'>hue</span> <span class='ocrx_word' id='word_1_116' title='bbox 648 1611 723 1634; x_wconf 90' lang='lat' dir='ltr'>non</span> 
     </span>
     <span class='ocr_line' id='line_1_26' title="bbox 60 1652 723 1702; baseline 0.005 -14"><span class='ocrx_word' id='word_1_117' title='bbox 60 1652 240 1702; x_wconf 80' lang='lat' dir='ltr'>pertinet3</span> <span class='ocrx_word' id='word_1_118' title='bbox 271 1652 333 1701; x_wconf 89' lang='lat' dir='ltr'>qui</span> <span class='ocrx_word' id='word_1_119' title='bbox 362 1652 399 1689; x_wconf 92' lang='lat' dir='ltr'>in</span> <span class='ocrx_word' id='word_1_120' title='bbox 418 1653 615 1702; x_wconf 79' lang='lat' dir='ltr'>Bithyniae</span> <span class='ocrx_word' id='word_1_121' title='bbox 646 1667 723 1701; x_wconf 85' lang='lat' dir='ltr'>ora,</span> 
     </span>
     <span class='ocr_line' id='line_1_27' title="bbox 63 1707 723 1759; baseline 0.006 -15"><span class='ocrx_word' id='word_1_122' title='bbox 63 1708 121 1744; x_wconf 86' lang='lat' dir='ltr'>ubi</span> <span class='ocrx_word' id='word_1_123' title='bbox 135 1721 225 1757; x_wconf 91' lang='lat' dir='ltr'>gens</span> <span class='ocrx_word' id='word_1_124' title='bbox 237 1707 567 1759; x_wconf 68' lang='lat' dir='ltr'>Blariandynorum</span> <span class='ocrx_word' id='word_1_125' title='bbox 581 1716 635 1748; x_wconf 90' lang='lat' dir='ltr'>est</span> <span class='ocrx_word' id='word_1_126' title='bbox 660 1711 723 1757; x_wconf 79' lang='lat' dir='ltr'>(de</span> 
     </span>
     <span class='ocr_line' id='line_1_28' title="bbox 61 1766 722 1817; baseline 0.008 -18"><span class='ocrx_word' id='word_1_127' title='bbox 61 1776 132 1813; x_wconf 91' lang='lat' dir='ltr'>qua</span> <span class='ocrx_word' id='word_1_128' title='bbox 161 1767 254 1803; x_wconf 89' lang='lat' dir='ltr'>conf.</span> <span class='ocrx_word' id='word_1_129' title='bbox 284 1766 321 1812; x_wconf 88' lang='grc' dir='ltr'>Ι,</span> <span class='ocrx_word' id='word_1_130' title='bbox 350 1768 418 1807; x_wconf 73' lang='grc'>28.</span> <span class='ocrx_word' id='word_1_131' title='bbox 449 1766 518 1814; x_wconf 87' lang='grc' dir='ltr'><strong>ΙΙΙ,</strong></span> <span class='ocrx_word' id='word_1_132' title='bbox 550 1769 602 1807; x_wconf 83' lang='grc'>90</span> <span class='ocrx_word' id='word_1_133' title='bbox 635 1768 722 1817; x_wconf 90' lang='lat' dir='ltr'>ibiq.</span> 
     </span>
     <span class='ocr_line' id='line_1_29' title="bbox 59 1819 722 1873; baseline 0.006 -17"><span class='ocrx_word' id='word_1_134' title='bbox 59 1819 198 1870; x_wconf 62' lang='lat' dir='ltr'>nott),</span> <span class='ocrx_word' id='word_1_135' title='bbox 258 1823 464 1872; x_wconf 86' lang='lat' dir='ltr'>fluviusque</span> <span class='ocrx_word' id='word_1_136' title='bbox 523 1824 722 1873; x_wconf 84' lang='lat' dir='ltr'>Sangarius</span> 
     </span>
     <span class='ocr_line' id='line_1_30' title="bbox 59 1878 722 1930; baseline 0.005 -17"><span class='ocrx_word' id='word_1_137' title='bbox 59 1878 149 1914; x_wconf 84' lang='lat' dir='ltr'>mari</span> <span class='ocrx_word' id='word_1_138' title='bbox 162 1879 343 1925; x_wconf 91' lang='lat' dir='ltr'>miscetur,</span> <span class='ocrx_word' id='word_1_139' title='bbox 361 1881 602 1928; x_wconf 88' lang='lat' dir='ltr'>quaerendus.</span> <span class='ocrx_word' id='word_1_140' title='bbox 633 1879 684 1918; x_wconf 87' lang='lat' dir='ltr'><strong><em>M</em></strong></span> <span class='ocrx_word' id='word_1_141' title='bbox 679 1894 722 1930; x_wconf 75' lang='lat' dir='ltr'>y-</span> 
     </span>
     <span class='ocr_line' id='line_1_31' title="bbox 59 1934 721 1974; baseline 0.008 -5"><span class='ocrx_word' id='word_1_142' title='bbox 59 1934 267 1970; x_wconf 72' lang='lat' dir='ltr'>riandricus</span> <span class='ocrx_word' id='word_1_143' title='bbox 304 1936 404 1973; x_wconf 89' lang='lat' dir='ltr'>sinus</span> <span class='ocrx_word' id='word_1_144' title='bbox 434 1936 470 1973; x_wconf 86' lang='lat' dir='ltr'>in</span> <span class='ocrx_word' id='word_1_145' title='bbox 503 1937 721 1974; x_wconf 76' lang='lat' dir='ltr'>phoeniciae</span> 
     </span>
     <span class='ocr_line' id='line_1_32' title="bbox 59 1990 720 2042; baseline 0.008 -17"><span class='ocrx_word' id='word_1_146' title='bbox 59 2002 102 2026; x_wconf 85' lang='lat' dir='ltr'>ac</span> <span class='ocrx_word' id='word_1_147' title='bbox 132 1990 261 2039; x_wconf 76' lang='lat' dir='ltr'>Syriae</span> <span class='ocrx_word' id='word_1_148' title='bbox 294 1992 458 2028; x_wconf 84' lang='lat' dir='ltr'>confiniis</span> <span class='ocrx_word' id='word_1_149' title='bbox 491 1995 720 2042; x_wconf 86' lang='lat' dir='ltr'>quaerendus</span> 
     </span>
     <span class='ocr_line' id='line_1_33' title="bbox 59 2046 722 2099; baseline 0.006 -17"><span class='ocrx_word' id='word_1_150' title='bbox 59 2046 226 2093; x_wconf 85' lang='lat' dir='ltr'>videtur,</span> <span class='ocrx_word' id='word_1_151' title='bbox 257 2048 345 2084; x_wconf 85' lang='lat' dir='ltr'>item</span> <span class='ocrx_word' id='word_1_152' title='bbox 367 2049 521 2086; x_wconf 85' lang='lat' dir='ltr'>forsitan</span> <span class='ocrx_word' id='word_1_153' title='bbox 544 2051 604 2099; x_wconf 91' lang='lat' dir='ltr'>qui</span> <span class='ocrx_word' id='word_1_154' title='bbox 632 2050 722 2086; x_wconf 67' lang='lat' dir='ltr'>Issi-</span> 
     </span>
     <span class='ocr_line' id='line_1_34' title="bbox 59 2105 721 2156; baseline 0.005 -18"><span class='ocrx_word' id='word_1_155' title='bbox 59 2115 119 2138; x_wconf 81' lang='lat' dir='ltr'>cus</span> <span class='ocrx_word' id='word_1_156' title='bbox 140 2115 287 2152; x_wconf 87' lang='lat' dir='ltr'>quoque</span> <span class='ocrx_word' id='word_1_157' title='bbox 309 2109 471 2142; x_wconf 87' lang='lat' dir='ltr'>vocatur.</span> <span class='ocrx_word' id='word_1_158' title='bbox 511 2105 609 2143; x_wconf 78' lang='lat' dir='ltr'>Nam</span> <span class='ocrx_word' id='word_1_159' title='bbox 632 2105 721 2156; x_wconf 69' lang='lat' dir='ltr'>My-</span> 
     </span>
     <span class='ocr_line' id='line_1_35' title="bbox 59 2159 720 2210; baseline 0.005 -14"><span class='ocrx_word' id='word_1_160' title='bbox 59 2159 244 2206; x_wconf 79' lang='lat' dir='ltr'>riandrus,</span> <span class='ocrx_word' id='word_1_161' title='bbox 276 2161 407 2210; x_wconf 73' lang='lat' dir='ltr'>Syriae</span> <span class='ocrx_word' id='word_1_162' title='bbox 429 2162 527 2209; x_wconf 88' lang='lat' dir='ltr'>urbs,</span> <span class='ocrx_word' id='word_1_163' title='bbox 561 2163 720 2200; x_wconf 89' lang='lat' dir='ltr'>Phoeni-</span> 
     </span>
    </p>

    <p class='ocr_par' dir='ltr' id='par_1_12' title="bbox 2 2217 721 2835">
     <span class='ocr_line' id='line_1_36' title="bbox 59 2217 721 2268; baseline 0.006 -16"><span class='ocrx_word' id='word_1_164' title='bbox 59 2228 161 2262; x_wconf 87' lang='lat' dir='ltr'>cum,</span> <span class='ocrx_word' id='word_1_165' title='bbox 190 2222 227 2253; x_wconf 90' lang='lat' dir='ltr'>ut</span> <span class='ocrx_word' id='word_1_166' title='bbox 251 2217 409 2264; x_wconf 88' lang='lat' dir='ltr'>videtur,</span> <span class='ocrx_word' id='word_1_167' title='bbox 442 2220 654 2268; x_wconf 84' lang='lat' dir='ltr'>emporium,</span> <span class='ocrx_word' id='word_1_168' title='bbox 683 2220 721 2256; x_wconf 88' lang='lat' dir='ltr'>in</span> 
     </span>
     <span class='ocr_line' id='line_1_37' title="bbox 2 2264 719 2313; baseline 0.007 -6"><span class='ocrx_word' id='word_1_169' title='bbox 2 2264 3 2270; x_wconf 38' lang='lat'>¹</span> <span class='ocrx_word' id='word_1_170' title='bbox 60 2271 120 2308; x_wconf 90' lang='lat' dir='ltr'>illo</span> <span class='ocrx_word' id='word_1_171' title='bbox 142 2273 219 2310; x_wconf 87' lang='lat' dir='ltr'>fere</span> <span class='ocrx_word' id='word_1_172' title='bbox 236 2278 352 2311; x_wconf 87' lang='lat' dir='ltr'>tractu</span> <span class='ocrx_word' id='word_1_173' title='bbox 371 2280 603 2312; x_wconf 87' lang='lat' dir='ltr'>memoratur.</span> <span class='ocrx_word' id='word_1_174' title='bbox 633 2275 719 2313; x_wconf 91' lang='lat' dir='ltr'>Vid.</span> 
     </span>
     <span class='ocr_line' id='line_1_38' title="bbox 60 2328 718 2383; baseline 0.003 -18"><span class='ocrx_word' id='word_1_175' title='bbox 60 2328 188 2378; x_wconf 85' lang='lat' dir='ltr'>Steph.</span> <span class='ocrx_word' id='word_1_176' title='bbox 226 2330 342 2379; x_wconf 81' lang='lat' dir='ltr'>Byz.‚</span> <span class='ocrx_word' id='word_1_177' title='bbox 390 2345 418 2368; x_wconf 89' lang='lat' dir='ltr'>s.</span> <span class='ocrx_word' id='word_1_178' title='bbox 447 2345 504 2378; x_wconf 85' lang='lat' dir='ltr'>V.,</span> <span class='ocrx_word' id='word_1_179' title='bbox 549 2333 718 2383; x_wconf 89' lang='lat' dir='ltr'>Xenoph.</span> 
     </span>
     <span class='ocr_line' id='line_1_39' title="bbox 60 2382 720 2435; baseline 0.009 -15"><span class='ocrx_word' id='word_1_180' title='bbox 60 2382 179 2422; x_wconf 85' lang='lat' dir='ltr'>Anab.</span> <span class='ocrx_word' id='word_1_181' title='bbox 199 2386 239 2433; x_wconf 92' lang='lat' dir='ltr'>I,</span> <span class='ocrx_word' id='word_1_182' title='bbox 269 2388 305 2427; x_wconf 79' lang='lat'>4.</span> <span class='ocrx_word' id='word_1_183' title='bbox 326 2389 374 2435; x_wconf 88' lang='lat'>6,</span> <span class='ocrx_word' id='word_1_184' title='bbox 405 2388 466 2425; x_wconf 90' lang='lat' dir='ltr'>ubi</span> <span class='ocrx_word' id='word_1_185' title='bbox 492 2389 641 2426; x_wconf 86' lang='lat' dir='ltr'>aliorum</span> <span class='ocrx_word' id='word_1_186' title='bbox 662 2395 720 2426; x_wconf 85' lang='lat' dir='ltr'>te-</span> 
     </span>
     <span class='ocr_line' id='line_1_40' title="bbox 62 2442 719 2495; baseline 0.008 -18"><span class='ocrx_word' id='word_1_187' title='bbox 62 2442 231 2478; x_wconf 86' lang='lat' dir='ltr'>stimonia</span> <span class='ocrx_word' id='word_1_188' title='bbox 250 2443 371 2481; x_wconf 85' lang='lat' dir='ltr'>attulit</span> <span class='ocrx_word' id='word_1_189' title='bbox 392 2445 564 2494; x_wconf 86' lang='lat' dir='ltr'>Kriiger.,</span> <span class='ocrx_word' id='word_1_190' title='bbox 585 2447 646 2495; x_wconf 89' lang='lat' dir='ltr'>qui</span> <span class='ocrx_word' id='word_1_191' title='bbox 664 2452 719 2482; x_wconf 92' lang='lat' dir='ltr'>ta-</span> 
     </span>
     <span class='ocr_line' id='line_1_41' title="bbox 62 2500 718 2551; baseline 0.011 -18"><span class='ocrx_word' id='word_1_192' title='bbox 62 2509 145 2533; x_wconf 85' lang='lat' dir='ltr'>men</span> <span class='ocrx_word' id='word_1_193' title='bbox 182 2500 281 2547; x_wconf 91' lang='lat' dir='ltr'>quod</span> <span class='ocrx_word' id='word_1_194' title='bbox 312 2502 554 2551; x_wconf 61' lang='lat' dir='ltr'>Mvpiavdov</span> <span class='ocrx_word' id='word_1_195' title='bbox 586 2503 718 2540; x_wconf 88' lang='lat' dir='ltr'>rectius</span> 
     </span>
     <span class='ocr_line' id='line_1_42' title="bbox 61 2553 717 2607; baseline 0.015 -19"><span class='ocrx_word' id='word_1_196' title='bbox 61 2553 184 2589; x_wconf 75' lang='lat' dir='ltr'>f·›rsan</span> <span class='ocrx_word' id='word_1_197' title='bbox 205 2555 309 2591; x_wconf 85' lang='lat' dir='ltr'>scribi</span> <span class='ocrx_word' id='word_1_198' title='bbox 330 2563 466 2606; x_wconf 89' lang='lat' dir='ltr'>censet,</span> <span class='ocrx_word' id='word_1_199' title='bbox 490 2572 600 2607; x_wconf 89' lang='lat' dir='ltr'>quam</span> <span class='ocrx_word' id='word_1_200' title='bbox 623 2561 717 2597; x_wconf 84' lang='grc' dir='ltr'>Μυ-</span> 
     </span>
     <span class='ocr_line' id='line_1_43' title="bbox 63 2608 718 2663; baseline 0.012 -18"><span class='ocrx_word' id='word_1_201' title='bbox 63 2608 274 2659; x_wconf 84' lang='grc' dir='ltr'><em>ρίανὸρον,</em></span> <span class='ocrx_word' id='word_1_202' title='bbox 298 2612 334 2648; x_wconf 91' lang='lat' dir='ltr'>in</span> <span class='ocrx_word' id='word_1_203' title='bbox 355 2626 398 2651; x_wconf 88' lang='lat' dir='ltr'>eo</span> <span class='ocrx_word' id='word_1_204' title='bbox 422 2628 567 2663; x_wconf 79' lang='lat' dir='ltr'>vereor,</span> <span class='ocrx_word' id='word_1_205' title='bbox 598 2620 638 2652; x_wconf 92' lang='lat' dir='ltr'>ut</span> <span class='ocrx_word' id='word_1_206' title='bbox 659 2629 718 2652; x_wconf 87' lang='lat' dir='ltr'>as-</span> 
     </span>
     <span class='ocr_line' id='line_1_44' title="bbox 62 2666 719 2721; baseline 0.012 -20"><span class='ocrx_word' id='word_1_207' title='bbox 62 2666 187 2702; x_wconf 88' lang='lat' dir='ltr'>sentiri</span> <span class='ocrx_word' id='word_1_208' title='bbox 209 2667 354 2715; x_wconf 88' lang='lat' dir='ltr'>possim.</span> <span class='ocrx_word' id='word_1_209' title='bbox 385 2671 608 2708; x_wconf 80' lang='lat' dir='ltr'>Memoratur</span> <span class='ocrx_word' id='word_1_210' title='bbox 628 2685 719 2721; x_wconf 91' lang='lat' dir='ltr'>quo-</span> 
     </span>
     <span class='ocr_line' id='line_1_45' title="bbox 62 2724 718 2775; baseline 0.015 -19"><span class='ocrx_word' id='word_1_211' title='bbox 62 2734 135 2771; x_wconf 85' lang='lat' dir='ltr'>que</span> <span class='ocrx_word' id='word_1_212' title='bbox 164 2724 428 2775; x_wconf 55' lang='lat' dir='ltr'>quiavffpog</span> <span class='ocrx_word' id='word_1_213' title='bbox 459 2729 543 2765; x_wconf 86' lang='lat' dir='ltr'>urbs</span> <span class='ocrx_word' id='word_1_214' title='bbox 562 2728 718 2767; x_wconf 88' lang='lat' dir='ltr'>Phoeni-</span> 
     </span>
     <span class='ocr_line' id='line_1_46' title="bbox 61 2780 718 2835; baseline 0.015 -22"><span class='ocrx_word' id='word_1_215' title='bbox 61 2791 142 2814; x_wconf 86' lang='lat' dir='ltr'>cum</span> <span class='ocrx_word' id='word_1_216' title='bbox 162 2780 260 2828; x_wconf 85' lang='lat' dir='ltr'>apud</span> <span class='ocrx_word' id='word_1_217' title='bbox 281 2780 417 2828; x_wconf 55' lang='lat' dir='ltr'>Scy-lac.</span> <span class='ocrx_word' id='word_1_218' title='bbox 431 2782 563 2833; x_wconf 89' lang='lat' dir='ltr'>Peripl.</span> <span class='ocrx_word' id='word_1_219' title='bbox 584 2782 621 2835; x_wconf 55' lang='grc' dir='ltr'>ἕ.</span> <span class='ocrx_word' id='word_1_220' title='bbox 639 2790 718 2828; x_wconf 81' lang='lat'>102</span> 
     </span>
    </p>
   </div>
   <div class='ocr_carea' id='block_1_12' title="bbox 62 2832 719 2947">
    <p class='ocr_par' dir='ltr' id='par_1_13' title="bbox 62 2832 719 2947">
     <span class='ocr_line' id='line_1_47' title="bbox 62 2832 719 2894; baseline 0.015 -25"><span class='ocrx_word' id='word_1_221' title='bbox 62 2832 117 2885; x_wconf 90' lang='lat' dir='ltr'>(p.</span> <span class='ocrx_word' id='word_1_222' title='bbox 151 2834 206 2874; x_wconf 82' lang='lat'>40</span> <span class='ocrx_word' id='word_1_223' title='bbox 246 2835 363 2873; x_wconf 84' lang='lat' dir='ltr'>Huds.</span> <span class='ocrx_word' id='word_1_224' title='bbox 400 2852 434 2888; x_wconf 89' lang='lat' dir='ltr'>p.</span> <span class='ocrx_word' id='word_1_225' title='bbox 470 2842 546 2880; x_wconf 83' lang='lat'>301</span> <span class='ocrx_word' id='word_1_226' title='bbox 589 2840 719 2894; x_wconf 85' lang='lat' dir='ltr'>Gail.),</span> 
     </span>
     <span class='ocr_line' id='line_1_48' title="bbox 62 2891 719 2947; baseline 0.017 -21"><span class='ocrx_word' id='word_1_227' title='bbox 62 2891 122 2927; x_wconf 91' lang='lat' dir='ltr'>ubi</span> <span class='ocrx_word' id='word_1_228' title='bbox 153 2891 241 2928; x_wconf 89' lang='lat' dir='ltr'>alios</span> <span class='ocrx_word' id='word_1_229' title='bbox 267 2897 377 2931; x_wconf 86' lang='lat' dir='ltr'>testes</span> <span class='ocrx_word' id='word_1_230' title='bbox 405 2896 621 2947; x_wconf 82' lang='lat' dir='ltr'>interpretes</span> <span class='ocrx_word' id='word_1_231' title='bbox 641 2898 719 2936; x_wconf 86' lang='lat' dir='ltr'>lau-</span> 
     </span>
    </p>
   </div>
   <div class='ocr_carea' id='block_1_13' title="bbox 775 860 1450 2996">
    <p class='ocr_par' dir='ltr' id='par_1_14' title="bbox 781 860 1450 1312">
     <span class='ocr_line' id='line_1_49' title="bbox 784 860 1449 908; baseline 0.003 -9"><span class='ocrx_word' id='word_1_232' title='bbox 784 864 930 900; x_wconf 86' lang='lat' dir='ltr'>darunt.</span> <span class='ocrx_word' id='word_1_233' title='bbox 969 860 1092 908; x_wconf 85' lang='lat' dir='ltr'>Nunc,</span> <span class='ocrx_word' id='word_1_234' title='bbox 1115 861 1301 901; x_wconf 84' lang='lat' dir='ltr'>Larchero</span> <span class='ocrx_word' id='word_1_235' title='bbox 1322 865 1449 902; x_wconf 87' lang='lat' dir='ltr'>obser-</span> 
     </span>
     <span class='ocr_line' id='line_1_50' title="bbox 784 917 1450 968; baseline 0.005 -13"><span class='ocrx_word' id='word_1_236' title='bbox 784 924 907 965; x_wconf 86' lang='lat' dir='ltr'>vante,</span> <span class='ocrx_word' id='word_1_237' title='bbox 928 917 979 955; x_wconf 89' lang='lat' dir='ltr'><strong><em>M</em></strong></span> <span class='ocrx_word' id='word_1_238' title='bbox 975 919 1208 968; x_wconf 74' lang='lat' dir='ltr'>yriandrz&#39;cus</span> <span class='ocrx_word' id='word_1_239' title='bbox 1221 920 1287 957; x_wconf 89' lang='lat' dir='ltr'>sin.</span> <span class='ocrx_word' id='word_1_240' title='bbox 1299 927 1450 958; x_wconf 77' lang='lat' dir='ltr'>vocatur</span> 
     </span>
     <span class='ocr_line' id='line_1_51' title="bbox 783 974 1446 1027; baseline 0.002 -14"><span class='ocrx_word' id='word_1_241' title='bbox 783 977 985 1013; x_wconf 65' lang='lat' dir='ltr'>Aa&#39;asse.—</span> <span class='ocrx_word' id='word_1_242' title='bbox 1021 974 1080 1013; x_wconf 91' lang='lat' dir='ltr'>De</span> <span class='ocrx_word' id='word_1_243' title='bbox 1103 975 1248 1026; x_wconf 77' lang='lat' dir='ltr'>Trz&#39;opio</span> <span class='ocrx_word' id='word_1_244' title='bbox 1271 990 1446 1027; x_wconf 85' lang='lat' dir='ltr'>promon-</span> 
     </span>
     <span class='ocr_line' id='line_1_52' title="bbox 781 1033 1446 1080; baseline 0.002 -10"><span class='ocrx_word' id='word_1_245' title='bbox 781 1034 875 1070; x_wconf 86' lang='lat' dir='ltr'>torio</span> <span class='ocrx_word' id='word_1_246' title='bbox 900 1033 974 1069; x_wconf 78' lang='lat' dir='ltr'>vid.</span> <span class='ocrx_word' id='word_1_247' title='bbox 996 1037 1088 1069; x_wconf 73' lang='lat' dir='ltr'>nott.</span> <span class='ocrx_word' id='word_1_248' title='bbox 1107 1034 1156 1069; x_wconf 88' lang='lat' dir='ltr'>ad</span> <span class='ocrx_word' id='word_1_249' title='bbox 1179 1034 1205 1080; x_wconf 90' lang='lat' dir='ltr'>l,</span> <span class='ocrx_word' id='word_1_250' title='bbox 1239 1033 1328 1074; x_wconf 80' lang='lat'>144.</span> <span class='ocrx_word' id='word_1_251' title='bbox 1355 1033 1446 1074; x_wconf 81' lang='lat'>174.</span> 
     </span>
     <span class='ocr_line' id='line_1_53' title="bbox 783 1086 1449 1142; baseline -0.002 -14"><span class='ocrx_word' id='word_1_252' title='bbox 783 1086 884 1139; x_wconf 79' lang='grc' dir='ltr'><em>πρός</em></span> <span class='ocrx_word' id='word_1_253' title='bbox 901 1089 1073 1142; x_wconf 82' lang='grc' dir='ltr'><em>Φοινίκῃ</em></span> <span class='ocrx_word' id='word_1_254' title='bbox 1093 1103 1172 1127; x_wconf 87' lang='lat' dir='ltr'>cum</span> <span class='ocrx_word' id='word_1_255' title='bbox 1192 1095 1345 1127; x_wconf 86' lang='lat' dir='ltr'>recentt.</span> <span class='ocrx_word' id='word_1_256' title='bbox 1363 1092 1449 1128; x_wconf 90' lang='lat' dir='ltr'>edd.</span> 
     </span>
     <span class='ocr_line' id='line_1_54' title="bbox 783 1146 1450 1197; baseline 0.003 -14"><span class='ocrx_word' id='word_1_257' title='bbox 783 1147 974 1192; x_wconf 87' lang='lat' dir='ltr'>dedimus,</span> <span class='ocrx_word' id='word_1_258' title='bbox 1005 1159 1086 1183; x_wconf 89' lang='lat' dir='ltr'>cum</span> <span class='ocrx_word' id='word_1_259' title='bbox 1117 1146 1228 1184; x_wconf 86' lang='lat' dir='ltr'>etiam</span> <span class='ocrx_word' id='word_1_260' title='bbox 1253 1148 1351 1197; x_wconf 87' lang='lat' dir='ltr'>apud</span> <span class='ocrx_word' id='word_1_261' title='bbox 1374 1147 1450 1185; x_wconf 85' lang='lat' dir='ltr'>Xe-</span> 
     </span>
     <span class='ocr_line' id='line_1_55' title="bbox 783 1201 1449 1258; baseline 0.005 -19"><span class='ocrx_word' id='word_1_262' title='bbox 783 1203 1009 1253; x_wconf 88' lang='lat' dir='ltr'>nophontem</span> <span class='ocrx_word' id='word_1_263' title='bbox 1033 1202 1055 1239; x_wconf 94' lang='lat' dir='ltr'>l.</span> <span class='ocrx_word' id='word_1_264' title='bbox 1080 1201 1101 1239; x_wconf 95' lang='grc' dir='ltr'>Ι.</span> <span class='ocrx_word' id='word_1_265' title='bbox 1132 1208 1273 1241; x_wconf 85' lang='lat' dir='ltr'>exstet:</span> <span class='ocrx_word' id='word_1_266' title='bbox 1315 1202 1379 1242; x_wconf 78' lang='grc' dir='ltr'>ἐπὶ</span> <span class='ocrx_word' id='word_1_267' title='bbox 1399 1206 1449 1258; x_wconf 82' lang='grc' dir='ltr'>τῇ</span> 
     </span>
     <span class='ocr_line' id='line_1_56' title="bbox 783 1254 1448 1312; baseline 0 -14"><span class='ocrx_word' id='word_1_268' title='bbox 783 1254 984 1312; x_wconf 78' lang='grc' dir='ltr'><em>θαλάσσῃ,</em></span> <span class='ocrx_word' id='word_1_269' title='bbox 1003 1260 1024 1295; x_wconf 90' lang='lat' dir='ltr'>i.</span> <span class='ocrx_word' id='word_1_270' title='bbox 1037 1272 1067 1296; x_wconf 64' lang='lat' dir='ltr'>e.</span> <span class='ocrx_word' id='word_1_271' title='bbox 1080 1272 1201 1309; x_wconf 80' lang='lat' dir='ltr'>prope,</span> <span class='ocrx_word' id='word_1_272' title='bbox 1224 1261 1328 1297; x_wconf 72' lang='lat' dir='ltr'>iuxta</span> <span class='ocrx_word' id='word_1_273' title='bbox 1341 1273 1448 1299; x_wconf 79' lang='lat' dir='ltr'>mare.</span> 
     </span>
    </p>

    <p class='ocr_par' dir='ltr' id='par_1_15' title="bbox 781 1311 1448 1534">
     <span class='ocr_line' id='line_1_57' title="bbox 840 1311 1448 1368; baseline 0.003 -14"><span class='ocrx_word' id='word_1_274' title='bbox 840 1315 963 1354; x_wconf 77' lang='grc' dir='ltr'><em>ἔθνεα</em></span> <span class='ocrx_word' id='word_1_275' title='bbox 996 1311 1232 1365; x_wconf 73' lang='grc' dir='ltr'><em>ἄνθρῶπων</em></span> <span class='ocrx_word' id='word_1_276' title='bbox 1259 1313 1448 1368; x_wconf 78' lang='grc' dir='ltr'><em>τριήκον-</em></span> 
     </span>
     <span class='ocr_line' id='line_1_58' title="bbox 781 1371 1447 1423; baseline 0.003 -13"><span class='ocrx_word' id='word_1_277' title='bbox 781 1371 856 1422; x_wconf 85' lang='grc' dir='ltr'><em>τα]</em></span> <span class='ocrx_word' id='word_1_278' title='bbox 902 1373 1023 1422; x_wconf 87' lang='lat' dir='ltr'>Supra</span> <span class='ocrx_word' id='word_1_279' title='bbox 1059 1372 1097 1419; x_wconf 93' lang='lat' dir='ltr'>I,</span> <span class='ocrx_word' id='word_1_280' title='bbox 1138 1374 1192 1412; x_wconf 82' lang='lat'>28</span> <span class='ocrx_word' id='word_1_281' title='bbox 1228 1373 1350 1423; x_wconf 86' lang='lat' dir='ltr'>plures</span> <span class='ocrx_word' id='word_1_282' title='bbox 1383 1374 1447 1412; x_wconf 86' lang='lat' dir='ltr'>ha-</span> 
     </span>
     <span class='ocr_line' id='line_1_59' title="bbox 781 1429 1448 1477; baseline 0.004 -12"><span class='ocrx_word' id='word_1_283' title='bbox 781 1442 861 1465; x_wconf 91' lang='lat' dir='ltr'>rum</span> <span class='ocrx_word' id='word_1_284' title='bbox 911 1429 1075 1477; x_wconf 88' lang='lat' dir='ltr'>gentium</span> <span class='ocrx_word' id='word_1_285' title='bbox 1126 1430 1305 1467; x_wconf 89' lang='lat' dir='ltr'>nominari</span> <span class='ocrx_word' id='word_1_286' title='bbox 1341 1436 1448 1468; x_wconf 86' lang='lat' dir='ltr'>notat</span> 
     </span>
     <span class='ocr_line' id='line_1_60' title="bbox 781 1485 986 1534; baseline 0.005 -13"><span class='ocrx_word' id='word_1_287' title='bbox 781 1485 986 1534; x_wconf 84' lang='lat' dir='ltr'>Schweigh.</span> 
     </span>
    </p>

    <p class='ocr_par' dir='ltr' id='par_1_16' title="bbox 951 1540 1264 1589">
     <span class='ocr_line' id='line_1_61' title="bbox 951 1540 1264 1589; baseline 0 -11"><span class='ocrx_word' id='word_1_288' title='bbox 951 1542 1060 1589; x_wconf 90' lang='lat' dir='ltr'>Cap.</span> <span class='ocrx_word' id='word_1_289' title='bbox 1092 1540 1264 1578; x_wconf 80' lang='lat' dir='ltr'>XXXIX.</span> 
     </span>
    </p>

    <p class='ocr_par' dir='ltr' id='par_1_17' title="bbox 778 1594 1447 1984">
     <span class='ocr_line' id='line_1_62' title="bbox 836 1594 1445 1647; baseline 0 -11"><span class='ocrx_word' id='word_1_290' title='bbox 836 1594 946 1636; x_wconf 78' lang='grc' dir='ltr'>Ἡὸὲ</span> <span class='ocrx_word' id='word_1_291' title='bbox 977 1595 1089 1647; x_wconf 76' lang='grc' dir='ltr'><em>ἑτέρη</em></span> <span class='ocrx_word' id='word_1_292' title='bbox 1117 1611 1151 1635; x_wconf 80' lang='grc' dir='ltr'>κ.</span> <span class='ocrx_word' id='word_1_293' title='bbox 1183 1611 1215 1635; x_wconf 91' lang='grc' dir='ltr'><em>τ.</em></span> <span class='ocrx_word' id='word_1_294' title='bbox 1251 1600 1308 1643; x_wconf 83' lang='grc' dir='ltr'>λ.]</span> <span class='ocrx_word' id='word_1_295' title='bbox 1362 1598 1445 1636; x_wconf 82' lang='lat' dir='ltr'>Vid.</span> 
     </span>
     <span class='ocr_line' id='line_1_63' title="bbox 780 1649 1445 1706; baseline 0.009 -17"><span class='ocrx_word' id='word_1_296' title='bbox 780 1660 872 1690; x_wconf 83' lang='lat' dir='ltr'>nott.</span> <span class='ocrx_word' id='word_1_297' title='bbox 898 1654 948 1690; x_wconf 87' lang='lat' dir='ltr'>ad</span> <span class='ocrx_word' id='word_1_298' title='bbox 968 1653 1031 1700; x_wconf 89' lang='lat' dir='ltr'>lV,</span> <span class='ocrx_word' id='word_1_299' title='bbox 1065 1655 1130 1693; x_wconf 78' lang='lat'>38.</span> <span class='ocrx_word' id='word_1_300' title='bbox 1157 1676 1208 1683; x_wconf 84' lang='lat'><strong>—</strong></span> <span class='ocrx_word' id='word_1_301' title='bbox 1240 1649 1445 1706; x_wconf 77' lang='grc' dir='ltr'><em>Ἐρυθρήν</em></span> 
     </span>
     <span class='ocr_line' id='line_1_64' title="bbox 781 1705 1447 1750; baseline 0.003 -2"><span class='ocrx_word' id='word_1_302' title='bbox 781 1705 995 1749; x_wconf 46' lang='grc' dir='ltr'><em>’θάλασσαν</em></span> <span class='ocrx_word' id='word_1_303' title='bbox 1025 1709 1081 1747; x_wconf 88' lang='lat' dir='ltr'>vel</span> <span class='ocrx_word' id='word_1_304' title='bbox 1099 1709 1279 1747; x_wconf 75' lang='lat' dir='ltr'>Persicum</span> <span class='ocrx_word' id='word_1_305' title='bbox 1310 1711 1447 1750; x_wconf 74' lang='lat' dir='ltr'>velIn—</span> 
     </span>
     <span class='ocr_line' id='line_1_65' title="bbox 782 1767 1445 1807; baseline 0.005 -4"><span class='ocrx_word' id='word_1_306' title='bbox 782 1767 899 1804; x_wconf 72' lang='lat' dir='ltr'>dicum</span> <span class='ocrx_word' id='word_1_307' title='bbox 920 1780 1021 1804; x_wconf 88' lang='lat' dir='ltr'>mare</span> <span class='ocrx_word' id='word_1_308' title='bbox 1039 1779 1119 1804; x_wconf 85' lang='lat' dir='ltr'>esse</span> <span class='ocrx_word' id='word_1_309' title='bbox 1141 1770 1269 1804; x_wconf 85' lang='lat' dir='ltr'>statuit</span> <span class='ocrx_word' id='word_1_310' title='bbox 1288 1769 1445 1807; x_wconf 87' lang='lat' dir='ltr'>Rennel.</span> 
     </span>
     <span class='ocr_line' id='line_1_66' title="bbox 779 1823 1443 1874; baseline 0.003 -14"><span class='ocrx_word' id='word_1_311' title='bbox 779 1837 864 1874; x_wconf 90' lang='lat' dir='ltr'>pag.</span> <span class='ocrx_word' id='word_1_312' title='bbox 885 1824 981 1865; x_wconf 81' lang='grc'>454.</span> <span class='ocrx_word' id='word_1_313' title='bbox 1022 1823 1084 1860; x_wconf 91' lang='lat' dir='ltr'>Tu</span> <span class='ocrx_word' id='word_1_314' title='bbox 1103 1826 1199 1863; x_wconf 82' lang='lat' dir='ltr'>cons.</span> <span class='ocrx_word' id='word_1_315' title='bbox 1223 1825 1351 1874; x_wconf 75' lang='lat' dir='ltr'>Heyse</span> <span class='ocrx_word' id='word_1_316' title='bbox 1375 1826 1396 1862; x_wconf 90' lang='lat' dir='ltr'>l.</span> <span class='ocrx_word' id='word_1_317' title='bbox 1421 1826 1443 1863; x_wconf 95' lang='grc' dir='ltr'>Ι.</span> 
     </span>
     <span class='ocr_line' id='line_1_67' title="bbox 778 1882 1444 1930; baseline 0.005 -13"><span class='ocrx_word' id='word_1_318' title='bbox 778 1893 865 1930; x_wconf 87' lang='lat' dir='ltr'>pag.</span> <span class='ocrx_word' id='word_1_319' title='bbox 901 1883 980 1922; x_wconf 85' lang='lat'>103</span> <span class='ocrx_word' id='word_1_320' title='bbox 1024 1885 1062 1918; x_wconf 88' lang='lat' dir='ltr'>et</span> <span class='ocrx_word' id='word_1_321' title='bbox 1100 1886 1194 1918; x_wconf 83' lang='lat' dir='ltr'>nott.</span> <span class='ocrx_word' id='word_1_322' title='bbox 1225 1883 1273 1918; x_wconf 90' lang='lat' dir='ltr'>ad</span> <span class='ocrx_word' id='word_1_323' title='bbox 1304 1882 1444 1920; x_wconf 85' lang='lat' dir='ltr'>Herod.</span> 
     </span>
     <span class='ocr_line' id='line_1_68' title="bbox 778 1937 1033 1984; baseline 0 -11"><span class='ocrx_word' id='word_1_324' title='bbox 778 1937 850 1984; x_wconf 89' lang='lat' dir='ltr'>lV,</span> <span class='ocrx_word' id='word_1_325' title='bbox 881 1939 935 1978; x_wconf 85' lang='lat'>37</span> <span class='ocrx_word' id='word_1_326' title='bbox 954 1938 1033 1974; x_wconf 87' lang='lat' dir='ltr'>init.</span> 
     </span>
    </p>

    <p class='ocr_par' dir='ltr' id='par_1_18' title="bbox 775 1990 1444 2950">
     <span class='ocr_line' id='line_1_69' title="bbox 835 1990 1442 2046; baseline 0.007 -15"><span class='ocrx_word' id='word_1_327' title='bbox 835 1991 864 2042; x_wconf 75' lang='grc' dir='ltr'>ἤ</span> <span class='ocrx_word' id='word_1_328' title='bbox 906 2009 946 2032; x_wconf 83' lang='grc' dir='ltr'>τε</span> <span class='ocrx_word' id='word_1_329' title='bbox 976 1990 1177 2043; x_wconf 74' lang='grc' dir='ltr'><em>Περσική,</em></span> <span class='ocrx_word' id='word_1_330' title='bbox 1208 1993 1275 2034; x_wconf 80' lang='grc' dir='ltr'>καὶ.</span> <span class='ocrx_word' id='word_1_331' title='bbox 1304 1994 1333 2046; x_wconf 73' lang='grc' dir='ltr'><em>ἦ</em></span> <span class='ocrx_word' id='word_1_332' title='bbox 1361 1992 1442 2035; x_wconf 59' lang='lat' dir='ltr'>ebro*</span> 
     </span>
     <span class='ocr_line' id='line_1_70' title="bbox 778 2046 1444 2100; baseline 0.002 -12"><span class='ocrx_word' id='word_1_333' title='bbox 778 2046 925 2100; x_wconf 78' lang='grc' dir='ltr'><em>ταύτης</em></span> <span class='ocrx_word' id='word_1_334' title='bbox 946 2065 982 2088; x_wconf 83' lang='grc' dir='ltr'>κ.</span> <span class='ocrx_word' id='word_1_335' title='bbox 1006 2066 1036 2088; x_wconf 93' lang='grc' dir='ltr'>τ.</span> <span class='ocrx_word' id='word_1_336' title='bbox 1059 2052 1108 2095; x_wconf 82' lang='grc' dir='ltr'>λ.]</span> <span class='ocrx_word' id='word_1_337' title='bbox 1141 2051 1334 2089; x_wconf 87' lang='lat' dir='ltr'>Sententia</span> <span class='ocrx_word' id='word_1_338' title='bbox 1355 2054 1444 2089; x_wconf 89' lang='lat' dir='ltr'>scri-</span> 
     </span>
     <span class='ocr_line' id='line_1_71' title="bbox 777 2106 1443 2157; baseline 0.003 -14"><span class='ocrx_word' id='word_1_339' title='bbox 777 2108 894 2157; x_wconf 89' lang='lat' dir='ltr'>ptoris</span> <span class='ocrx_word' id='word_1_340' title='bbox 943 2106 1034 2143; x_wconf 85' lang='lat' dir='ltr'>haec</span> <span class='ocrx_word' id='word_1_341' title='bbox 1081 2111 1158 2144; x_wconf 83' lang='lat' dir='ltr'>est:</span> <span class='ocrx_word' id='word_1_342' title='bbox 1215 2107 1284 2145; x_wconf 87' lang='lat' dir='ltr'>hac</span> <span class='ocrx_word' id='word_1_343' title='bbox 1329 2109 1443 2147; x_wconf 84' lang='lat' dir='ltr'>altera</span> 
     </span>
     <span class='ocr_line' id='line_1_72' title="bbox 778 2163 1441 2215; baseline 0.003 -15"><span class='ocrx_word' id='word_1_344' title='bbox 778 2164 887 2200; x_wconf 86' lang='lat' dir='ltr'>Asiae</span> <span class='ocrx_word' id='word_1_345' title='bbox 918 2163 1132 2212; x_wconf 70' lang='lat' dir='ltr'>paeninsula</span> <span class='ocrx_word' id='word_1_346' title='bbox 1166 2165 1343 2201; x_wconf 84' lang='lat' dir='ltr'>contineri</span> <span class='ocrx_word' id='word_1_347' title='bbox 1364 2167 1441 2215; x_wconf 88' lang='lat' dir='ltr'>pri-</span> 
     </span>
     <span class='ocr_line' id='line_1_73' title="bbox 777 2219 1443 2271; baseline 0.006 -15"><span class='ocrx_word' id='word_1_348' title='bbox 777 2233 875 2256; x_wconf 89' lang='lat' dir='ltr'>mum</span> <span class='ocrx_word' id='word_1_349' title='bbox 903 2219 1112 2265; x_wconf 83' lang='lat' dir='ltr'>Persidem,</span> <span class='ocrx_word' id='word_1_350' title='bbox 1153 2220 1308 2267; x_wconf 85' lang='lat' dir='ltr'>deinde,</span> <span class='ocrx_word' id='word_1_351' title='bbox 1349 2235 1443 2271; x_wconf 77' lang='lat' dir='ltr'>quae</span> 
     </span>
     <span class='ocr_line' id='line_1_74' title="bbox 779 2277 1442 2327; baseline 0.003 -14"><span class='ocrx_word' id='word_1_352' title='bbox 779 2289 858 2313; x_wconf 80' lang='lat' dir='ltr'>eam</span> <span class='ocrx_word' id='word_1_353' title='bbox 900 2278 1070 2313; x_wconf 89' lang='lat' dir='ltr'>continuo</span> <span class='ocrx_word' id='word_1_354' title='bbox 1109 2277 1287 2326; x_wconf 86' lang='lat' dir='ltr'>excipiat,</span> <span class='ocrx_word' id='word_1_355' title='bbox 1330 2278 1442 2327; x_wconf 72' lang='lat' dir='ltr'>Assy-</span> 
     </span>
     <span class='ocr_line' id='line_1_75' title="bbox 776 2334 1443 2386; baseline 0.004 -17"><span class='ocrx_word' id='word_1_356' title='bbox 776 2334 887 2379; x_wconf 89' lang='lat' dir='ltr'>riam,</span> <span class='ocrx_word' id='word_1_357' title='bbox 937 2339 975 2370; x_wconf 85' lang='lat' dir='ltr'>et</span> <span class='ocrx_word' id='word_1_358' title='bbox 1019 2346 1114 2382; x_wconf 90' lang='lat' dir='ltr'>quae</span> <span class='ocrx_word' id='word_1_359' title='bbox 1151 2334 1237 2371; x_wconf 89' lang='lat' dir='ltr'>inde</span> <span class='ocrx_word' id='word_1_360' title='bbox 1279 2336 1443 2386; x_wconf 88' lang='lat' dir='ltr'>incipiat,</span> 
     </span>
     <span class='ocr_line' id='line_1_76' title="bbox 775 2389 1441 2436; baseline 0.005 -10"><span class='ocrx_word' id='word_1_361' title='bbox 775 2389 969 2436; x_wconf 88' lang='lat' dir='ltr'>Arabiam,</span> <span class='ocrx_word' id='word_1_362' title='bbox 999 2390 1050 2427; x_wconf 89' lang='lat' dir='ltr'>ita</span> <span class='ocrx_word' id='word_1_363' title='bbox 1069 2394 1109 2426; x_wconf 88' lang='lat' dir='ltr'>ut</span> <span class='ocrx_word' id='word_1_364' title='bbox 1128 2392 1343 2429; x_wconf 85' lang='lat' dir='ltr'>terminetur</span> <span class='ocrx_word' id='word_1_365' title='bbox 1361 2393 1441 2429; x_wconf 90' lang='lat' dir='ltr'>sinu</span> 
     </span>
     <span class='ocr_line' id='line_1_77' title="bbox 776 2445 1439 2497; baseline 0.005 -14"><span class='ocrx_word' id='word_1_366' title='bbox 776 2445 946 2483; x_wconf 88' lang='lat' dir='ltr'>Arabico.</span> <span class='ocrx_word' id='word_1_367' title='bbox 976 2447 1148 2497; x_wconf 76' lang='lat' dir='ltr'>Assyriae</span> <span class='ocrx_word' id='word_1_368' title='bbox 1172 2452 1293 2485; x_wconf 88' lang='lat' dir='ltr'>autem</span> <span class='ocrx_word' id='word_1_369' title='bbox 1308 2461 1439 2486; x_wconf 87' lang='lat' dir='ltr'>nomen</span> 
     </span>
     <span class='ocr_line' id='line_1_78' title="bbox 776 2503 1440 2555; baseline 0.003 -16"><span class='ocrx_word' id='word_1_370' title='bbox 776 2503 880 2540; x_wconf 83' lang='lat' dir='ltr'>latius</span> <span class='ocrx_word' id='word_1_371' title='bbox 900 2507 1027 2553; x_wconf 87' lang='lat' dir='ltr'>patere</span> <span class='ocrx_word' id='word_1_372' title='bbox 1043 2516 1262 2551; x_wconf 88' lang='lat' dir='ltr'>omnemque</span> <span class='ocrx_word' id='word_1_373' title='bbox 1278 2505 1440 2555; x_wconf 86' lang='lat' dir='ltr'>Babylo-</span> 
     </span>
     <span class='ocr_line' id='line_1_79' title="bbox 776 2559 1440 2612; baseline 0.005 -16"><span class='ocrx_word' id='word_1_374' title='bbox 776 2561 895 2605; x_wconf 89' lang='lat' dir='ltr'>niam,</span> <span class='ocrx_word' id='word_1_375' title='bbox 942 2559 1255 2610; x_wconf 86' lang='lat' dir='ltr'>Mesopotamiam</span> <span class='ocrx_word' id='word_1_376' title='bbox 1288 2575 1330 2598; x_wconf 87' lang='lat' dir='ltr'>ac</span> <span class='ocrx_word' id='word_1_377' title='bbox 1368 2562 1440 2612; x_wconf 76' lang='lat' dir='ltr'>Sy-</span> 
     </span>
     <span class='ocr_line' id='line_1_80' title="bbox 776 2616 1440 2666; baseline 0 -13"><span class='ocrx_word' id='word_1_378' title='bbox 776 2617 867 2653; x_wconf 88' lang='lat' dir='ltr'>riam</span> <span class='ocrx_word' id='word_1_379' title='bbox 889 2616 1077 2666; x_wconf 90' lang='lat' dir='ltr'>complecti</span> <span class='ocrx_word' id='word_1_380' title='bbox 1102 2622 1137 2654; x_wconf 88' lang='lat' dir='ltr'>et</span> <span class='ocrx_word' id='word_1_381' title='bbox 1158 2630 1266 2666; x_wconf 87' lang='lat' dir='ltr'>supra</span> <span class='ocrx_word' id='word_1_382' title='bbox 1280 2618 1348 2655; x_wconf 89' lang='lat' dir='ltr'>iam</span> <span class='ocrx_word' id='word_1_383' title='bbox 1362 2631 1440 2655; x_wconf 84' lang='lat' dir='ltr'>mo-</span> 
     </span>
     <span class='ocr_line' id='line_1_81' title="bbox 777 2673 1441 2724; baseline 0.003 -14"><span class='ocrx_word' id='word_1_384' title='bbox 777 2673 918 2710; x_wconf 88' lang='lat' dir='ltr'>nuimus</span> <span class='ocrx_word' id='word_1_385' title='bbox 950 2674 1006 2720; x_wconf 89' lang='lat'>(1,</span> <span class='ocrx_word' id='word_1_386' title='bbox 1042 2676 1132 2713; x_wconf 78' lang='lat'>102.</span> <span class='ocrx_word' id='word_1_387' title='bbox 1165 2675 1244 2713; x_wconf 84' lang='lat'>177</span> <span class='ocrx_word' id='word_1_388' title='bbox 1265 2679 1374 2724; x_wconf 60' lang='lat' dir='ltr'>seq),</span> <span class='ocrx_word' id='word_1_389' title='bbox 1403 2680 1441 2712; x_wconf 90' lang='lat' dir='ltr'>et</span> 
     </span>
     <span class='ocr_line' id='line_1_82' title="bbox 777 2729 1439 2780; baseline 0.002 -14"><span class='ocrx_word' id='word_1_390' title='bbox 777 2730 845 2766; x_wconf 91' lang='lat' dir='ltr'>hoc</span> <span class='ocrx_word' id='word_1_391' title='bbox 875 2729 954 2766; x_wconf 89' lang='lat' dir='ltr'>loco</span> <span class='ocrx_word' id='word_1_392' title='bbox 985 2743 1066 2767; x_wconf 92' lang='lat' dir='ltr'>cum</span> <span class='ocrx_word' id='word_1_393' title='bbox 1096 2730 1253 2767; x_wconf 90' lang='lat' dir='ltr'>Rennel.</span> <span class='ocrx_word' id='word_1_394' title='bbox 1287 2744 1324 2780; x_wconf 91' lang='lat' dir='ltr'>p.</span> <span class='ocrx_word' id='word_1_395' title='bbox 1355 2730 1439 2772; x_wconf 83' lang='lat'>458</span> 
     </span>
     <span class='ocr_line' id='line_1_83' title="bbox 775 2785 1437 2829; baseline 0.003 -6"><span class='ocrx_word' id='word_1_396' title='bbox 775 2787 905 2823; x_wconf 87' lang='lat' dir='ltr'>iterum</span> <span class='ocrx_word' id='word_1_397' title='bbox 935 2799 1135 2823; x_wconf 87' lang='lat' dir='ltr'>monemus.</span> <span class='ocrx_word' id='word_1_398' title='bbox 1196 2785 1280 2829; x_wconf 87' lang='lat' dir='ltr'>Quo</span> <span class='ocrx_word' id='word_1_399' title='bbox 1306 2789 1437 2825; x_wconf 88' lang='lat' dir='ltr'>eodem</span> 
     </span>
     <span class='ocr_line' id='line_1_84' title="bbox 776 2843 1437 2881; baseline 0.003 -2"><span class='ocrx_word' id='word_1_400' title='bbox 776 2849 950 2880; x_wconf 87' lang='lat' dir='ltr'>monente</span> <span class='ocrx_word' id='word_1_401' title='bbox 969 2844 1124 2880; x_wconf 78' lang='lat' dir='ltr'>Arabiae</span> <span class='ocrx_word' id='word_1_402' title='bbox 1142 2855 1274 2880; x_wconf 90' lang='lat' dir='ltr'>nomen</span> <span class='ocrx_word' id='word_1_403' title='bbox 1298 2843 1381 2880; x_wconf 86' lang='lat' dir='ltr'>olim</span> <span class='ocrx_word' id='word_1_404' title='bbox 1402 2849 1437 2881; x_wconf 87' lang='lat' dir='ltr'>et</span> 
     </span>
     <span class='ocr_line' id='line_1_85' title="bbox 776 2899 1436 2950; baseline 0 -14"><span class='ocrx_word' id='word_1_405' title='bbox 776 2901 894 2950; x_wconf 89' lang='lat' dir='ltr'>ipsum</span> <span class='ocrx_word' id='word_1_406' title='bbox 933 2899 1039 2936; x_wconf 78' lang='lat' dir='ltr'>latius</span> <span class='ocrx_word' id='word_1_407' title='bbox 1076 2901 1191 2950; x_wconf 88' lang='lat' dir='ltr'>patuit</span> <span class='ocrx_word' id='word_1_408' title='bbox 1227 2900 1275 2936; x_wconf 88' lang='lat' dir='ltr'>ad</span> <span class='ocrx_word' id='word_1_409' title='bbox 1304 2900 1436 2949; x_wconf 86' lang='lat' dir='ltr'>Tigrin</span> 
     </span>
    </p>

    <p class='ocr_par' dir='ltr' id='par_1_19' title="bbox 1127 2954 1214 2996">
     <span class='ocr_line' id='line_1_86' title="bbox 1127 2954 1214 2996; baseline 0 0"><span class='ocrx_word' id='word_1_410' title='bbox 1127 2958 1178 2996; x_wconf 80' lang='lat'>23</span> <span class='ocrx_word' id='word_1_411' title='bbox 1198 2954 1214 2970; x_wconf 81' lang='lat'>*</span> 
     </span>
    </p>
   </div>
   <div class='ocr_carea' id='block_1_14' title="bbox 1452 566 1728 672">
    <p class='ocr_par' dir='ltr' id='par_1_20' title="bbox 1452 566 1728 672">
     <span class='ocr_line' id='line_1_87' title="bbox 1472 566 1712 604; baseline 0.025 -12"><span class='ocrx_word' id='word_1_412' title='bbox 1472 566 1596 601; x_wconf 80' lang='lat' dir='ltr'>Altera,</span> <span class='ocrx_word' id='word_1_413' title='bbox 1634 578 1712 604; x_wconf 76' lang='lat' dir='ltr'>quae</span> 
     </span>
     <span class='ocr_line' id='line_1_88' title="bbox 1452 602 1728 637; baseline 0.022 -12"><span class='ocrx_word' id='word_1_414' title='bbox 1452 602 1670 637; x_wconf 83' lang='lat' dir='ltr'>complectitur,</span> <span class='ocrx_word' id='word_1_415' title='bbox 1691 604 1728 631; x_wconf 88' lang='lat' dir='ltr'>ad</span> 
     </span>
     <span class='ocr_line' id='line_1_89' title="bbox 1452 638 1728 672; baseline 0.018 -13"><span class='ocrx_word' id='word_1_416' title='bbox 1452 641 1535 660; x_wconf 84' lang='lat' dir='ltr'>mare</span> <span class='ocrx_word' id='word_1_417' title='bbox 1583 638 1728 672; x_wconf 79' lang='lat' dir='ltr'>australe,</span> 
     </span>
    </p>
   </div>
   <div class='ocr_carea' id='block_1_15' title="bbox 1450 667 1728 707">
    <p class='ocr_par' dir='ltr' id='par_1_21' title="bbox 1450 667 1728 707">
     <span class='ocr_line' id='line_1_90' title="bbox 1450 667 1728 707; baseline -0.004 -14"><span class='ocrx_word' id='word_1_418' title='bbox 1450 667 1585 695; x_wconf 76' lang='lat' dir='ltr'>Persium</span> <span class='ocrx_word' id='word_1_419' title='bbox 1596 691 1603 704; x_wconf 79' lang='lat'>,</span> <span class='ocrx_word' id='word_1_420' title='bbox 1640 672 1728 707; x_wconf 70' lang='lat' dir='ltr'>Assy-</span> 
     </span>
    </p>
   </div>
   <div class='ocr_carea' id='block_1_16' title="bbox 1451 701 1729 766">
    <p class='ocr_par' dir='ltr' id='par_1_22' title="bbox 1451 701 1729 766">
     <span class='ocr_line' id='line_1_91' title="bbox 1451 701 1727 737; baseline 0.022 -11"><span class='ocrx_word' id='word_1_421' title='bbox 1451 701 1544 736; x_wconf 79' lang='lat' dir='ltr'>riam,</span> <span class='ocrx_word' id='word_1_422' title='bbox 1569 704 1727 737; x_wconf 78' lang='lat' dir='ltr'>Arabiam3</span> 
     </span>
     <span class='ocr_line' id='line_1_92' title="bbox 1451 734 1729 766; baseline 0.018 -5"><span class='ocrx_word' id='word_1_423' title='bbox 1451 734 1488 761; x_wconf 86' lang='lat' dir='ltr'>ad</span> <span class='ocrx_word' id='word_1_424' title='bbox 1518 744 1601 764; x_wconf 77' lang='lat' dir='ltr'>mare</span> <span class='ocrx_word' id='word_1_425' title='bbox 1635 738 1729 766; x_wconf 79' lang='lat' dir='ltr'>inter-</span> 
     </span>
    </p>
   </div>
  </div>
 </body>
</html>
