1904 3304
139 887 202 935 15

677 271 1024 312 THALIA.

1082 271 1146 310 ΙΙΙ.
1482 273 1540 313 27

268 385 328 437 ὦς
366 383 675 440 ἀπενειχθέντα
704 381 791 427 ὑπὸ
822 381 1009 435 τούτου,
1049 374 1100 425 εὖ
1138 381 1306 426 δοκέειν
1345 381 1389 424 οἱ
1427 382 1539 438 εἰρῆ-

213 463 254 497 13
265 462 382 500 σθαι.

443 455 502 507 ὠς
532 456 578 499 δὲ
606 454 772 511 λέγεται
800 453 880 499 ὑπ’
912 453 1184 510 Αἰγυπτίων,
1218 450 1428 507 δακρύειν
1461 451 1596 508 μὲν65

266 531 488 582 Κροῖσον,
518 525 727 583 ἐτετεύχεε
752 527 836 584 γάρ
865 527 939 570 καὶ
960 521 1092 576 οὗτος
1111 522 1401 580 ἐπισπόμενος
1418 526 1540 580 Καμ-

265 597 380 656 βύσῃ
411 597 478 642 ἐπ’
511 600 762 654 Αἴγυπτον,
793 597 1005 652 δακρύειν
1030 597 1076 641 δὲ
1099 595 1303 651 Περσέων
1324 594 1431 647 τούς
1460 612 1541 639 πα-

265 670 466 725 ρεόντας’

517 667 638 726 αὐτῷ
677 686 721 713 τε
748 669 967 726 Καμβύσῃ
1008 669 1200 712 ἐσελθεῖν
1243 665 1395 711 οἶκτόν
1423 683 1538 720 τινα,

262 743 336 786 καὶ
367 740 523 785 αὐτίκα
552 740 743 785 κελεύειν
772 740 852 784 τόν
889 741 934 784 τέ
965 742 1010 784 οἱ
1049 742 1184 784 παῖδα
1215 739 1262 783 ἐκ
1290 742 1379 782 τῶν
1407 737 1540 782 ἀπολ-

263 814 462 868 λυμένων
495 811 667 866 σώζειν,
699 813 773 857 καὶ
796 811 933 857 αὐτόν
956 813 1003 856 ἐκ
1032 816 1113 855 τοῦ
1144 812 1410 867 προαστείου
1435 809 1596 854 οἴνα-70

261 885 522 941 στήσαντας,
555 884 675 941 ἄγειν
704 882 814 938 παρ’
846 883 1023 928 εωυτόν

264 952 398 1011 εὗρον
430 959 474 1000 οἷ
502 956 720 1012 μετιόντες
751 954 897 999 οὐκέτι
926 955 1179 1010 περιεόντα,
1222 952 1331 997 ἄλλα
1363 958 1540 1007 πρῶτον

263 1028 587 1071 κατακοπέντα·
633 1028 769 1072 αὐτόν
802 1028 847 1072 δὲ
888 1027 1176 1084 Ψαμμήνιτον
1207 1024 1538 1081 ἀναστήσαντες,

887 1099 998 1143 ε’νθα
1031 1103 1110 1142 τοῦ
1140 1102 1300 1141 λοιποῦ
1331 1099 1538 1148 διαιτᾶτο,

789 1172 825 1215 εἰ
864 1170 910 1215 δε
944 1170 1019 1214 καὶ
1055 1169 1281 1229 ἠπιστήθη
1317 1167 1375 1226 μὴ
1405 1172 1538 1212 πολυ-
1550 1160 1874 1213 75fectorumuheros·

262 1095 375 1156 ἦγον
411 1100 532 1155 παρὰ
562 1098 826 1156 Καμβύσεα·

236 1172 377 1228 Ξέχων
409 1170 540 1216 οὐδὲν
569 1174 729 1229 βίαιον.

208 1325 510 1362 antecedentibus
531 1318 576 1364 εὖ
598 1322 751 1364 δοκέειν
775 1341 811 1364 κ.
835 1340 868 1364 τ.

208 1382 240 1420 λ.
263 1385 300 1418 et
319 1382 521 1418 narrationi
550 1382 702 1419 aliorum
724 1388 870 1419 contra-

206 1437 260 1474 ria
280 1436 542 1487 Aegyptiorum
567 1440 739 1475 narratio.
769 1440 872 1483 Qua-

206 1506 246 1530 re
268 1494 481 1544 particulam
506 1493 572 1542 ὥς,
603 1508 712 1544 quarn
734 1496 872 1534 Schae-

205 1550 304 1588 serus
327 1556 530 1589 mutaverat
555 1553 591 1588 in
615 1548 687 1598 ὥς,
724 1565 872 1602 prorsus

204 1607 384 1645 sublatam
418 1611 505 1646 vult.
581 1607 673 1645 Mihi
702 1614 872 1647 neutrum

203 1663 336 1713 placet.
392 1666 472 1704 Nec
491 1678 580 1704 sane
601 1679 680 1703 eam
701 1665 736 1703 b.
755 1665 777 1703 l.
798 1668 871 1704 vim

203 1721 404 1771 particulae
433 1721 475 1761 δέ
506 1724 558 1771 (in
588 1724 707 1760 verbis
737 1721 791 1770 ὥς
819 1721 870 1762 δὲ

203 1776 368 1830 λέγεται)
390 1792 472 1818 esse
490 1780 720 1826 crediderim,
733 1785 774 1818 ut
796 1781 869 1818 iam

204 1835 349 1874 diversa
393 1837 440 1874 ab
485 1836 563 1874 aliis
602 1836 868 1888 Aegyptiorum

203 1893 362 1930 narratio
382 1893 533 1943 cogitari
554 1894 698 1932 debeat.

263 1946 455 2000 ἐτετεύχεε
473 1947 546 2002 γάρ
566 1949 633 1989 καὶ
652 1945 770 1997 οὗτος
790 1949 871 1990 ε’πι-

207 2002 422 2056 σπόμενος]
465 2007 523 2044 De
553 2021 593 2045 re
619 2008 715 2046 conf.
747 2008 786 2053 l,
816 2010 870 2049 89

206 2062 293 2111 ibiq.
322 2068 414 2100 nott.
452 2063 511 2101 De
532 2065 647 2101 forma
669 2070 707 2101 et
730 2064 871 2113 signifi-

205 2120 350 2156 catione
361 2119 708 2170 plusquampersecti
728 2115 873 2160 ἐτετεύ-

205 2189 267 2225 χεε
297 2177 392 2213 conf.
424 2176 558 2213 Matth.
590 2177 657 2213 Gr.
683 2178 750 2214 Gr.
785 2190 870 2228 pag.

205 2234 284 2274 491
320 2237 359 2270 et
388 2232 552 2270 Lobeck.
593 2234 641 2270 ad
673 2233 869 2283 Phrynich.

204 2301 290 2339 pag.
316 2289 409 2331 395.
462 2289 633 2339 Namque
662 2290 771 2327 Attici
803 2290 871 2326 hac

204 2347 334 2392 forma,
354 2346 421 2384 hac
440 2347 540 2384 verbi
559 2347 777 2384 substantivi
801 2360 869 2383 no·-

203 2402 304 2440 tione
328 2403 442 2451 (valet
463 2403 557 2440 enim
583 2404 617 2440 h.
641 2403 663 2440 l.
687 2405 794 2451 erat),
814 2404 871 2440 nsi

204 2471 279 2496 non
308 2464 408 2506 sunt3
439 2462 538 2510 apud
568 2461 779 2510 posterioris
810 2474 871 2497 ae-

205 2517 291 2553 tatis
315 2516 511 2567 scriptores
541 2517 630 2554 haec
654 2518 771 2554 forma
793 2521 869 2553 tum

204 2572 242 2609 in
271 2573 384 2610 verbo
410 2573 562 2623 simplici
596 2579 672 2610 tum
700 2574 737 2610 in
771 2586 871 2610 com-

205 2630 335 2678 positis
366 2631 512 2680 saepius
539 2631 731 2680 reperitur.
797 2629 870 2666 Pro

207 2682 468 2737 ἐπισπόμενος
486 2686 578 2724 male
593 2686 676 2723 olim
698 2682 871 2726 ἐπισπώ-

206 2755 334 2791 μενος.
377 2744 436 2781 Tu
467 2744 540 2780 vid.
565 2748 659 2780 nott.
681 2744 728 2780 ad
753 2742 779 2789 l,
804 2745 871 2784 91.

208 2797 274 2834 Cr.
296 2801 391 2836 conf.
411 2800 614 2848 Thucydid.
633 2800 697 2847 IV,
719 2800 770 2840 35
784 2800 871 2848 ibiq.

205 2853 347 2905 Poppo.
390 2869 477 2906 pag.
522 2856 577 2897 74
620 2860 658 2894 et
705 2860 870 2893 annotat.

207 2923 309 2949 suam
352 2913 399 2949 ad
433 2913 564 2951 Plotin.
600 2913 736 2964 pagina
776 2911 870 2955 494.

492 2972 511 2989 O

1089 883 1180 927 Τόν
1209 882 1288 940 μὲν
1319 881 1371 938 δή
1402 883 1540 925 παῖδα

927 1326 1009 1365 infr.

927 1397 967 1421 τε
999 1375 1198 1434 Καμβύσῃ
1239 1379 1474 1419 ἐσελθεῖν
1504 1378 1598 1416 conf.

927 1438 1061 1476 Matth.
1084 1439 1150 1474 Gr.
1174 1438 1239 1474 Gr.
1269 1450 1355 1488 pag.
1377 1436 1458 1476 736
1484 1439 1521 1472 et
1545 1435 1593 1472 ad

927 1497 1060 1533 verba:
1091 1490 1161 1533 τόν
1191 1492 1231 1532 τέ
1265 1493 1317 1532 οἷ
1345 1492 1470 1530 παῖδα
1500 1496 1594 1528 nott.

928 1553 977 1589 ad
997 1552 1024 1596 Ι,
1042 1550 1108 1593 34.
1129 1572 1185 1578 ——
1212 1549 1254 1589 οἷ
1278 1543 1550 1599 οἷπολλύμενοι
1570 1548 1594 1584 ii

929 1614 1038 1656 sunt,
1078 1610 1139 1659 qui
1171 1607 1219 1644 ad
1251 1611 1391 1644 mortem
1425 1605 1597 1642 destinati

927 1669 1037 1703 erant.

1078 1322 1136 1362 Ad
1171 1336 1276 1373 seqq.
1309 1321 1446 1360 verba:
1486 1315 1598 1374 αὐτῷ

1149 1721 1261 1772 Cap.
1291 1719 1373 1756 XV.

985 1775 1077 1819 εἰδὲ
1088 1776 1155 1817 καὶ
1174 1772 1383 1827 η’ττιστηθη
1403 1771 1457 1826 μὴ
1471 1775 1595 1814 πολυ-

925 1835 1195 1889 πρηγμονεῖν]
1229 1830 1282 1884 ἢν
1310 1834 1430 1882 quod
1439 1845 1460 1870 e
1480 1831 1595 1869 Wes-

928 1893 1071 1942 selingii
1089 1892 1278 1930 editione·
1271 1904 1306 1927 in
1321 1894 1490 1940 posteras
1509 1888 1594 1925 edd.

927 1950 1088 2001 irrepsit,
1102 1962 1181 1986 cum
1202 1947 1409 1996 Schweigh.
1424 1951 1462 1983 et
1476 1945 1595 1982 Gaisf.

927 2007 1066 2044 mutavi
1093 2007 1128 2043 in
1159 2005 1214 2053 εἰ,
1243 2017 1318 2041 non
1351 2003 1455 2040 aliter
1481 2006 1594 2051 atque

927 2064 1004 2110 ΙΙΙ,
1028 2065 1102 2108 69,
1134 2063 1283 2099 iubente
1308 2072 1455 2109 quoque
1484 2058 1594 2095 Wer-

928 2121 1006 2158 fero
1041 2119 1078 2155 in
1117 2118 1213 2156 Actt
1244 2116 1344 2168 phill.
1378 2115 1546 2153 Monacc.
1577 2114 1595 2152 Ι

928 2190 1014 2227 pag.
1048 2178 1140 2216 100.
1172 2195 1223 2202 -
1268 2174 1340 2210 Pro
1381 2167 1594 2237 η’πιστήθη

929 2233 1114 2270 Schaefer.
1135 2231 1253 2269 edidit
1265 2224 1478 2278 ε’πιστήθη,
1491 2228 1593 2278 quod

929 2290 1025 2326 idem
1048 2288 1158 2326 offert
1183 2286 1369 2324 Sancrofti
1393 2286 1505 2331 liber,
1534 2297 1594 2322 re-

928 2346 1017 2395 liqui
1056 2358 1184 2382 omnes
1224 2337 1464 2394 ἠπιστήθη,
1496 2341 1596 2391 quod

928 2402 1194 2451 W'esselingius
1216 2414 1295 2438 cum
1316 2399 1429 2436 Porto
1442 2398 1596 2447 aliisque

929 2459 978 2507 (v,
1020 2472 1049 2496 c.
1086 2458 1249 2495 Fischer.
1286 2456 1333 2494 ad
1374 2455 1524 2494 lVeller.
1562 2454 1595 2491 ΙΙ

928 2530 963 2566 p.
989 2516 1086 2564 297)
1118 2527 1139 2551 a
1164 2515 1276 2552 verbo
1298 2512 1509 2562 ἐπίσταμαι
1529 2512 1596 2548 de-

928 2573 1063 2618 rivans,
1094 2571 1200 2608 scribi
1223 2568 1360 2608 mavult
1393 2571 1597 2618 πολυπρα-

928 2644 1036 2680 γμον
1051 2630 1131 2675 ὠν,
1165 2628 1266 2677 quod
1285 2627 1400 2676 ipsum
1423 2625 1599 2662 Sancrof-

928 2686 957 2722 ti
986 2685 1077 2722 liber
1104 2698 1147 2722 ac
1174 2683 1472 2721 Vindobonensis
1498 2681 1597 2719 exhi-

930 2743 1036 2787 bent3
1068 2746 1106 2778 ut
1126 2741 1183 2778 hic
1204 2742 1282 2778 fere
1301 2740 1349 2776 sit
1374 2739 1445 2776 loci
1466 2749 1595 2776 sensus

930 2812 973 2836 ex
1001 2797 1126 2835 vallae
1155 2797 1473 2847 interpretatione:
1506 2794 1597 2844 „qui

929 2857 962 2892 sz'
991 2858 1182 2904 compertus
1215 2855 1319 2890 etiam
1343 2853 1499 2904 suisset,
1529 2862 1596 2887 non

927 2911 1115 2962 qffectasse
1137 2923 1192 2948 res
1213 2923 1333 2948 novas.
1393 2909 1515 2953 Quam
1538 2907 1594 2943 in-

1598 880 1712 907 Ductus
1731 879 1767 907 ad
1788 878 1874 907 cam-

1598 914 1719 948 bysem,
1753 917 1783 941 et
1808 922 1875 940 cum

1599 957 1633 975 co
1653 949 1778 981 vivens,
1797 955 1876 974 noxa

1597 982 1695 1009 moliri
1711 967 1875 1015 coni-ictus,

1598 1024 1671 1043 rnor1
1665 1016 1724 1042 itur

1598 1050 1746 1084 sanguine
1780 1049 1875 1076 tanri-

1710 1084 1875 1110 Persarum

1596 1116 1767 1144 humanitas
1785 1117 1814 1143 in
1828 1124 1875 1143 re-

1596 1160 1667 1185 gum
1699 1151 1789 1177 etiam
1823 1149 1874 1178 de-

1803 1019 1874 1055 poto

1597 1092 1656 1110 no.
