1904 3304
371 267 430 307 78

374 391 445 430 ρεε
500 373 758 432 χρυσόδετος
774 406 787 426 ,

318 539 364 577 tis
399 544 567 589 tempora
605 551 769 588 gemmas
820 538 976 577 caelatas

319 596 521 643 exstitisse,
550 608 629 633 cum
659 596 770 633 multo
797 600 883 645 post
913 596 979 633 ‹le—

317 665 437 699 mum‚
467 652 646 690 Ismeniae
683 657 851 702 tempore
883 665 979 690 sma-

318 710 445 758 ragdis
479 709 584 758 signa
614 708 818 759 insculpere
847 722 978 760 coepe-

318 767 401 803 rint.
460 764 511 802 At
532 765 618 802 illud
637 771 905 813 argumentum,
934 767 981 804 de

319 821 520 859 Theodoro
564 822 843 872 depromptum,
894 823 980 859 nihil

318 878 438 916 valere
469 883 591 916 monet
616 878 868 927 Eschenburg.
896 879 917 915 l.
943 879 979 926 l.,

319 947 392 985 quo
413 935 529 984 magis
552 948 624 971 non
641 936 679 972 in
710 948 782 972 una
802 940 894 981 arte,
913 936 980 972 sed

319 992 356 1029 iu
385 990 548 1042 pluribus
580 992 674 1029 bene
703 997 867 1029 versatos
899 1005 980 1030 esse

318 1052 464 1086 constet
482 1048 579 1084 haud
599 1060 736 1098 paucos
756 1049 979 1086 Graecorum

319 1105 498 1151 artifices,
548 1104 700 1154 ipseque
749 1105 978 1152 Herodotus,

319 1174 401 1199 cum
443 1161 639 1198 scriberet:
689 1154 742 1212 ἦν
780 1158 823 1200 δὲ
865 1160 980 1212 ἔργον

322 1213 560 1268 Θεοδώρου,
592 1219 858 1267 profectonon
895 1219 982 1254 sim-

319 1274 449 1326 plicem
485 1273 643 1324 lapidem
673 1286 762 1310 auro
790 1274 982 1322 inclusum,

321 1331 388 1369 sed
417 1330 506 1367 artis
536 1331 723 1379 quoddam
753 1343 845 1381 opus
871 1329 981 1368 intel-

320 1387 458 1425 lexerit.
542 1387 666 1430 Quare
721 1386 840 1424 malim
898 1400 980 1424 cum

320 1443 573 1492 Eschenburg.
594 1443 628 1480 h.
648 1443 671 1483 l.
692 1443 893 1495 σφραγῖδα
919 1456 982 1482 ae-

320 1501 443 1551 cipere
465 1499 512 1537 de
531 1512 675 1549 gemma
701 1500 851 1547 caelata,
882 1513 911 1536 s.
934 1501 983 1538 de

321 1555 479 1601 annulo,
526 1557 627 1593 cuius
675 1556 787 1607 lapidi
837 1557 981 1605 signum

321 1613 510 1663 quoddam
523 1614 632 1650 suerit
647 1613 877 1663 insculptum,
897 1626 983 1663 pro-

322 1669 434 1706 bante
460 1669 594 1707 Polluc.
619 1669 664 1717 V,
694 1672 792 1716 100,
823 1670 981 1706 Pausan.

323 1725 344 1763 l.
364 1725 385 1762 l.
420 1725 500 1772 (ubi
524 1726 636 1763 verba
669 1722 882 1776 Θεοδώρου
910 1725 981 1775 ἕρ-

322 1797 395 1835 γον
413 1775 466 1832 ἦν
495 1781 561 1821 καὶ
586 1781 650 1821 ἐπὶ
669 1785 741 1822 τοῦ
767 1784 887 1821 λίθου
913 1784 984 1832 τῆς

324 1834 555 1890 σμαράγδου
577 1840 748 1892 σφραγίς
765 1853 806 1877 ex
818 1840 897 1890 ipso
910 1839 985 1876 He-

323 1896 456 1932 rodoto
478 1896 636 1933 deducta
658 1897 772 1933 videri
788 1901 886 1934 recte
906 1900 984 1932 sta-

324 1952 395 1989 tuit
430 1952 601 1999 Siebelis)
640 1958 677 1990 et
709 1952 839 1990 Tzetz.
869 1951 984 2000 (Chil.

324 2008 404 2055 Vll,
435 2012 536 2056 121,
568 2009 628 2046 ubi
652 2009 824 2059 legimus:
855 2005 900 2048 ὃν
929 2022 986 2046 τε-

324 2067 467 2117 χνικῶς
487 2062 727 2117 ἐσφράγισεν
750 2063 986 2105 ὁδακτυλιο-

325 2116 478 2174 γλύφος
513 2118 721 2173 Θεόδωρος
755 2120 776 2161 ὁ
803 2118 986 2173 Σάμιος.)

325 2179 550 2223 Quibuscum
576 2181 671 2216 conf.
692 2179 873 2217 Clement.
902 2178 989 2215 Ale-

326 2236 452 2272 xandr.
469 2234 633 2284 Paedag.
654 2236 703 2272 Ill
725 2249 760 2285 p.
774 2238 855 2277 289
879 2235 987 2273 Tom.

326 2291 342 2328 I
368 2292 488 2337 Pott.,
521 2293 618 2329 unde
639 2292 755 2342 lyram
775 2291 910 2329 annulo
933 2292 988 2327 in-

327 2347 504 2398 sculptam
518 2348 628 2386 fuisse
641 2350 769 2386 credas
789 2348 885 2387 licet.
908 2347 989 2385 Nec

328 2403 436 2441 aliam
461 2403 595 2441 Minois
635 2418 701 2442 nec
736 2405 848 2442 Phoci
878 2404 988 2441 fuisse

328 2472 532 2509 gemmam,
574 2460 652 2498 iure
698 2461 856 2510 quodam
902 2460 988 2497 mihi

328 2530 470 2554 sumere
494 2530 602 2567 posse
621 2518 758 2555 videor.
804 2517 853 2554 Et
873 2516 988 2554 multo

329 2578 416 2610 ante
457 2573 655 2623 Polycratis
687 2579 851 2624 tempora
881 2574 989 2609 Mne-

329 2629 488 2676 sarchus,
501 2630 733 2679 Pythagorae
744 2635 861 2680 pater,
879 2641 988 2666 voca-

329 2691 389 2724 tur
412 2682 753 2737 δακτυλιογλύφος
780 2687 879 2736 apud
899 2685 990 2723 Dio-

331 2756 413 2792 gen.
428 2741 551 2780 Laert.
567 2743 663 2790 Vlll,
686 2747 721 2790 1,
744 2747 896 2779 notante
920 2741 988 2778 Cr.

332 2800 417 2844 Quo
447 2800 564 2849 magis
592 2801 714 2848 miror,
745 2800 788 2836 C.
816 2799 863 2839 Ο.
889 2797 989 2835 Miil-

331 2856 395 2894 ler.
417 2856 644 2905 (Handbuch
666 2857 731 2894 der
752 2854 991 2904 Archaeolog.

332 2926 418 2964 pag.
447 2912 520 2962 72)
551 2912 751 2951 Theodoro
783 2911 869 2950 nihil
893 2912 992 2949 aliud

769 265 1244 305 HERODOTI

870 374 1129 432 σμαράγδου
1178 376 1257 433 μὲν
1303 378 1435 421 λίθου
1482 377 1641 430 ἐοῦσα,

1033 539 1215 586 tribuere,
1255 541 1323 577 nisi
1368 541 1469 591 quod
1517 554 1698 590 gemmam

1034 608 1124 633 auro
1145 595 1341 634 incluserit.
1401 598 1520 642 Quem
1542 599 1698 636 eundem

1035 652 1211 690 artificem
1232 657 1308 690 tum
1331 654 1378 690 ob
1406 653 1552 692 huiusce
1574 655 1698 692 annuli

1036 722 1148 760 opuS‚
1191 713 1267 746 tum
1305 710 1353 747 ob
1388 711 1517 748 Croesi
1552 711 1699 749 calicem

1037 766 1155 814 Sillig.
1183 765 1204 802 l.
1234 765 1257 803 l.
1287 779 1372 816 pag.
1399 765 1481 808 443
1512 769 1589 805 iure
1615 768 1701 804 dicit

1043 822 1259 860 Theodorum
1292 824 1455 859 minorem
1482 824 1697 861 metatorem.

1094 902 1346 958 χρυσόδετος]
1394 908 1578 944 indicatur
1608 907 1702 958 lapis

1038 977 1066 1001 s.
1085 977 1220 1012 gemmea
1240 978 1327 1000 (turo
1351 965 1490 1001 inclusa
1511 977 1539 1001 s.
1555 966 1702 1001 circum-

1039 1021 1141 1067 data,
1171 1020 1280 1070 plane
1299 1026 1336 1057 ut
1355 1022 1455 1071 apud
1473 1022 1629 1059 Pausan.
1652 1021 1702 1068 X,

1038 1079 1091 1117 30
1122 1075 1159 1127 ὃ.
1180 1079 1205 1116 2
1234 1077 1386 1126 legimus
1408 1078 1608 1129 σφραγῖδα
1633 1076 1702 1116 ε’ν-

1039 1131 1252 1183 δεδεμένην
1274 1136 1419 1187 χρυσῷ,
1451 1135 1511 1171 ubi
1535 1133 1702 1181 SiebeliS,

1038 1203 1112 1226 non
1133 1191 1320 1227 immemor
1339 1189 1406 1227 loci
1420 1190 1701 1236 Herodotei,ci-

1037 1251 1091 1283 tat
1116 1246 1268 1283 Diodor.
1297 1245 1406 1283 Sicul.
1427 1247 1529 1294 XlX,
1549 1247 1602 1288 94
1625 1259 1703 1284 me-

1038 1307 1242 1340 morantem
1282 1302 1516 1350 δακτυλίους
1550 1301 1702 1342 ἐνδεδε-

1039 1357 1185 1410 μένους
1205 1358 1362 1406 λίθους.

1098 1437 1401 1494 σμαράγδου
1457 1439 1530 1494 μὲν
1579 1441 1702 1481 λίθου

1040 1498 1174 1550 ἐοῦσα]
1208 1498 1474 1550 Sardonychem
1498 1498 1702 1548 Polycratis

1039 1569 1221 1606 gemmam
1259 1557 1371 1593 fuisse
1410 1556 1534 1593 scribit
1563 1554 1702 1592 Plinius

1040 1613 1061 1650 l.
1084 1613 1121 1661 l.,
1141 1625 1249 1661 quem
1270 1614 1434 1661 sequitur
1455 1611 1602 1648 Solinus
1623 1623 1704 1661 cap.

1039 1672 1092 1711 33
1110 1698 1120 1716 ,
1151 1670 1197 1705 ab
1225 1669 1417 1706 Herodoto
1443 1673 1598 1718 uterque
1629 1668 1705 1704 dis·

1040 1726 1212 1772 sentiens,
1232 1726 1314 1772 nisi,
1336 1738 1430 1773 quae
1447 1724 1621 1762 Larcheri
1646 1727 1703 1761 est

1039 1782 1210 1833 suspiciO,
1244 1782 1318 1818 duo
1345 1781 1542 1830 Polycratis
1571 1780 1705 1818 suerint

1040 1838 1182 1885 annuli,
1215 1852 1368 1888 quorum
1391 1838 1484 1875 alter
1507 1838 1552 1874 ab
1577 1837 1704 1873 Hero-

1042 1897 1153 1942 doto,
1184 1894 1275 1932 alter
1300 1907 1320 1931 a
1349 1894 1465 1931 Plinio
1486 1905 1705 1930 commemo·

1042 1957 1154 1989 retur.
1188 1951 1402 1999 Lessingius
1427 1952 1449 1987 l.
1469 1949 1490 1986 l.
1513 1962 1599 2001 pag.
1625 1950 1704 1990 183

1043 2009 1235 2046 Herodoto
1255 2008 1359 2044 unice
1380 2008 1415 2044 in
1436 2007 1490 2043 his
1510 2007 1622 2044 fidem
1641 2006 1707 2043 ha-

1045 2065 1122 2102 beri
1138 2063 1235 2110 vult,
1264 2065 1364 2114 quod
1390 2064 1486 2100 idem
1508 2063 1594 2100 mihi
1613 2075 1707 2112 quo·

1044 2134 1139 2171 que,
1171 2121 1335 2171 quamvis
1376 2120 1452 2157 aliis
1492 2120 1540 2157 de
1576 2113 1706 2165 causis,

1045 2178 1293 2226 maximopere
1322 2177 1456 2228 placet.
1538 2175 1596 2213 De
1627 2176 1706 2226 ipso

1045 2234 1258 2283 smaragdo,
1290 2233 1411 2284 lapide
1433 2233 1588 2269 maxime
1615 2232 1706 2268 duro

1044 2292 1204 2340 indeque
1252 2291 1299 2327 ad
1350 2288 1627 2338 insculpendum
1666 2291 1707 2324 ut

1044 2348 1186 2398 aptiore
1211 2348 1260 2383 ita
1276 2345 1475 2382 difficiliore
1501 2346 1553 2381 vir
1577 2345 1705 2381 doctus

1044 2405 1197 2449 monuit,
1215 2407 1369 2440 notante
1380 2401 1459 2447 Cr,
1482 2402 1516 2437 in
1537 2401 1599 2438 the
1616 2400 1708 2437 clas-

1046 2459 1132 2497 sical
1152 2458 1302 2495 Journal
1317 2458 1364 2494 lv
1387 2471 1421 2508 p.
1442 2459 1519 2498 167
1533 2470 1622 2506 seq„
1646 2456 1706 2493 ubi

1045 2516 1100 2552 hie
1133 2516 1230 2552 locus
1257 2515 1429 2563 tangitur.
1472 2513 1531 2550 'l'u
1558 2514 1644 2550 add.
1663 2513 1707 2550 C.

1046 2573 1091 2609 Ο.
1122 2571 1260 2609 Miiller.
1292 2571 1313 2607 l.
1338 2571 1359 2607 l.
1390 2583 1472 2620 pag.
1504 2571 1586 2610 380
1614 2582 1708 2618 seq,

1046 2629 1106 2678 qui
1130 2642 1211 2666 eum
1237 2640 1331 2665 nunc
1351 2627 1420 2664 dici
1439 2627 1491 2663 ait
1511 2626 1709 2674 Iauchgris'-

1046 2698 1108 2721 ner
1120 2685 1312 2734 Helz'otrop.
1333 2680 1592 2731 -,,Ψευδη’ς
1611 2676 1708 2733 σμά-

1048 2742 1191 2793 ραγδος
1212 2740 1461 2789 Theophrasti
1479 2740 1537 2777 De
1557 2739 1706 2789 lapidib.

1049 2796 1085 2849 ἓ.
1107 2798 1159 2839 25
1184 2802 1237 2834 est
1254 2796 1462 2834 malachites
1481 2797 1567 2844 (der
1589 2795 1708 2833 Mala-

1049 2855 1152 2902 chit).
1171 2854 1253 2890 vid.
1277 2853 1490 2890 Schneideri
1510 2856 1650 2890 annott.
1670 2851 1707 2888 in

1050 2923 1131 2949 eum
1152 2909 1267 2948 locum
1288 2923 1327 2961 p.
1350 2911 1431 2951 557
1452 2910 1535 2960 sq.“
1567 2908 1631 2946 Cr.
