1904 3304
451 253 1131 295 MELPOMENE.1V.

165 368 204 412 τ’
242 366 310 410 ἐπὶ
348 366 552 415 σταδίους
589 368 704 419 τρεῖς
742 369 878 420 μῆκος
915 365 990 408 καὶ
1025 358 1174 421 εὖρος,
1226 364 1340 416 ’ὕψος
1378 366 1424 410 δὲ

166 439 366 482 ἔλασσον·
416 437 506 480 ἄνω
547 436 594 480 δὲ
631 436 810 488 τούτου,
851 435 1123 491 τετράγωνον
1161 435 1326 479 ἄπεδον
1356 452 1425 480 πε-

162 509 359 563 ποίηται·
394 508 467 550 καὶ
497 507 549 550 τὰ
578 507 656 564 μὲν
685 509 783 561 τρία
804 512 892 550 τῶν
913 505 1067 550 κώλων
1094 507 1181 550 ἐστὶ
1201 505 1414 562 ἀπότομα,

136 577 277 622 3κατόι
309 578 354 621 δὲ
384 579 431 622 τὸ
451 581 523 632 ἓν,
556 578 771 635 ἐπιβατόν.

1339 257 1424 298 403

831 579 945 628 ἔτεος
974 578 1019 622 δὲ
1049 578 1232 621 ἑκάστου
1264 575 1429 631 ἁμάξας

162 647 434 705 πεντήκοντα
454 651 525 693 καὶ
555 650 709 694 ἑκατὸν
737 649 957 692 ἐπινέουσι
974 648 1237 705 φρυγάνων·
1266 647 1430 693 ὑπονο-

134 719 275 763 4στὲει
303 719 388 775 γὰρ
421 720 473 776 δὴ
509 722 593 764 αἰεὶ
622 720 710 764 ὑπὸ
739 725 827 764 τῶν
855 719 1090 775 χειμώνων.
1147 718 1239 762 Ἐπὶ
1268 719 1430 763 τούτου

163 790 217 847 δή
258 794 338 833 τοῦ
378 790 515 847 ὄγκου
554 790 761 849 ἀκινάκης
803 791 1002 848 σιδήρεος
1041 792 1215 847 ἵδρυται
1252 789 1429 846 ἀρχαῖος

103 981 208 1030 citer)
241 982 337 1019 conf.
358 980 429 1028 Ill,
456 980 493 1021 5.
523 982 589 1022 30.
620 981 669 1028 11,
698 982 763 1021 78.

103 1040 169 1078 96.
185 1040 238 1080 99
256 1043 323 1075 etc.

156 1091 267 1143 ὕψος
291 1091 332 1132 δὲ
356 1091 547 1144 ἔλασσον]
572 1092 707 1130 Merito
727 1093 763 1129 in

101 1150 155 1188 his
185 1151 328 1197 verbis,
369 1151 499 1198 quibus
536 1149 764 1187 altitudinem

102 1207 203 1243 istius
242 1207 427 1254 congeriei
473 1207 589 1242 tribus
635 1207 762 1242 stadiis

102 1265 278 1300 minorem
309 1264 420 1299 fuisse
443 1263 518 1299 vult
540 1262 764 1308 Herodotus,

102 1320 228 1357 haeret
260 1318 546 1366 Ukssessngius,
578 1332 657 1354 cum
686 1331 764 1355 cer-

103 1380 160 1412 tus
197 1376 343 1412 omnino
369 1375 497 1424 pedum
530 1376 764 1411 cubitorumve

102 1433 250 1479 modus,
311 1445 384 1480 quo
433 1433 609 1468 minorem
664 1431 762 1468 illam

101 1494 234 1526 struem
263 1488 439 1525 indicaret
463 1489 638 1537 scriptor,
669 1487 762 1525 defi-

101 1557 182 1581 cere
211 1544 388 1580 videatur.
431 1545 644 1593 „Suspicari
674 1557 760 1592 pos-

101 1601 169 1647 sis,
200 1595 312 1647 ὕψος
344 1597 386 1637 δὲ
410 1600 571 1637 σταδίου
592 1598 758 1638 ἔλασσον

100 1657 288 1706 scripsisse
316 1656 571 1693 Herodotum:
622 1656 689 1693 sed
722 1661 758 1693 et

99 1713 167 1750 hoc
188 1712 399 1750 incredibile
412 1741 422 1759 ‚
452 1713 501 1749 ad
519 1715 661 1749 tantam
681 1713 757 1750 fere

99 1769 324 1806 altitudinem
368 1775 528 1806 evectam
567 1782 650 1806 esse
692 1769 760 1805 im-

99 1838 263 1863 mensam
289 1824 385 1862 illam
417 1830 573 1872 struem,
604 1826 760 1863 interra

99 1883 350 1932 potissimum,
393 1894 487 1930 quae
523 1881 623 1930 ligno
661 1895 761 1920 care-

100 1939 165 1974 bat
205 1937 293 1987 [1V,
337 1936 448 1987 61].“
501 1937 758 1986 Schwez'glz.

102 1993 203 2030 Libri
227 1995 348 2043 scripti
373 1994 422 2030 nil
443 1995 562 2030 auxilii
581 1995 759 2040 afferunt3

102 2051 180 2087 sine
201 2050 329 2099 quibus
348 2062 482 2087 novare
504 2051 593 2099 quid
613 2051 760 2088 minime

102 2107 272 2155 equidem
297 2107 462 2143 audeam.
494 2128 542 2133 —
582 2106 623 2142 In
656 2120 760 2156 seqq.

101 2175 168 2213 pro
194 2159 345 2200 ἄπεδον
372 2162 511 2211 aliquot
527 2163 608 2199 libri
628 2162 761 2201 ἐπίπε-

103 2219 185 2257 δον.
223 2218 271 2255 At
291 2219 383 2256 bene
404 2219 561 2268 Hesych.
583 2218 598 2254 Ι
620 2232 654 2268 p.
677 2217 755 2259 431

103 2272 273 2314 ἄπεδον·
297 2272 457 2324 ὁμαλὸν,
472 2272 668 2321 ἰσόπεδον,
679 2274 759 2313 ἔπί-

101 2332 235 2370 πεδον.
286 2331 344 2369 De
372 2331 451 2367 loeo
477 2332 611 2381 plano,
652 2345 681 2368 s.
712 2333 758 2368 de

101 2388 252 2437 planitie
282 2388 464 2425 invenitur
488 2388 523 2435 Ι,
564 2391 656 2429 110.
695 2387 759 2435 IX,

105 2445 170 2483 25.
212 2446 302 2484 102.
362 2444 487 2487 Quare
519 2445 611 2482 inter
638 2457 758 2492 voce5‚

106 2500 166 2536 ubi
193 2497 299 2548 ἄλφα
326 2500 541 2537 intensivum
567 2502 758 2551 reperitur,

106 2560 204 2592 recte
219 2555 337 2592 retulit
350 2556 582 2594 Doederlein.
598 2558 634 2594 in
647 2558 760 2594 Com-

106 2615 256 2647 mentat.
277 2612 323 2648 de
340 2609 447 2660 ὀῖλφα
465 2614 593 2651 intens.
607 2615 758 2651 Graece.

108 2666 275 2715 (Erlang.
297 2668 420 2715 1830)
449 2682 534 2718 pag.
560 2673 623 2711 13.

163 2721 391 2761 ὑπονοστέει
410 2721 482 2775 γοῖρ
509 2723 571 2776 δὲ]
601 2726 684 2764 Hoc
704 2727 759 2764 in-

108 2778 341 2827 telligendum
376 2780 423 2817 de
455 2786 571 2829 strue,
611 2796 706 2832 quae
736 2796 758 2820 a

107 2836 383 2884 tempestatibus
412 2836 568 2874 hibernis
590 2839 757 2878 deorsum

107 2892 211 2941 quasi
235 2896 317 2939 eat,
346 2904 376 2929 s.
394 2893 581 2932 subsideat
599 2895 758 2947 indeque

821 980 938 1027 magis
975 979 1188 1029 magisque,
1234 992 1264 1017 s-
1308 978 1484 1029 paulatim

821 1039 938 1074 minor
958 1037 1035 1073 fiat.
1075 1037 1133 1073 Cf.
1155 1037 1190 1082 I,
1225 1037 1317 1075 191.

875 1089 964 1132 Ἐπὶ
995 1088 1139 1131 τούτου
1168 1088 1217 1143 δὴ
1239 1093 1312 1130 τοῦ
1335 1087 1481 1142 ὄγκου]

820 1148 924 1186 Libri
962 1149 1111 1198 quidam
1137 1162 1204 1198 pro
1234 1145 1354 1199 ὄγκου
1383 1148 1484 1185 exhi-

822 1207 909 1243 bent
929 1207 1056 1254 σηκοῦ
1074 1204 1134 1254 (ut
1156 1206 1321 1242 sacellum
1344 1217 1372 1241 S.
1388 1204 1484 1241 locus

821 1266 937 1311 septus
954 1261 1220 1309 intelligatur),
1246 1276 1288 1299 ex
1308 1263 1483 1310 interpre-

822 1322 1007 1364 tamento,
1039 1323 1079 1353 ut
1103 1323 1202 1354 recte
1224 1318 1350 1354 statuit
1373 1317 1483 1354 Wes-

821 1375 947 1422 seling.
967 1372 1114 1426 ’Όγκος
1132 1373 1188 1410 hie
1200 1375 1335 1411 indicat
1348 1374 1479 1419 molem,

821 1431 1001 1467 tumidum.
1041 1430 1139 1467 Alias
1170 1431 1268 1466 vocis
1298 1430 1482 1479 significa-

818 1488 937 1524 tiones
978 1487 1100 1535 attigit
1134 1486 1392 1534 ll'yttenbaeh.
1430 1487 1480 1523 ad

816 1542 995 1579 Plutarch.
1019 1541 1148 1579 Moral.
1167 1543 1179 1578 Ι
1200 1556 1234 1592 p.
1259 1545 1349 1583 185.
1380 1542 1473 1583 579.

872 1594 1068 1648 εἷκινάκης
1087 1594 1284 1648 σιδήρεος]
1320 1599 1377 1636 De
1399 1600 1473 1635 aci-

814 1667 922 1702 nace,
976 1655 1122 1692 Persico
1175 1656 1271 1692 ensis
1323 1667 1473 1703 genere,

814 1712 887 1748 dixi
909 1712 956 1748 ad
980 1711 1044 1757 Ill,
1076 1712 1166 1751 118.
1198 1710 1258 1748 Ad
1277 1723 1472 1760 argumen-

816 1773 893 1805 tum
931 1768 999 1804 loci
1029 1772 1174 1817 praeter
1199 1768 1301 1804 Suid.
1332 1781 1360 1805 s.
1394 1781 1427 1805 v,
1459 1768 1476 1806 I

816 1838 851 1875 p.
865 1824 918 1865 84
948 1817 1183 1875 (ἀκινάκης
1216 1821 1355 1875 μικρὸν
1375 1820 1478 1877 δόρυ

818 1875 1035 1932 Περσικόν)
1053 1885 1091 1919 et
1107 1881 1262 1930 Etymol.
1284 1895 1318 1932 p.
1333 1882 1399 1929 48,
1420 1883 1472 1922 31

815 1938 1033 1975 Herodotea
1056 1941 1275 1986 tangentes,
1306 1940 1349 1975 cf.
1375 1937 1475 1976 Mela

816 1994 864 2040 ll,
887 1999 922 2041 1,
938 1993 1037 2034 135:
1062 1993 1162 2030 Mars
1183 1995 1341 2031 omnium
1362 1995 1474 2041 deus;

817 2051 850 2087 ei
883 2063 949 2100 pro
977 2049 1172 2086 simulacris
1203 2064 1307 2088 enses
1335 2054 1371 2088 et
1391 2052 1471 2087 cin-

816 2107 928 2142 ctoria
953 2106 1126 2142 dedicant
1149 2106 1386 2156 hominesque
1405 2120 1472 2156 pro

816 2162 967 2198 victimis
997 2163 1171 2199 feriunt.“
1207 2163 1348 2206 Quibus
1376 2164 1473 2199 simi-

815 2218 862 2254 lia
882 2220 928 2255 de
948 2217 1072 2254 Alanis
1090 2219 1276 2267 praedicat
1292 2219 1471 2257 Ammian.

815 2274 1013 2312 Marcellin.
1033 2274 1166 2321 XXXI,
1188 2279 1235 2316 2:
1263 2289 1358 2323 „nec
1379 2280 1472 2313 tem·-

814 2331 911 2380 plum
934 2331 1031 2381 apud
1057 2343 1119 2368 eos
1143 2332 1268 2368 visitur
1286 2338 1345 2369 aut
1370 2332 1471 2369 delu-

815 2388 916 2424 brum
935 2401 1013 2432 —3
1043 2388 1107 2424 sed
1126 2387 1267 2436 gladius
1285 2389 1473 2426 barbarico

814 2445 887 2480 ritu
918 2444 1017 2480 humi
1048 2444 1172 2492 figitur
1200 2446 1339 2491 nudus,
1372 2459 1473 2482 eum-

815 2513 886 2549 que
905 2505 945 2536 ut
966 2500 1123 2538 Martem
1143 2520 1198 2527 ——
1217 2501 1385 2548 colunt,“
1410 2502 1473 2539 ubi

815 2556 947 2593 consul.
971 2557 1192 2607 interpr-eth,
1221 2556 1471 2607 Lindenbrog.

815 2617 853 2650 et
891 2612 1009 2649 vales.
1048 2611 1096 2649 T.
1134 2612 1185 2649 ΠΙ
1221 2627 1256 2662 p.
1291 2616 1374 2654 367
1413 2615 1470 2652 ed.

815 2669 991 2717 ll‘agner.
1021 2668 1121 2706 Idem
1141 2669 1187 2706 de
1198 2669 1341 2707 Hunnis
1357 2674 1470 2708 testa-

815 2730 873 2763 tur
900 2726 1108 2763 lornandes.
1150 2724 1272 2774 Atque
1299 2727 1357 2763 alii
1380 2740 1472 2775 quo-

815 2795 887 2831 que
914 2782 1017 2819 huius
1048 2782 1163 2819 cultus
1192 2783 1291 2832 apud
1316 2783 1470 2831 Scythas

814 2843 927 2876 testes
954 2843 1120 2885 exstant,
1159 2851 1250 2886 quos
1278 2839 1325 2876 ad
1348 2840 1470 2875 Hero-

815 2896 892 2933 doti
933 2895 1050 2932 locum
1088 2895 1257 2932 excitavit
1297 2895 1467 2932 Valcken.

1162 2948 1249 2991 26*

1480 368 1569 404 plura
1610 371 1757 400 sacrificia

1498 403 1623 437 Martis,
1652 414 1739 438 quain

1482 440 1665 463 caeterorum
1683 439 1756 464 Dien-

1480 477 1562 496 rum:
1590 478 1607 496 e
1633 473 1757 505 captivis

1427 507 1751 549 75qu0tumquemque

1484 540 1513 562 et
1534 538 1679 569 quomodo
1705 541 1758 567 im-

1483 570 1607 598 molent.
