1904 3304
93 376 159 422 39

620 257 973 298 'rHAL1A.
1033 258 1096 297 111.
1434 259 1492 299 73

303 368 545 426 Καμβύσεω
569 369 615 413 δὲ
639 367 699 412 ἐπ’
714 371 940 425 Αἴγυπτον
957 366 1316 424 στρατευομένου,
1347 367 1487 424 ἐποιή-
1498 366 1746 409 301’0'50‘2108’
1772 366 1828 395 Sa·

220 452 353 483 σαντο
378 441 451 484 καὶ
472 440 815 497 Λακεδαιμόνιοι
835 443 1069 497 στρατηίην
1089 440 1156 484 ἐπὶ
1175 439 1333 495 Σάμον
1355 456 1398 483 τε
1420 439 1495 484 καὶ

1553 402 1591 427 mi
1634 404 1795 434 tyrannus,

1552 442 1618 461 cum
1648 435 1795 462 fratribus

1553 468 1699 502 quomodo
1719 469 1829 503 egerit:

1553 502 1716 536 hospitium
1760 511 1830 529 con-

220 512 506 567 Πολυκράτεα
535 513 611 555 τὸν
627 511 836 562 Αἰάκεος,
871 511 919 563 ὃς
944 512 1036 568 ἔσχε
1057 510 1215 567 Σάμον
1237 510 1494 562 ἐπαναστάς·
1553 536 1647 562 „311st
1665 538 1829 563 murm-

1553 569 1635 596 side:
1655 569 1763 596 vicinis
1784 570 1830 596 in-

188 584 293 626 enat
323 583 374 626 τά
406 584 484 639 μὲν
516 589 668 639 πρῶτα
697 587 819 639 τριχῆ
846 583 1087 638 δασάμενος
1108 582 1187 638 τὴν
1206 581 1351 636 πόλιν,
1382 587 1497 626 τοῖσι
1555 603 1668 637 festus,
1688 604 1766 630 beno
1784 603 1830 631 fe-

1553 637 1612 663 lix:
1652 638 1730 676 capti
1755 637 1828 664 Les-

218 653 466 710 ἀὸελφεοῖσι
491 654 798 711 Πανταγνώτῳ
825 654 898 697 καὶ
918 658 1172 698 Συλοσῶντι
1197 654 1354 710 ἔνειμε·
1389 654 1494 710 μετὰ
1552 670 1612 703 ωε,
1648 671 1740 697 uncti
1767 671 1828 698 ros-

218 726 287 778 δὲ,
326 725 404 769 τὸν
444 726 523 782 μὲν
564 724 712 770 αὐτῶν
750 724 1030 779 ἀποκτείνας,
1075 725 1152 770 τὸν
1193 725 1238 769 δὲ
1278 723 1549 781 νεώτερον35

1551 712 1614 732 sam
1632 704 1761 733 fodiunt.

215 801 488 840 Συλοσῶντα
519 796 737 850 ἐξελάσας,
769 798 861 854 ἔσχε
883 802 1030 841 πᾶσαν
1049 797 1128 854 τὴν
1149 796 1325 853 Σάμον·
1356 799 1490 853 ἴσχων

219 867 283 916 δὲ,
326 870 517 925 ξεινηΐην
554 868 704 926 Ἀμάσι
744 872 805 929 τῷ
843 868 1072 926 Αἰγύπτου
1106 868 1278 926 βασιλέϊ
1309 866 1491 924 συνεθή-

160 1034 312 1084 cepisse,
331 1033 387 1070 cui
409 1027 530 1083 νόμος
548 1033 597 1070 sit
614 1033 670 1069 lex
691 1047 825 1071 summa

160 1094 313 1126 naturae
331 1088 448 1139 afato
472 1092 685 1137 constituta,
717 1093 777 1128 cui
792 1095 824 1128 et

163 1147 219 1183 dii
245 1150 278 1183 et
307 1147 459 1183 homines
493 1150 646 1197 parent,
698 1149 826 1185 statuit

159 1203 341 1250 Boeckh.,
381 1204 480 1253 ipsos
517 1203 665 1240 Pindari
701 1217 826 1243 versus

162 1260 214 1297 sic
235 1260 472 1310 probabiliter
495 1261 711 1298 restituens:

341 1344 349 1352 .
381 1313 480 1354 κατά
504 1312 628 1364 φύσιν

219 1367 345 1422 νόμος
372 1370 392 1411 ὁ
411 1367 574 1410 πάντων
596 1367 781 1423 βασιλεύς

218 1431 384 1467 θνατῶν
405 1443 444 1468 τε
468 1428 534 1467 καὶ
557 1424 777 1468 α’θανάτων

220 1482 307 1536 ι’ίγει
325 1486 491 1524 δικαιῶν
512 1482 553 1524 τὸ
570 1482 798 1536 βιαιότατον

216 1537 418 1596 ’ὗντερτάτςι
437 1543 546 1593 χειρί.
567 1543 826 1595 τεκμαίρομαι

218 1597 390 1651 ἔργοισιν
404 1597 613 1649 Ἡρακλέος
634 1615 668 1639 κ,
690 1615 721 1637 τ.
743 1603 775 1638 λ.

160 1656 262 1704 (vid.
293 1656 424 1693 Pindd.
453 1656 554 1706 opp.
583 1655 630 1693 T.
655 1657 686 1693 ll
720 1656 761 1693 Ρ.
791 1656 825 1692 ΙΙ

160 1725 245 1764 pag.
261 1712 341 1753 640
361 1713 486 1762 seqq.)
518 1712 638 1756 Quem
658 1714 825 1763 sequitur

160 1768 308 1807 Dissen.
347 1769 590 1816 (Commentt.
632 1770 668 1806 in
717 1770 824 1807 Pind.

162 1825 285 1862 Carm.
316 1838 401 1875 pag.
432 1828 545 1871 660).
609 1826 824 1863 Herodotus

162 1887 296 1927 autem,
327 1887 368 1918 ut
386 1882 618 1931 ll'csselingii
639 1888 719 1920 utar
745 1896 826 1920 ver·

163 1938 240 1984 bis,
271 1938 445 1975 intellexit
475 1951 582 1975 mores
614 1940 723 1987 longa
757 1939 824 1975 ad-

165 1994 349 2030 suetudine
371 1995 523 2032 valentes
552 1999 584 2031 et
606 1997 826 2033 dominantes

165 2053 388 2100 quantumvis
405 2065 533 2100 pravos
555 2056 586 2088 et
607 2054 824 2089 inlannanos.

164 2106 239 2143 lam
267 2107 357 2144 haec
382 2109 429 2144 ad
460 2109 572 2144 nostri
600 2109 667 2145 loci
696 2109 826 2146 intelli-

164 2165 324 2212 gentiam
369 2164 571 2210 sufficient3
626 2166 729 2215 plura
764 2166 826 2214 qui

165 2226 354 2269 quaerant,
368 2221 580 2258 Schneider.
604 2230 640 2259 et
664 2222 824 2259 Boeckh.

163 2277 298 2313 adeant
320 2277 340 2314 l.
358 2277 380 2314 l.
399 2282 437 2315 et
460 2291 553 2327 quae
575 2279 621 2314 ad
643 2279 823 2315 Herodoti

162 2332 280 2370 locum
309 2335 543 2384 disputarunt
571 2334 745 2372 Valcken.
786 2340 824 2372 et

163 2389 381 2439 lVesseling.
421 2391 501 2427 Hoc
519 2392 688 2440 equidem
712 2392 824 2439 addo,

162 2459 229 2496 per
252 2446 427 2484 Graeciae
448 2448 609 2485 civitates
628 2447 760 2485 liberas
787 2449 823 2484 id

163 2515 272 2540 unum
295 2505 450 2541 maxime
480 2504 655 2549 valuisse,
684 2510 724 2541 ut
755 2504 825 2552 lex,

165 2571 191 2594 s.
211 2554 344 2609 νόμος,
365 2574 429 2610 pro
452 2561 600 2597 domino
622 2575 693 2597 uno
714 2561 819 2598 habe

163 2619 276 2661 retur,
290 2617 344 2653 cni
366 2630 490 2654 omnes
511 2617 613 2654 liberi
633 2619 726 2655 cives
748 2631 823 2655 ser-

164 2670 292 2708 virent.
349 2673 509 2722 Egregie
528 2679 729 2711 monstrant
744 2674 823 2711 He-

164 2727 283 2763 rodoti
307 2731 418 2767 verba
439 2730 504 2766 ΥΙΙ
519 2759 529 2777 ,
552 2730 632 2771 104
662 2735 700 2768 et
728 2744 823 2779 quae

166 2783 291 2820 similia
317 2797 359 2822 ex
383 2785 553 2833 Platone,
583 2787 660 2823 aliis
690 2788 824 2824 excita-

165 2839 216 2876 vit
241 2841 283 2879 C.
313 2840 356 2877 F.
381 2841 577 2879 Hermann.
598 2843 732 2880 Lehrb.
759 2844 824 2880 der

167 2896 311 2934 Griech.
323 2898 594 2936 Staatsalterth.
607 2899 643 2951 ᾗ.
654 2900 702 2941 51
720 2904 770 2937 nt.
785 2900 822 2941 4.

1054 1034 1166 1085 Cap.
1196 1033 1370 1070 XXXIX.

941 1089 986 1138 ὃς
1014 1089 1096 1141 ἔσχε
1132 1087 1272 1141 Σάμον
1305 1084 1546 1139 ἐπαναστάς]

882 1148 905 1185 i.
926 1162 958 1186 e.
993 1149 1056 1198 qui
1082 1148 1251 1184 seditione
1279 1150 1372 1183 mota
1400 1145 1549 1182 Samum

883 1206 1079 1255 occupavit.
1146 1205 1242 1242 Rern
1292 1210 1439 1241 enarrat
1480 1203 1551 1239 Po-

884 1262 1004 1312 lyaen.
1023 1262 1211 1310 Strategg.
1233 1261 1329 1306 1‚23
1351 1257 1387 1310 ξ.
1401 1261 1438 1299 2.
1466 1259 1550 1297 Hoc

883 1323 1006 1355 autern
1035 1318 1169 1354 factum
1205 1318 1317 1354 fuisse
1345 1316 1453 1365 vulgo
1481 1330 1548 1366 po-

884 1379 978 1411 nunt
997 1374 1145 1424 Olymp.
1163 1373 1262 1421 LlX‚
1277 1372 1314 1412 4.
1345 1373 1549 1410 Larcherus

883 1436 1058 1481 posuerat
1088 1430 1234 1481 Olyrnp.
1264 1429 1390 1476 LXII,
1420 1432 1446 1469 2
1480 1430 1548 1478 (cf.

884 1487 980 1524 Tab.
1011 1487 1172 1524 chronol.
1200 1499 1284 1536 pag.
1306 1487 1432 1532 628);
1460 1486 1550 1523 Vol-

883 1544 987 1581 neius
1007 1543 1108 1586 LXl,
1123 1543 1161 1584 4.
1180 1542 1362 1589 Panoska,
1386 1543 1447 1592 qui
1467 1543 1550 1593 plu-

883 1600 983 1638 ribus
1006 1600 1183 1650 disputat,
1201 1613 1275 1649 quo
1297 1604 1465 1649 ternpore
1481 1600 1552 1636 Sa-

882 1658 931 1695 mi
957 1657 1190 1706 tyrannidem
1216 1657 1418 1706 susceperit
1439 1655 1549 1705 Poly-

883 1718 1001 1752 crates
1033 1714 1226 1761 (Samiorr.
1266 1713 1343 1750 Res
1378 1725 1463 1763 pag.
1491 1714 1546 1753 29

882 1771 1029 1819 seqq),
1059 1769 1096 1806 in
1133 1769 1290 1807 Bentleii
1326 1770 1547 1807 sententiam

882 1827 1059 1874 discedit,
1101 1827 1163 1875 qui
1199 1826 1345 1877 Olymp.
1378 1825 1487 1873 Llll,
1520 1828 1545 1866 3

882 1884 950 1920 hoc
966 1883 1140 1920 accidisse
1159 1884 1296 1920 statuit.
1327 1883 1449 1925 Quam
1462 1895 1548 1920 sen-

883 1941 1035 1978 tentiam
1063 1940 1226 1976 refutans
1256 1940 1282 1976 1.
1307 1939 1360 1976 M.
1383 1939 1545 1977 Schultz.

883 1997 919 2033 in
941 1996 1116 2046 Apparat.
1137 1996 1246 2032 critic.
1267 2008 1354 2046 pag.
1378 1997 1432 2036 30
1452 2009 1545 2045 seq„

883 2053 940 2089 vix
958 2059 1056 2090 certa
1068 2053 1210 2089 ratione
1230 2052 1338 2090 hodie
1351 2051 1444 2089 effici
1458 2065 1548 2103 pos-

884 2121 924 2146 se
943 2114 1082 2154 monet,
1102 2109 1250 2157 quando
1267 2108 1465 2156 Polycratis
1478 2109 1546 2145 do-

883 2166 1031 2202 minatio
1053 2166 1088 2201 in
1108 2166 1251 2201 Sarnios
1271 2165 1459 2214 inceperit,
1480 2165 1547 2202 sed

883 2222 1110 2272 probabilem
1131 2222 1244 2258 videri
1264 2221 1411 2258 Eusebii
1433 2222 1545 2258 ratio-

881 2292 978 2324 nem,
1011 2280 1072 2327 qui
1093 2279 1141 2314 ad
1165 2277 1311 2327 Olymp.
1332 2277 1448 2325 LXIl‚
1473 2282 1490 2318 1
1517 2291 1546 2314 s.

882 2336 961 2376 531
986 2347 1017 2371 a.
1032 2335 1117 2372 Chr.
1133 2348 1166 2371 n.
1200 2335 1403 2384 Polycratis
1426 2335 1548 2371 etsta-

882 2397 975 2428 trum
1014 2392 1244 2440 tyrannidem
1281 2391 1456 2428 reiecerit.
1491 2409 1547 2418 --

882 2449 942 2484 Ad
964 2449 1073 2485 verba
1096 2450 1208 2498 τριχῆ
1230 2443 1453 2498 δασάμενος
1473 2444 1548 2497 τήν

884 2501 1003 2543 πόλιν
1026 2506 1120 2541 conf.
1151 2518 1244 2554 quae
1274 2517 1383 2554 supra
1412 2505 1459 2541 ad
1484 2504 1548 2550 Ill,

884 2564 936 2602 26
974 2562 1163 2598 occasione
1194 2560 1318 2598 oblata
1351 2561 1548 2611 adscripsi-

882 2631 972 2654 inus.

939 2674 1119 2724 ξεινηΐην
1130 2695 1178 2701 ——
1191 2668 1457 2723 συνεθήκατο]
1472 2673 1544 2720 ξει-

881 2732 1001 2780 νηΐην
1019 2731 1075 2767 hic
1086 2731 1212 2780 optimi
1225 2731 1360 2779 quique
1372 2730 1463 2776 libri,
1483 2730 1544 2778 qui

879 2788 988 2824 iidem
1011 2787 1037 2834 I,
1057 2789 1123 2826 27.
1152 2787 1199 2832 Il,
1224 2788 1314 2827 182.
1342 2786 1405 2833 ΙΙΙ,
1428 2785 1480 2825 43
1507 2786 1544 2821 in

880 2844 1037 2881 lectione
1063 2843 1214 2893 ξεινίην
1235 2843 1466 2893 conspirant,
1496 2853 1544 2877 ne

882 2900 1063 2937 Sancrosti
1086 2900 1234 2949 quidem
1255 2898 1349 2936 libro
1376 2901 1541 2948 excepto,
