1904 3304
244 271 329 310 664
702 269 1172 308 EXCURSUS
1229 270 1313 307 vm

245 394 318 420 zer.
337 381 360 419 l.
383 380 406 418 l.
427 392 516 432 pag.
539 379 645 421 1235
660 401 713 408 --
731 382 851 422 1237.
901 382 1037 420 Postea
1065 382 1159 420 cirea
1181 381 1263 423 655
1292 394 1326 419 a.
1345 382 1432 420 Chr.
1463 396 1499 421 n.
1515 383 1550 429 ⁸)
1582 383 1757 421 successit

243 449 468 487 Milesiorum
487 447 648 495 colonia,
677 461 774 497 quae
793 461 906 486 unum
927 449 1053 487 Olbiae
1072 461 1205 487 nornen
1226 449 1373 486 retinuit
1390 450 1590 500 urbemque
1606 463 1690 488 mox
1707 451 1757 488 ad

244 518 283 555 id
303 516 487 566 fastigium
513 514 709 565 perduxit,
749 521 792 552 ut
810 529 891 553 cum
913 518 1078 554 maximis
1099 516 1212 568 ipsius
1235 515 1414 554 Graeciae
1434 517 1581 555 urbibus
1603 523 1756 556 conten-

243 585 331 624 dere
352 588 498 634 posset,
529 583 683 620 maxime
700 584 856 622 florente
878 584 1152 634 mancipiorum,
1175 596 1356 632 annonae,
1376 584 1522 635 pellium
1543 597 1586 622 ac
1605 585 1757 635 piscium

243 657 468 697 mercatura,
506 651 559 687 ita
590 655 630 687 ut
659 651 693 688 ei
723 651 825 698 urbi,
862 664 956 701 quae
977 664 1074 689 nunc
1098 651 1136 688 in
1159 649 1228 687 illis
1249 651 1362 689 ferme
1382 652 1591 701 regionibus
1613 653 1758 691 condita

244 726 282 760 et
311 722 392 772 ipsa
419 722 645 757 mercaturae
676 718 885 757 celebritate
913 720 1046 766 ssoret,
1087 718 1259 755 Odessam
1287 719 1392 766 dico,
1430 720 1577 758 minime
1606 722 1758 758 cessisse

243 788 364 840 putari
386 787 531 824 debeat.
589 785 809 836 Nongentos
832 787 928 824 enim
946 799 1013 836 per
1032 799 1148 824 annos
1167 787 1282 824 ferme
1302 787 1405 824 stetit
1428 787 1637 836 incolumis,
1675 800 1759 826 sex-

244 860 371 894 centos
393 867 508 892 annos
529 856 685 893 maxime
717 854 776 892 illa
803 855 950 904 quidem
972 856 1129 901 florens,
1171 856 1288 893 donec
1312 854 1520 892 Gothorum
1545 856 1759 894 incursioni-

244 924 336 970 bus,
367 923 474 960 tertio
498 923 574 960 sere
597 927 682 972 post
708 923 794 960 Chr.
822 935 858 960 n.
884 921 1026 960 saeculo
1050 922 1173 960 deleta
1204 936 1285 961 esse
1309 923 1489 961 videatur.
1546 922 1645 961 Nam
1672 923 1760 962 inde

243 991 290 1028 ab
319 990 387 1028 hoc
411 994 578 1040 tempore
599 991 695 1028 nulla
721 991 903 1028 invenitur
930 990 1066 1028 mentio
1093 991 1214 1038 urbis,
1255 1004 1365 1041 quam
1388 992 1537 1040 quidem
1557 992 1629 1029 iam
1649 994 1760 1030 antea

243 1059 422 1096 Getarum
451 1059 527 1096 sive
545 1058 686 1096 Dacum
707 1057 990 1108 irruptionibus,
1029 1059 1150 1096 medio
1180 1060 1283 1109 quod
1304 1060 1490 1097 Christum
1509 1060 1673 1110 proxime
1694 1071 1760 1096 an-

243 1126 379 1164 tecedit
411 1126 577 1174 saeculo,
616 1131 811 1176 tantopere
839 1123 1012 1162 afflictam
1045 1126 1158 1163 fuisse
1185 1126 1359 1165 credibile
1391 1132 1465 1174 est,
1506 1131 1547 1165 ut
1572 1139 1760 1176 nunquam

242 1198 373 1245 postea
390 1198 550 1230 veterem
569 1193 803 1244 splendorem
824 1195 936 1240 atque
956 1191 1231 1242 amplitudinem
1253 1206 1468 1245 recuperare
1485 1195 1660 1245 potuerit.
1700 1195 1759 1233 Cf.

242 1262 373 1299 librum
395 1262 542 1298 citatum
566 1261 686 1298 Choix
705 1261 741 1296 d.
761 1259 917 1297 medaill.
938 1272 1023 1310 pag.
1042 1259 1080 1301 5.
1100 1263 1154 1303 29
1167 1290 1178 1309 ,
1207 1261 1306 1299 cuius
1326 1266 1456 1299 auctor
1477 1262 1574 1300 urbis
1596 1262 1761 1300 celeber-

242 1329 355 1366 rimae
383 1328 569 1365 historiam
598 1340 665 1378 per
696 1327 841 1376 singula
867 1327 1011 1365 saecula
1033 1329 1263 1379 persequitur
1282 1342 1546 1379 numerumque
1566 1330 1686 1368 adhuc
1705 1329 1761 1368 in-

243 1401 435 1435 ventorum
456 1400 661 1433 accuratum
684 1397 818 1434 adiecit
839 1396 1007 1434 indicem.
1057 1396 1115 1434 Tu
1137 1398 1223 1435 add.
1243 1397 1585 1436 Raoul-Rochette
1605 1397 1760 1448 Antiqq.

244 1465 379 1515 Grecq.
402 1465 452 1502 du
470 1463 652 1515 Bosphor.
672 1464 841 1502 Cimmer.
861 1464 991 1511 (Paris
1015 1465 1149 1512 1822)
1170 1477 1257 1517 pag.
1287 1466 1402 1507 15-
1417 1465 1484 1508 25.

602 1751 1196 1800 EXCURSUS
1270 1753 1390 1801 VIII

502 1845 614 1883 AD
706 1845 1361 1893 HERODOT.1V,
1431 1847 1497 1887 32.

681 2010 775 2052 De
832 2010 1316 2068 Hyperboreis.

359 2103 418 2141 De
438 2101 675 2153 Hyperboreis
697 2105 859 2154 primarii
880 2108 1023 2143 exstant
1048 2108 1211 2142 veterum
1233 2103 1301 2140 loci
1329 2105 1428 2153 apud
1449 2102 1598 2141 Pindar.
1619 2101 1678 2140 Ol.
1694 2101 1761 2148 Ill,

245 2169 299 2211 25
319 2182 423 2219 seqq.
454 2170 624 2208 Strabon.
645 2171 661 2207 I
680 2185 767 2222 pag.
792 2175 845 2214 62
868 2186 896 2211 S.
921 2175 999 2214 106
1022 2173 1066 2210 C.
1096 2171 1163 2209 Vll
1180 2184 1265 2223 pag.
1284 2170 1366 2212 295
1389 2183 1417 2207 S.
1439 2171 1521 2211 452
1532 2170 1573 2208 C.
1606 2169 1659 2207 XI
1674 2182 1760 2222 pag.

244 2240 327 2280 507
348 2251 376 2274 S·
394 2238 477 2278 774
500 2238 543 2278 B.
591 2239 744 2277 Diodor.
774 2240 883 2278 Sicul.
913 2241 965 2288 11,
991 2242 1058 2281 47.
1099 2240 1257 2278 Pausan.
1285 2240 1321 2286 1,
1354 2241 1403 2279 31
1432 2236 1470 2289 ἓ
1492 2240 1518 2278 2
1544 2237 1622 2275 coll.
1646 2236 1761 2275 Calli-

243 2305 361 2343 mach.
384 2306 422 2342 in
438 2305 520 2344 Del.
544 2308 638 2347 282.
685 2307 779 2345 Plin.
799 2308 848 2346 H.
870 2307 919 2346 N.
943 2307 1016 2355 IV,
1049 2311 1101 2350 12
1128 2311 1250 2355 (26).
1297 2307 1382 2345 Mel.
1410 2307 1483 2354 111,
1514 2305 1539 2346 5
1568 2305 1647 2342 init.
1680 2304 1762 2354 [ubi

244 2374 338 2411 conf.
364 2373 569 2411 Tzschuck.
585 2379 677 2411 nott.
701 2389 829 2425 exegg.
852 2389 938 2427 pag.
964 2375 1108 2417 114-
1124 2378 1202 2417 118
1227 2375 1308 2417 Vol.
1330 2376 1382 2413 llI
1402 2376 1445 2413 P.
1467 2372 1557 2424 Ill].
1616 2373 1673 2411 De
1700 2373 1763 2409 iis-

245 2442 330 2479 dem
353 2453 447 2491 quae
470 2441 570 2478 varia
590 2442 671 2480 hinc
690 2445 900 2481 recentioris
922 2444 1058 2482 'aetatis
1078 2444 1145 2480 viri
1163 2445 1261 2481 docti
1286 2448 1469 2490 statuere,
1499 2455 1566 2488 ea,
1595 2441 1664 2478 hoc
1681 2440 1762 2490 qui-

246 2510 331 2548 dem
348 2509 430 2547 loco
451 2509 600 2548 minime
619 2513 827 2561 repetenda
843 2512 900 2559 **)
912 2541 923 2560 ,
952 2512 1099 2562 collegit
1118 2512 1377 2562 redarguitque
1397 2510 1424 2548 1.
1448 2510 1498 2547 H.
1517 2509 1698 2546 Schubart
1724 2509 1761 2545 in

293 2680 325 2723 ⁶)
356 2678 456 2713 Conf.
480 2675 593 2712 choix
626 2676 660 2710 d.
689 2676 861 2711 medailles
895 2682 962 2713 etc.
990 2689 1071 2722 pag.
1094 2679 1149 2713 29.
1180 2680 1233 2713 11.
1281 2675 1597 2711 Raoul-Rochette
1618 2673 1763 2708 Histoir.

345 2736 379 2771 d.
400 2735 550 2769 etabliss.
572 2733 605 2767 d.
626 2733 690 2767 col.
709 2734 774 2767 Gr.
792 2734 843 2767 111
867 2746 945 2779 pag.
966 2736 1034 2770 315
1054 2747 1149 2780 seqq.

301 2793 353 2837 ⁰)
382 2793 459 2827 Huc
486 2792 586 2827 etiam
619 2803 661 2825 ea
695 2791 888 2837 pertinent,
935 2802 1022 2835 quae
1046 2792 1124 2825 olim
1143 2791 1286 2826 Gesner.
1320 2790 1580 2835 disputaverat,
1624 2792 1765 2823 notante

351 2851 436 2893 Cr.,
461 2850 503 2884 de
520 2848 755 2894 Hyperboreis
781 2848 815 2882 in
835 2847 926 2881 Diss.
950 2848 993 2881 de
1012 2847 1176 2891 navigatt.
1196 2853 1295 2882 extra
1312 2846 1454 2882 column.
1472 2846 1577 2883 Herc.
1591 2845 1763 2880 Praelect.

348 2908 381 2941 11
404 2911 488 2942 sect.
506 2907 538 2941 11
560 2918 641 2953 pag.
660 2905 727 2942 647
746 2905 930 2952 (Orphicc.
954 2906 1008 2940 cd.
1031 2904 1253 2948 Hermann.)
