1904 3304
498 231 1060 273 MELPOMENE.
1118 232 1181 271 IV.

1387 234 1472 274 423

214 343 365 395 εὔξατο
403 344 458 397 τῇ
486 341 636 396 Μητρὶ
675 340 699 384 ὁ
734 339 1006 397 Ἀνάχαρσις,
1046 341 1102 398 ἦν
1131 343 1218 391 σῶς
1246 341 1319 385 καὶ
1348 340 1473 398 ὑγιής

213 411 491 469 α’πονοστήσῃ
536 411 579 462 ἐς
631 412 821 460 ἑωυτοῦ,

880 411 1035 455 θύσειν
1083 428 1128 455 τε
1177 411 1285 455 κατὰ
1335 411 1473 456 ταύτοὶ

209 483 319 527 κατὰ
347 483 399 526 τὰ
430 482 512 538 ὅρα
541 482 646 535 τούς
677 482 951 539 Κυζικηνούς
980 487 1232 536 ποιεῦντας,
1262 484 1336 527 καὶ
1365 500 1474 527 παν-

179 556 369 610 3νυχίδα
400 554 586 610 στήσειν.
649 554 708 606 ὠς
749 554 794 597 δὲ
826 554 1001 597 ἀπίκετο
1041 555 1084 605 ἐς
1118 555 1199 611 τήν
1227 555 1528 611 Σκυθικήν,95

205 624 397 676 καταδὺς
427 625 469 676 ἐς
498 625 577 681 τὴν
607 625 876 681 καλεομένην
898 624 1095 681 Ὑλαίην·
1143 624 1169 682 ἡ
1201 624 1243 669 δ’
1275 626 1363 669 ἔστι
1391 625 1471 680 μὲν

205 695 327 749 παρὰ
373 694 451 739 τὸν
484 696 725 752 Ἀχιλλήιον
769 696 976 751 Δρόμον,
1028 695 1227 751 τυγχάνει
1267 696 1312 740 δὲ
1351 699 1470 739 πᾶσα

202 765 337 810 ἐοῦσα
360 767 576 821 δενδρέων
598 768 819 811 παντοίων
843 767 968 822 πλέη·
1020 766 1062 817 ἐς
1081 766 1245 822 ταύτην
1275 767 1320 810 δὲ
1344 784 1472 811 κατα-

205 836 286 888 δύς
325 835 349 881 ὁ
386 837 659 894 Ἀνάχαρσις,
708 836 789 894 τήν
829 835 964 892 ὁρτὴν
1006 841 1154 880 πᾶσαν
1191 837 1375 882 ἐπετέλεε
1416 841 1470 895 τῇ

202 913 295 964 θεῷ
309 942 319 961 ,
353 909 581 965 τύμπανόν
600 925 644 953 τε
667 909 794 965 ἔχων,
825 909 896 952 καὶ
917 907 1209 965 ἐκδησάμενος
1229 908 1466 965 ἀγάλματα.

146 1064 298 1117 πρεπέα
324 1061 462 1117 κάρτα.
498 1064 569 1103 ΑΙίἰ
596 1065 677 1103 libri
696 1079 806 1103 vocu-

144 1122 217 1160 lam
254 1118 378 1173 κάρτα
417 1123 600 1160 omittunt.
637 1143 690 1151 —
744 1122 805 1160 De

145 1179 242 1217 cultu
273 1178 410 1218 Matris
429 1179 543 1215 Dezim
573 1179 672 1229 apud
693 1179 804 1228 Cyzi-

146 1249 255 1273 cenos
285 1235 504 1284 W'esseling.
533 1235 658 1272 laudat
680 1235 802 1272 Strab.

146 1292 163 1328 1
183 1305 219 1341 p.
239 1292 294 1333 45
324 1305 352 1328 s.
373 1294 426 1332 76
446 1292 489 1328 Β.
530 1291 632 1339 Cayl.
653 1291 803 1329 Recueil

147 1348 340 1396 d’Antiqq.
370 1348 403 1383 ll
435 1360 520 1397 pag.
555 1349 646 1389 199.
704 1346 800 1384 Add.

147 1404 269 1441 strab.
280 1404 349 1440 Xll
361 1416 445 1453 pag.
459 1405 538 1444 575
554 1417 582 1440 S.
597 1406 678 1444 862
690 1403 731 1440 Α.
743 1425 799 1431 —

145 1460 233 1507 ,‚Cf.
248 1459 366 1496 Valer.
382 1460 502 1496 Flacc.
516 1465 717 1508 Argonaut.
736 1460 801 1506 ΙΙΙ,

144 1518 212 1556 20.
270 1514 401 1552 Matris
432 1517 564 1562 deum,
593 1516 694 1552 cuius
719 1515 804 1553 reli-

143 1573 273 1621 giones
290 1572 336 1608 ab
351 1572 569 1620 Argonautis
585 1572 802 1621 repeteban-

142 1634 222 1675 tur,
247 1628 402 1676 vestigia
431 1628 574 1665 residua
591 1627 628 1663 in
647 1628 802 1676 Cyzice-

142 1697 272 1722 norum
298 1684 438 1728 numis,
477 1691 516 1720 ut
543 1683 657 1721 leonis
691 1687 803 1734 caput

142 1745 209 1778 etc.
238 1739 321 1777 Vid.
342 1739 490 1777 Eckhel.
521 1739 568 1777 D.
585 1739 634 1777 N.
653 1741 698 1777 V.
719 1740 801 1778 Vol.

142 1796 177 1834 ll
205 1809 291 1847 pag.
316 1795 397 1836 453
424 1809 478 1845 sq.
514 1796 694 1834 Mionnet.
723 1796 801 1834 De-

141 1854 264 1903 script.
289 1853 336 1890 de
357 1851 547 1891 Medailles
565 1853 598 1889 ll
619 1853 798 1903 pag.529

143 1922 248 1958 seqq.
303 1914 340 1945 et
388 1909 526 1946 Sestini
566 1909 800 1947 Descrizione

144 1964 242 2013 degli
261 1964 396 2001 Stateri
412 1965 545 2002 antichi
565 1978 649 2015 pag.
670 1966 723 2005 57
743 1978 799 2014 sq.

143 2021 374 2059 Ferebantur
410 2020 646 2070 Argonautae
679 2022 802 2070 Cybe-

145 2077 197 2114 les
232 2078 376 2125 signum
415 2078 584 2126 posuisse
613 2078 651 2115 in
676 2083 801 2115 monte

143 2132 351 2181 Dindymo,
396 2134 495 2182 quod
531 2138 662 2184 postea
699 2133 802 2171 Con-

145 2190 297 2226 stantini
328 2189 425 2226 iussu
460 2189 802 2241 Constantinopolin

142 2246 255 2283 fuerit
273 2245 526 2283 translatum.“
563 2246 594 2283 C
603 2259 630 2282 r.

201 2298 302 2340 κατοῖ
335 2299 382 2339 τοὶ
418 2297 515 2353 ὅρα]
554 2301 689 2339 Matth.
714 2302 801 2339 reti-

142 2359 225 2395 nuit
250 2354 354 2409 ὥρα,
385 2357 468 2394 olim
490 2358 686 2407 vulgatum.
725 2359 801 2395 Ab·

145 2419 201 2452 est
230 2414 359 2451 vocula
381 2411 448 2461 7:02,
479 2416 579 2464 quod
599 2415 648 2451 ita
667 2415 800 2464 probat

145 2470 278 2508 struve
306 2471 328 2508 l.
357 2470 379 2507 l.
402 2471 416 2507 l
444 2484 529 2522 pag.
552 2474 624 2518 36,
656 2476 695 2507 ut
719 2470 798 2508 aliis

147 2538 293 2574 quoque
328 2527 438 2574 locis,
478 2528 538 2564 ubi
566 2527 693 2577 scripti
721 2527 800 2563 libri

148 2582 322 2619 fluctuant
350 2583 416 2631 (ll,
437 2585 502 2625 99.
533 2584 596 2631 IV,
626 2586 689 2624 11.
714 2586 803 2623 112.

149 2636 223 2683 VI,
252 2638 347 2686 88),
378 2643 416 2676 et
438 2638 494 2677 vel
525 2640 569 2676 iis
597 2640 704 2685 locis,
739 2640 802 2677 ubi

149 2704 275 2730 omnes
298 2700 473 2743 quantum
493 2697 619 2733 scimus
638 2696 745 2733 codd.
765 2697 803 2732 in

149 2748 296 2797 vulgata
332 2749 453 2789 κατοέ
493 2751 548 2790 τοὶ
592 2754 805 2802 conspirant

149 2804 242 2851 (lV,
289 2807 380 2846 162.
407 2809 498 2847 201.
540 2808 592 2856 V,
636 2811 700 2850 89.
739 2809 804 2855 w,

149 2860 204 2902 53
225 2860 301 2899 coll.
333 2862 395 2910 VI,
425 2863 492 2911 54,
515 2865 575 2902 ubi
598 2861 803 2918 κατάπερ),

860 1065 1023 1102 voculam
1056 1061 1104 1103 τοὶ
1134 1064 1327 1102 delendam
1358 1069 1520 1113 censeat,

860 1135 938 1160 cum
982 1118 1080 1159 κατοὶ
1119 1122 1216 1158 idem
1253 1122 1374 1159 valeat
1407 1126 1521 1171 atque

859 1172 960 1217 καθ’
979 1174 1016 1216 α’.
1048 1177 1128 1215 Nos
1147 1178 1184 1214 in
1205 1177 1336 1215 talibus
1352 1179 1520 1227 aproba-

858 1240 975 1272 torum
998 1235 1108 1271 codd.
1131 1236 1346 1273 auctoritate
1368 1235 1519 1274 recede-

857 1305 897 1329 re
914 1290 1091 1327 nolumus.

905 1346 972 1385 καὶ
994 1346 1219 1396 παννυχίδα
1245 1342 1427 1397 στήσειν]
1457 1348 1516 1384 Cf.

856 1403 929 1450 Ill,
960 1403 1034 1444 48:
1067 1403 1233 1442 ἵστασαν
1258 1399 1423 1455 χορούς,
1453 1404 1516 1440 ubi

856 1460 928 1496 vid.
947 1463 1038 1496 nott.
1059 1460 1307 1509 παννυχίδα,
1337 1474 1364 1497 s.
1389 1460 1515 1497 Pervi-

857 1516 944 1565 gilia
977 1516 1026 1552 ad
1062 1518 1237 1564 mysteria
1269 1517 1343 1553 sive
1374 1520 1515 1554 secreta

856 1577 1023 1621 spectare
1068 1584 1172 1608 sacra
1216 1573 1383 1618 credam,
1433 1584 1516 1609 eam

856 1628 972 1677 ipsam
992 1627 1039 1664 ob
1059 1639 1203 1665 causam
1221 1634 1331 1664 noctu
1354 1627 1516 1665 celebra-

855 1684 885 1720 ri
909 1683 1025 1720 solita.
1063 1684 1124 1720 Sic
1141 1685 1364 1734 παννυχίδα
1384 1686 1516 1723 ποιεῖν

855 1741 955 1790 apud
980 1739 1122 1777 Platon.
1145 1741 1242 1791 Rep.
1269 1742 1308 1786 Ι,
1345 1744 1381 1781 1.
1431 1739 1516 1776 Ari-

855 1796 975 1846 stoph.
1004 1796 1100 1833 Ran.
1131 1799 1224 1838 373.
1269 1797 1396 1847 Eurip.
1426 1796 1513 1834 Hel.

856 1852 964 1894 1365
982 1852 1060 1889 coll.
1088 1852 1250 1890 Lobeek.
1274 1853 1515 1903 Aglaopham.

854 1909 869 1946 I
893 1921 978 1959 pag.
993 1908 1086 1950 651.
1117 1910 1218 1953 Quos
1237 1909 1336 1947 locos
1353 1909 1438 1946 mihi
1457 1910 1514 1946 in-

855 1965 985 2002 dicavit
1008 1966 1050 2002 C.
1073 1965 1118 2002 F.
1140 1966 1341 2005 Hermann.
1363 1986 1420 1993 —
1455 1965 1514 2003 De

855 2021 1003 2071 Hylaea
1038 2023 1131 2058 conf.
1158 2026 1249 2059 nott.
1278 2023 1326 2058 ad
1354 2022 1424 2067 lv,
1464 2024 1513 2067 93

857 2078 904 2114 de
933 2077 1083 2114 Achillis
1117 2091 1219 2113 cursu
1246 2082 1340 2114 nott.
1373 2079 1422 2114 ad
1448 2076 1512 2123 lv,

856 2133 923 2174 55.
960 2133 1049 2170 Mox
1080 2147 1159 2170 cum
1184 2134 1302 2170 Gaisf.
1329 2134 1452 2184 scripsi
1473 2131 1513 2178 ἒς

855 2184 1006 2239 ταύτην
1026 2186 1074 2227 δὲ
1096 2186 1292 2236 καταδύς,
1315 2190 1375 2226 ubi
1398 2189 1509 2237 vulgo

858 2240 917 2295 δή
948 2258 1015 2295 pro
1044 2244 1103 2284 δέ.
1138 2246 1197 2284 Ad
1217 2246 1364 2283 verbum
1381 2244 1511 2284 ἐπιτε-

856 2306 938 2342 λεῖν
957 2302 1052 2338 conf.
1072 2307 1164 2340 nott.
1180 2303 1229 2340 ad
1248 2303 1303 2347 11,
1334 2304 1398 2343 63.

913 2354 1118 2408 τύμπανον
1149 2374 1190 2397 τε
1222 2356 1341 2408 ἔχων]
1373 2358 1432 2394 Ad
1454 2370 1512 2394 ar-

856 2420 1069 2463 gumentum
1105 2415 1173 2453 loci
1202 2418 1372 2464 spectant
1398 2413 1512 2464 Apol-

854 2471 926 2507 lon.
947 2471 1067 2508 Rhod.
1087 2471 1125 2515 I,
1157 2472 1263 2511 1138
1286 2475 1322 2508 et
1342 2471 1511 2508 Clemens

855 2527 1050 2564 Alexandr.
1083 2528 1120 2564 in
1144 2527 1329 2576 Protrept.
1361 2526 1409 2564 T.
1436 2526 1451 2562 Ι
1474 2540 1511 2576 p.

857 2586 911 2624 20
948 2584 1070 2628 Ρυὶῒ.·,
1127 2597 1224 2633 quae
1264 2584 1359 2620 bene
1396 2582 1515 2619 attulit

859 2639 1080 2688 lVesseling.
1111 2639 1164 2677 Ac
1181 2645 1355 2689 tympana
1374 2639 1422 2674 ad
1440 2638 1516 2687 Cy-

859 2696 958 2733 beles
1001 2708 1102 2733 sacra
1140 2696 1305 2747 proxime
1335 2695 1518 2746 pertinent

860 2753 1084 2802 egregieque
1107 2752 1262 2789 valuisse
1285 2753 1449 2789 dicuntur
1469 2750 1518 2786 ad

861 2821 989 2846 sensus
1027 2809 1234 2846 excitandos
1270 2809 1307 2844 in
1335 2807 1518 2843 hominum

861 2865 1005 2902 rudium
1015 2865 1142 2903 animis
1153 2877 1255 2902 sacro
1268 2865 1425 2914 quodam
1436 2862 1520 2898 hor-
