1904 3304
504 254 590 295 638

502 363 699 418 ρηναίων
734 360 837 405 πόλι
870 361 1130 420 ἐπέστησαν,

897 254 1365 294 HERODOT1

1177 365 1221 407 οἱ
1250 367 1498 421 Κυρηναῖοι
1537 364 1689 422 λόγιόν
1726 373 1824 410 τι55

500 431 813 487 ἀποσιεύμενοι
869 436 1072 491 διεξῆκαν
1127 434 1292 485 αὐτοὺς
1352 435 1424 479 διὰ
1470 441 1551 480 τοῦ
1599 436 1765 490 ἄστεος.

472 503 745 559 Ξδιεξιούσης
774 507 820 550 δὲ
848 511 923 562 τῆς
954 510 1172 563 στρατιῆς,
1216 506 1365 563 Βάρης
1394 507 1472 562 μὲν
1501 507 1525 552 ὁ
1554 514 1636 553 τοῦ
1664 526 1768 553 ναυ-

500 579 626 619 τικοῦ
657 579 847 629 στρατοῦ
868 576 1108 633 στρατηγός
1138 577 1302 621 ἐκέλευε
1333 578 1493 633 αἱρέειν
1519 579 1599 637 τὴν
1626 579 1767 631 πόλιν,

488 646 669 702 ’Ἄμασις
701 647 745 690 δὲ
777 648 800 690 ὁ
830 651 911 691 τοῦ
941 653 1074 702 πεζοῦ
1106 648 1187 692 οὐκ
1218 649 1286 692 ἔα·

1347 683 1373 701 ,,
1386 650 1452 694 ἐπὶ
1474 649 1653 708 Βάρκην
1681 653 1765 708 γάρ

472 718 807 775 3ἅποσταλῆναι
836 719 1008 776 μούνην
1031 719 1259 776 Ἑλληνίδα
1288 721 1465 765 πόλιν.“
1512 721 1555 773 ἐς
1576 723 1602 766 ὃ
1624 725 1824 776 διεξελ-δο

501 794 655 841 θοῦσι,
685 791 759 833 καὶ
789 790 1025 846 ἱζομένοισι
1056 791 1125 834 ἐπὶ
1153 793 1262 843 Διὸς
1284 795 1485 837 Λυκαίου
1515 792 1672 850 ὄχθον,
1700 812 1769 850 με·

500 863 699 918 τεμέλησέ
741 874 819 918 σφι
859 862 914 906 ου’
955 867 1106 919 σχοῦσι
1144 862 1224 920 τήν
1260 864 1499 922 Κυρήνην,
1547 866 1622 909 καὶ
1660 865 1767 910 ἐπει-

504 938 648 988 ρῶντο
678 933 727 977 τὸ
759 935 961 989 δεύτερον
999 936 1202 990 παριέναι
1239 936 1282 987 ἐς
1321 935 1477 993 αὐτήν·
1528 938 1573 980 οἱ
1601 937 1647 981 δὲ
1680 941 1766 980 Kv·

473 1011 678 1062 4ρηναῖοι
709 1004 762 1049 οὐ
789 1006 1042 1061 περιώρεον.
1101 1012 1215 1050 τοῖσι
1245 1007 1291 1051 δὲ
1323 1008 1544 1065 Πέρσῃσι,
1585 1007 1770 1060 οὐδενὸς

497 1077 772 1132 μαχομένου,
814 1077 954 1134 φόβος
985 1079 1173 1122 ἐνέπεσε·
1225 1077 1553 1134 ἀποδραμόντες
1583 1080 1628 1124 δὲ
1660 1080 1767 1125 ὄων

498 1146 705 1202 ἑξήκοντα
737 1148 914 1200 στάδια,
953 1151 1108 1202 ἵζοντο.

500 1307 568 1346 καὶ
586 1307 799 1358 ἱζομένοισι
819 1307 883 1347 ἐπὶ
904 1305 1004 1356 Διός
1020 1312 1106 1347 Λυ-

442 1365 561 1404 καίου
599 1363 756 1416 ὄχθον]
796 1366 854 1403 De
890 1367 1002 1404 verbo
1030 1366 1104 1412 ἵζε-

443 1426 541 1460 σθαι
571 1424 666 1459 conf.
700 1427 792 1460 nott.
819 1423 866 1459 ad
900 1423 971 1469 lv,
1010 1422 1102 1463 145.

440 1478 554 1516 Iovem
573 1480 784 1528 Cyrenaeos
813 1480 967 1517 coluisse
996 1479 1103 1529 plura

439 1536 575 1572 indicia
607 1542 822 1587 supersunt,
862 1549 958 1585 qnae
985 1536 1104 1573 attulit

439 1593 603 1630 Boeckh.
634 1594 679 1630 ad
709 1593 816 1630 Pind.
847 1593 953 1641 Pyth.
986 1593 1037 1629 lx
1065 1605 1103 1642 p.

443 1651 538 1690 328.
570 1648 731 1700 Iuppiter
751 1650 918 1700 Lycaeus
938 1650 972 1685 in
989 1650 1104 1697 Cyre—

444 1719 509 1742 nes
527 1707 617 1743 urbe
630 1706 745 1743 cultus
756 1709 804 1743 ad
820 1719 876 1752 ea,
887 1706 1008 1749 credo,
1019 1717 1103 1755 per-

443 1762 538 1799 tinet
563 1763 725 1809 numina,
755 1775 849 1812 quae
870 1763 988 1799 Dores
1007 1761 1105 1798 colo-

443 1819 480 1854 ni
530 1832 550 1856 e
591 1820 717 1868 patriis
758 1819 906 1856 sedibus
953 1818 1106 1868 profecti

444 1875 482 1910 in
539 1875 717 1912 coloniam
767 1888 887 1912 secum
939 1875 1103 1911 adduxe-

442 1932 526 1970 rint.
567 1931 740 1981 Namque
762 1932 922 1968 Arcades
943 1943 1103 1980 quoque,

440 1988 539 2038 apud
569 2001 661 2038 quos
687 1988 852 2038 proxime
877 1988 999 2024 Iovem
1025 1986 1103 2036 Ly-

440 2057 566 2082 caeum
610 2057 692 2082 esse
724 2045 857 2081 cultum
892 2058 913 2082 e
941 2043 1100 2081 Pausan.

440 2101 545 2148 Vlll,
572 2105 608 2142 2.
627 2103 681 2142 38
708 2101 876 2138 discimus
899 2100 1035 2138 colonis
1058 2113 1103 2137 ex

441 2158 540 2194 omni
574 2158 733 2195 Graecia
760 2159 837 2195 fere
866 2158 1002 2195 coactis
1037 2157 1101 2203 (cf.

437 2214 510 2259 IV,
544 2214 639 2263 159)
670 2215 877 2252 interfuisse
913 2213 1103 2264 probabile

438 2274 505 2308 est.
519 2271 658 2308 ——Pro
677 2269 804 2321 ὄχθον
818 2270 948 2307 Aldina
964 2267 1103 2320 ὄχθην,

436 2327 484 2365 de
521 2340 593 2376 quo
630 2328 784 2365 diximus
818 2328 866 2363 ad
896 2327 968 2374 IV,
1006 2329 1101 2368 201.

436 2382 497 2420 Ad
519 2384 633 2420 verba
658 2382 889 2433 μετεμέλησε
907 2405 963 2411 --
985 2385 1101 2434 σχοῦ·

441 2450 480 2479 σι
499 2441 595 2476 conf.
615 2445 707 2477 nott.
728 2442 773 2477 ad
794 2440 866 2486 IV,
896 2439 987 2481 140.

501 2491 670 2542 ου’δενός
699 2495 942 2547 μαχομένου,
977 2492 1101 2547 φόβος

442 2551 624 2603 ἐνέπεσε]
651 2553 750 2599 „Hic
770 2557 878 2590 terror
896 2554 962 2590 suit
983 2553 1103 2591 Grae-

443 2610 493 2646 cis
513 2609 672 2646 Punicus
692 2611 824 2656 dictus,
852 2611 950 2647 cuius
974 2614 1103 2660 utpote

445 2666 616 2703 divinitus
643 2666 789 2703 immissi
816 2679 889 2703 non
909 2671 1104 2715 appareret

444 2723 550 2759 ratio.
572 2722 739 2771 Thucyd.
752 2723 911 2769 V11‚80.
932 2723 993 2770 w,
1009 2723 1100 2764 125.

443 2778 566 2829 Eurip.
609 2779 721 2817 Rhes.
760 2781 826 2821 36.
865 2780 1015 2816 Cornut.
1053 2779 1101 2818 de

443 2834 532 2873 Nat.
562 2834 674 2873 Deor.
699 2839 767 2878 27.
805 2835 974 2872 Eustath.
1000 2837 1035 2871 in
1059 2835 1098 2872 ll.

447 2887 478 2931 0'
499 2906 535 2943 p·
561 2895 681 2941 1021,
710 2894 777 2934 32.
811 2892 870 2930 De
887 2891 1099 2944 appellatio-

1171 1149 1394 1204 ἱδρυθέντι
1425 1150 1470 1193 δὲ
1500 1155 1561 1207 τῷ
1590 1163 1765 1206 στρατο·
1778 1158 1823 1192 65

1161 1310 1220 1347 nis
1263 1310 1406 1358 origine
1444 1314 1601 1359 egerunt
1635 1310 1823 1349 Eratosth.

1162 1367 1302 1403 Catast.
1327 1369 1393 1406 27.
1424 1366 1606 1404 Plutarch.
1634 1367 1693 1405 De
1716 1368 1762 1404 Is.
1787 1372 1825 1406 ct

1161 1424 1258 1460 Osis.
1284 1421 1320 1473 ἓ.
1342 1424 1392 1464 14
1423 1429 1459 1461 et
1489 1424 1664 1473 Polyaen.
1688 1424 1725 1471 l,
1756 1426 1824 1464 2.“

1165 1479 1379 1517 Valcken.
1420 1480 1481 1518 Tu
1516 1482 1602 1520 add.
1646 1481 1821 1519 Creuzer.

1160 1537 1321 1585 Symbol.
1340 1536 1391 1574 111
1412 1550 1450 1587 p.
1472 1540 1568 1578 232.

1217 1644 1516 1699 ἀποδραμόντες
1541 1646 1583 1687 δὲ
1613 1644 1711 1688 ὅσον
1729 1663 1766 1688 κ.
1790 1664 1822 1688 τ.

1159 1704 1215 1755 λ.]
1252 1706 1346 1742 Cum
1377 1705 1510 1743 Matth.
1537 1706 1670 1744 retinui
1698 1704 1762 1753 δέ,
1800 1719 1822 1744 e

1160 1762 1374 1799 Florentino
1401 1762 1493 1799 libro
1521 1774 1543 1798 a
1559 1762 1763 1812 Schweigh.
1784 1768 1823 1800 et

1161 1819 1277 1856 Gaisf.
1303 1823 1479 1855 mutatum
1500 1819 1535 1855 in
1558 1833 1618 1866 τες
1653 1819 1754 1868 quod
1770 1819 1822 1857 ita

1160 1876 1247 1925 poni
1267 1887 1375 1925 posse
1393 1880 1430 1913 et
1450 1875 1680 1924 Thucydidis
1712 1874 1772 1927 (cf.
1794 1875 1821 1922 l,

1160 1934 1198 1972 9.
1233 1932 1304 1978 vl,
1335 1933 1405 1979 20)
1452 1936 1489 1968 et
1519 1931 1702 1969 Plutarchi
1735 1944 1822 1969 usus

1160 1989 1355 2025 ostendere
1379 1988 1543 2034 videtur,
1576 1988 1623 2026 de
1651 2001 1724 2038 quo
1745 1988 1822 2026 dixi

1159 2045 1207 2081 ad
1238 2044 1366 2093 Pyrrh.
1396 2046 1421 2084 7
1451 2057 1538 2095 pag.
1573 2045 1663 2085 158.
1723 2045 1820 2082 Add.

1159 2101 1299 2138 Herod.
1339 2099 1410 2147 lV,
1447 2102 1521 2145 33,
1557 2101 1618 2138 ubi
1656 2102 1821 2152 reposui-

1159 2170 1240 2195 mus
1274 2151 1394 2196 πόλιν
1429 2171 1478 2196 τε
1505 2156 1545 2204 ἐς
1569 2152 1690 2196 πόλιν
1719 2155 1819 2208 πέμ-

1159 2228 1250 2253 πειν
1264 2227 1330 2264 pro
1346 2209 1460 2253 πόλιν
1481 2212 1541 2253 δέ.
1573 2214 1684 2251 Haud
1694 2214 1821 2264 displi-

1159 2276 1217 2308 cet
1234 2271 1422 2309 Schaeferi
1440 2271 1616 2309 correctio
1641 2266 1818 2321 ἀποδρα-

1160 2322 1298 2378 μόντες
1320 2325 1372 2366 δὲ
1397 2323 1492 2367 ὅσον
1511 2342 1580 2375 τε,
1609 2328 1719 2364 modo
1737 2326 1820 2364 libri

1159 2385 1283 2434 scripti
1309 2385 1532 2422 addicerent.
1573 2383 1662 2421 Mox
1691 2396 1819 2420 omnes

1158 2441 1266 2478 codd.
1289 2440 1420 2487 ἵζοντο
1433 2470 1444 2489 ,
1473 2441 1522 2478 de
1541 2453 1613 2489 quo
1631 2439 1703 2477 vid.
1724 2445 1815 2477 nott.

1157 2498 1205 2535 ad
1227 2497 1296 2544 lV,
1330 2497 1420 2538 145.
1451 2496 1523 2534 Pro
1545 2492 1686 2535 ἐπόδια
1717 2497 1758 2545 (i.
1783 2509 1815 2534 e.

1160 2557 1365 2591 commeatus
1394 2553 1442 2590 ad
1467 2555 1562 2589 viam
1586 2555 1815 2598 necessarius,

1158 2609 1343 2659 viaticum)
1374 2608 1495 2660 plures
1522 2609 1632 2646 codd.
1659 2607 1815 2659 ἐφόδια,

1158 2668 1220 2716 qui
1246 2679 1372 2704 omnes
1399 2665 1470 2712 Vl,
1508 2668 1562 2707 70
1595 2666 1632 2702 in
1660 2666 1815 2704 lectione

1156 2720 1294 2763 ἐπόδια
1318 2722 1538 2772 conspirant.
1565 2743 1622 2750 ——
1673 2722 1714 2759 ln
1742 2723 1814 2760 fine

1158 2792 1236 2830 cap.
1278 2774 1408 2817 αὐτῶν
1439 2778 1527 2816 dedi
1555 2791 1622 2829 pro
1649 2774 1812 2818 αὐτέων.

1156 2835 1216 2873 Ad
1269 2836 1422 2872 sormam
1479 2829 1668 2875 ἀπικέατο
1715 2836 1812 2873 cons.

1156 2892 1290 2930 Matth.
1313 2892 1378 2929 Gr.
1402 2892 1469 2930 Gr.
1490 2905 1528 2942 p.
1547 2894 1630 2933 377
1650 2904 1728 2941 seq.
