1904 3304
580 236 924 278 THALIA.
980 239 1044 280 ΙΙΙ.

1365 243 1448 284 145

121 347 306 392 11ποιὲει
337 344 478 391 οὐδέν.
535 346 659 405 πάλῳ
699 348 778 404 μὲν
815 347 951 404 ἀρχὰς
991 348 1133 405 ὄέρχει,
1183 348 1503 395 ὑπεύθυνον45

174 419 220 463 δὲ
250 418 385 476 ἀρχὴν
414 419 497 475 ἔχει
508 454 519 471 ,

175 488 395 546 ἀναφέρει.

561 419 840 476 βουλεύματα
872 419 918 463 δὲ
948 418 1089 463 πάντα
1129 419 1171 470 ἒς
1211 419 1261 464 to*
1293 421 1448 466 κοινόν

470 493 655 548 Τίθεμαι
699 486 760 534 ὧν
808 490 1010 548 γνώμην,
1071 489 1271 547 μετέντας
1311 491 1447 548 ἡμέας

171 565 460 619 μουναρχίην,
503 563 552 606 τὸ
589 567 759 619 πλῆθος
797 561 951 614 ἀέξειν·
1001 561 1049 604 ἐν
1085 561 1180 618 ydor
1207 565 1269 620 τῷ
1297 565 1448 619 πολλῷ

172 634 319 698 ἔνι-(τοὶ
348 635 543 678 πάντα.“
599 632 780 691 Ὀτάνης
809 633 888 690 μὲν
906 632 959 690 δή
988 632 1152 690 ταύτην
1169 634 1249 691 τὴν
1267 634 1501 691 γνώμηνὸο

115 839 213 876 cedit
240 838 326 876 iude
353 838 413 875 illa
442 838 590 887 quidem
611 838 659 874 ad
690 836 777 887 ι’ση-

114 895 279 947 γορίανς
312 899 464 944 utraque
480 899 601 932 autem
622 894 777 931 maxime

113 953 274 1003 pertinet
303 952 351 988 ad
387 950 602 1002 popularem
635 950 775 1000 imperii

115 1013 262 1054 statum,
283 1009 358 1045 sive
369 1008 639 1045 democratiam.
666 1008 777 1044 conf.

114 1065 159 1102 C.
179 1065 240 1101 Fr.
267 1065 467 1101 Hermann.
487 1064 679 1101 Lehrbuch
711 1064 778 1101 der

114 1121 260 1158 Griech.
279 1121 548 1158 Staatsalterth.
574 1119 611 1171 ἓ.
626 1123 680 1162 66
701 1125 777 1157 not.

114 1180 166 1224 6,
197 1179 258 1227 qui
287 1178 384 1215 idem
406 1182 482 1214 not.
515 1180 536 1218 1
567 1179 613 1215 de
638 1177 777 1215 Demo-

114 1235 249 1271 cratiae
284 1233 452 1271 laudibus
495 1234 532 1270 in
568 1234 776 1271 universum

115 1289 324 1328 consulatur
344 1291 392 1327 ad
413 1291 448 1327 h.
468 1290 491 1326 l.

170 1342 282 1400 πάλῳ
305 1344 377 1395 μὲν
400 1342 523 1397 α’ρχσὶς
543 1343 667 1396 ἄρχει]
699 1347 721 1384 i.
743 1360 775 1384 e.

115 1407 204 1439 sorte
234 1405 328 1451 gerit
360 1405 616 1451 magistratu&
646 1408 777 1452 quate-

113 1473 181 1496 nus
204 1473 267 1506 sc.‚
299 1461 359 1508 qui
381 1460 611 1508 magistratus
633 1464 776 1509 gerant,

113 1521 210 1553 sorte
222 1515 403 1563 eliguntur
414 1519 508 1553 inter
519 1518 614 1554 cives
628 1530 702 1563 eos,
713 1517 775 1566 qui

112 1573 277 1610 examine
294 1579 379 1610 ante
397 1574 576 1619 instituto,
597 1574 683 1610 satis
697 1574 776 1611 fue-

111 1629 182 1666 rint
219 1629 386 1678 probati3
434 1629 470 1665 id
513 1630 632 1678 quod,
678 1634 774 1667 teste

111 1684 309 1722 Aristotele
336 1686 373 1723 in
401 1685 505 1722 Polit.
537 1686 607 1732 lV,
632 1689 657 1727 7
687 1685 723 1737 ᾗ.
747 1688 773 1727 3

111 1742 280 1778 Schneid.
314 1755 380 1792 pro
412 1742 567 1779 maximo
596 1743 774 1780 libertatis

111 1799 244 1835 indicio
266 1811 331 1847 per
346 1799 524 1836 Graeciae
550 1800 712 1837 civitates
733 1799 775 1835 li-

113 1855 220 1892 beras
242 1854 456 1892 habebatur.
516 1855 570 1893 Ac
598 1857 686 1892 satis
708 1869 775 1893 no-

112 1916 188 1947 tum
238 1915 316 1955 est,
355 1911 505 1948 Athenis
548 1913 774 1962 potissimum

113 1979 238 2003 omnes
261 1967 336 2003 fere
354 1968 585 2015 magistratus
606 1970 657 2005 sic
675 1973 775 2006 sorte

111 2023 226 2060 fuisse
243 2022 382 2059 delatos
400 2024 436 2059 in
447 2037 564 2072 eoque
578 2025 658 2075 ipso
669 2025 775 2062 valde

114 2079 180 2115 sibi
205 2077 385 2128 placuisse
402 2080 586 2130 populum.
618 2081 705 2117 Aliis
724 2081 779 2117 lo-

112 2135 267 2172 cisidem
287 2135 486 2173 obtinuisse
495 2140 598 2187 patet
610 2150 654 2174 ex
674 2137 776 2174 Titt-

111 2204 232 2228 mann.
255 2191 428 2229 Darstell.
462 2193 528 2230 der
549 2193 773 2231 Griechisch.

112 2249 328 2285 Staatsverf.
356 2261 441 2299 pag.
467 2250 548 2290 538
577 2250 657 2287 coll.
687 2263 773 2300 pag.

111 2305 192 2345 308
210 2329 260 2333 -
274 2304 370 2351 314,
393 2307 453 2341 ubi
476 2306 637 2354 singulos
657 2308 774 2355 magi—

113 2365 366 2408 stratus,sorte
383 2360 535 2399 Athenis
548 2363 696 2409 electos,
718 2377 774 2400 re-

112 2422 247 2454 censet.
295 2416 392 2454 Add.
416 2419 458 2455 C.
482 2419 544 2456 Fr.
571 2420 772 2457 Hermann.

111 2472 134 2510 l.
164 2472 187 2509 l.
222 2471 363 2523 §.149
400 2479 476 2511 not.
503 2478 541 2515 2.
574 2476 642 2513 Cr.
676 2477 771 2513 conf.

111 2528 396 2580 Harencarspel:
428 2530 485 2568 De
497 2532 631 2569 tribun.
656 2532 772 2582 plebis

111 2585 347 2632 institutione,
360 2586 459 2624 Trai.
472 2588 519 2624 ad
531 2588 648 2627 Rhen.
665 2591 773 2630 1820

111 2653 196 2690 pag.
218 2644 255 2681 2.

170 2692 407 2736 ’ὑπεύθυνον
443 2697 486 2739 δὲ
518 2696 646 2752 οἷρχήν
677 2700 769 2752 ἔχει]

113 2752 350 2790 Constituunt
372 2754 473 2801 haec,
494 2758 548 2796 vel
566 2763 663 2796 certe
685 2771 772 2795 con-

113 2810 261 2846 stituere
271 2810 507 2859 putabantur,
520 2819 687 2851 naturam
699 2815 770 2852 rei-

112 2865 275 2914 publicae
305 2866 441 2902 liberae
470 2870 567 2920 apud
594 2871 771 2917 Graecos,

166 2920 374 2958 HERODOT.
393 2920 440 2958 ΙΙ.

835 838 877 872 ut
915 834 1151 884 magistratus
1196 835 1329 886 singuli
1374 849 1502 875 mune·

835 893 884 928 ris
915 892 1094 929 rationem
1121 892 1258 941 populo
1288 893 1502 931 redderent.

836 949 950 993 Quod
974 947 1127 985 Athenis
1150 948 1314 998 inprimis
1345 949 1503 988 valuisse

832 1018 941 1042 nemo
961 1008 1037 1051 est,
1068 1004 1131 1054 qui
1157 1006 1308 1043 nesciat.
1328 1028 1383 1033 ——
1413 1006 1502 1044 Plu-

831 1062 923 1099 rima
943 1061 1061 1098 hanc
1052 1074 1088 1098 ιιι
1107 1073 1182 1099 rem
1207 1061 1414 1100 Tittmann.
1432 1062 1455 1100 l.
1474 1063 1499 1101 l.

832 1132 918 1170 pag.
939 1117 1023 1160 324
1041 1130 1145 1167 seqq.
1189 1118 1289 1156 Hinc
1307 1132 1369 1156 rex
1390 1132 1420 1157 s.
1442 1123 1502 1169 ty-

833 1187 968 1212 rann-is
998 1169 1251 1223 ἄνεύθυνος;
1282 1175 1365 1213 vide
1387 1189 1500 1227 supra

831 1236 927 1268 nott.

890 1283 1143 1339 βουλεύματα
1171 1285 1214 1327 δὲ
1238 1283 1370 1327 πάντα
1394 1287 1435 1336 ἒς
1458 1285 1502 1328 τὸ

832 1341 968 1384 κοινὸν
1003 1340 1218 1396 ἀναφέρει]
1250 1345 1291 1381 In
1318 1345 1501 1384 Graeciae

832 1402 1036 1438 civitatibus
1046 1401 1169 1439 liberis
1185 1402 1305 1438 omnia
1316 1402 1362 1439 ad
1380 1414 1501 1452 popu-

831 1458 905 1495 lum
929 1459 1082 1507 eiusque
1095 1459 1287 1495 conciones
1307 1457 1419 1495 relata
1440 1459 1498 1495 in-

832 1516 952 1564 deque
971 1515 1073 1552 unice
1092 1526 1269 1565 suspensa
1286 1514 1411 1561 fuisse,
1443 1515 1495 1552 ita

832 1575 873 1608 ut
896 1571 987 1608 liber
1011 1571 1169 1621 populus
1193 1572 1229 1607 in
1252 1571 1426 1608 concione
1448 1571 1497 1609 de

832 1628 1013 1673 omnibus,
1045 1640 1141 1676 quae
1160 1628 1208 1664 ad
1225 1628 1423 1674 civitatem,
1447 1627 1496 1664 ad

831 1685 1018 1733 regiminis
1050 1684 1227 1732 formam,
1267 1684 1315 1722 ad
1350 1683 1499 1731 iudicia,

832 1741 902 1779 alia
923 1741 1161 1790 pertinerent,
1173 1753 1312 1777 summo
1332 1739 1411 1777 loco
1433 1741 1501 1777 de-

832 1801 1016 1845 cerneret,
1055 1797 1236 1834 neminem
1267 1798 1371 1846 sugit.
1413 1796 1498 1834 Vid.

832 1854 1037 1891 Tittmann.
1059 1853 1081 1890 l.
1100 1853 1121 1890 l.
1143 1867 1180 1904 p.
1204 1852 1284 1894 144
1303 1866 1379 1902 seq.
1409 1853 1498 1902 ibiq.

831 1909 1071 1948 Demosthen.
1091 1911 1128 1947 in
1150 1910 1286 1947 Neaer.
1308 1923 1345 1960 p.
1369 1909 1497 1951 1375·

833 1965 856 2006 ὁ
876 1982 950 2018 γαρ
975 1967 1102 2017 δῆμος
1125 1965 1148 2006 ὁ
1167 1961 1397 2016 Ἀθηναίων
1420 1980 1497 2004 κυ-

837 2019 1027 2091 ριοόΙτατος
1057 2018 1114 2061 ὠν
1142 2037 1223 2060 των
1244 2022 1286 2062 ἐν
1306 2025 1357 2089 τῇ
1382 2017 1497 2061 πόλει

836 2074 1027 2117 cinam-mv
1054 2077 1122 2117 καὶ
1153 2075 1244 2125 ἕξον
1273 2074 1380 2117 αὕτω
1410 2093 1497 2117 ποι-

836 2139 893 2174 εῖν
924 2131 958 2181 o'‚
963 2150 999 2173 τι
1028 2130 1078 2173 ἂν
1108 2131 1301 2185 βούληται
1332 2150 1366 2173 κ.
1398 2150 1429 2174 τ.
1463 2137 1495 2173 λ.

834 2192 959 2236 Quare
987 2192 1103 2229 Cicer.
1139 2191 1197 2228 De
1213 2191 1353 2242 republ.
1367 2191 1395 2238 I,
1418 2193 1494 2231 27:

831 2248 1099 2296 „Athenienses
1121 2248 1338 2297 quibusdam
1351 2252 1497 2298 tempo-

830 2306 929 2342 ribus
950 2304 1092 2341 sublato
1114 2305 1311 2355 Areopago
1332 2303 1417 2340 nihil
1439 2304 1497 2340 ni-

831 2362 859 2397 si
883 2362 1008 2411 populi
1035 2361 1134 2398 scitis
1156 2362 1328 2410 agebant.
1375 2360 1496 2397 Athe-

830 2430 896 2455 nas
926 2423 1047 2455 autem
1072 2422 1184 2466 atque
1215 2417 1494 2454 Atheniensium

829 2474 1085 2524 rempublicam
1113 2474 1149 2510 in
1170 2473 1394 2510 Herodoteis
1423 2486 1494 2523 po-

830 2531 1008 2568 tissimum
1038 2529 1268 2580 respicienda
1300 2542 1400 2577 esse,
1437 2529 1495 2566 vix

827 2588 967 2624 monitu
989 2600 1092 2638 0.pus

886 2643 928 2682 ἐν
942 2659 1015 2694 γαρ
1034 2646 1091 2697 τῷ
1110 2640 1267 2696 πολλῷ’
1255 2640 1313 2680 ε’νι
1325 2637 1373 2680 τοῖ
1392 2635 1494 2680 ποῖν-

829 2700 892 2751 τα]
923 2700 1028 2737 Haec
1044 2701 1090 2737 ad
1110 2698 1353 2747 Anaxagorae
1371 2697 1491 2767 philo-

828 2756 932 2807 sophi
944 2761 1180 2825 praeceptum
1194 2754 1252 2803 (ἐν
1264 2753 1383 2794 παντὶ
1392 2768 1491 2791 παν-

827 2810 891 2859 τὸς
925 2816 1044 2863 μοῖρα
1074 2811 1201 2850 ἔνεστι
1230 2808 1338 2861 πλήν
1373 2805 1490 2857 νόου)

827 2873 995 2920 spectare
1027 2869 1225 2906 arbitratur
1252 2867 1313 2905 W.
1337 2866 1488 2904 Schorn.
