1904 3304
319 274 402 314 652
470 271 800 311 EXCURSUS
830 270 879 308 IV
910 270 986 308 AD
1017 269 1439 319 HERODOT.111,
1473 270 1563 313 115.

262 390 358 424 teres
384 385 619 436 appellabant
645 388 829 431 stannum,
863 383 1106 429 recentiores,
1146 386 1185 419 ut
1204 386 1329 419 monet
1348 383 1570 421 Beckmann.
1598 381 1621 419 l.
1641 381 1664 419 l.
1682 394 1769 432 pag.

263 455 368 500 321,
397 452 519 498 Werk;
550 465 768 502 quamquam
798 450 856 489 vel
885 450 1085 499 antiquitus
1116 453 1279 486 stannum
1311 450 1466 488 subinde
1493 451 1563 488 dici
1595 449 1771 487 Nostrum

266 521 367 558 Zinn
387 522 444 560 vel
474 520 582 558 aliam
609 521 796 570 quandam
818 518 1100 570 splendidiorem
1123 517 1259 555 metalli
1280 519 1490 564 mixturam,
1519 517 1652 555 Linkio
1670 516 1772 554 vide-

265 593 326 626 tur
356 588 546 640 probabile
578 586 600 624 l.
629 588 652 624 l.
680 601 717 638 p.
742 589 837 627 266.
896 585 1071 624 Nostrum
1099 584 1185 623 Blez'
1209 587 1366 624 Romani
1399 586 1569 624 dicebant
1592 585 1771 636 plumbum

264 659 425 706 nigrum,
457 656 586 694 eodem
608 657 826 694 observante
847 654 956 691 Link.

377 724 436 762 De
472 725 552 774 ipsa
584 736 673 761 voce
701 722 930 774 κασσίτερος
970 721 1120 770 eiusque
1158 725 1282 771 etymo
1319 722 1562 760 diversimode
1593 724 1771 760 statuunt.

265 791 361 830 Nam
383 804 427 829 ex
447 791 550 828 India
571 796 611 828 ut
637 791 823 829 metallum
847 791 898 828 ita
923 802 1055 826 nomen
1076 802 1221 839 quoque
1241 790 1316 827 eius
1334 794 1419 827 sunt
1443 791 1506 840 qui
1526 791 1674 828 ductum
1692 802 1772 827 esse

265 861 510 906 contendant,
535 860 803 897 Sanscridanae
822 860 968 908 linguae
991 858 1186 896 afferentes
1214 869 1338 894 vocem
1367 859 1495 902 tirum,
1534 871 1629 908 quae
1650 857 1772 909 plum-

267 929 353 965 bum
371 928 569 977 significet,
598 931 661 965 aut
682 928 730 964 ad
749 927 903 964 insulam
923 927 1083 964 Indicam
1108 925 1231 962 caslaela
1257 928 1507 975 provocantes.
1538 926 1644 970 Quae
1664 938 1772 976 quam

264 996 405 1034 incerta
423 996 520 1043 sint,
551 996 667 1045 quivis
687 999 821 1045 sponte
843 994 1021 1043 intelligit.
1052 994 1160 1031 Conf.
1177 993 1286 1030 Link.
1313 993 1333 1030 l.
1357 993 1380 1031 l.
1403 1007 1439 1044 p.
1461 993 1555 1036 265.
1602 993 1635 1031 E
1654 994 1776 1032 Phoe·

263 1064 384 1101 nicum
405 1064 529 1113 lIngua
547 1076 673 1101 vocem
697 1070 861 1113 repetere
877 1064 1015 1100 mavult
1035 1062 1204 1100 Bochart.
1225 1063 1261 1098 in
1283 1062 1448 1099 Canaan.
1468 1062 1483 1098 I
1504 1075 1585 1113 cap.
1609 1064 1662 1102 39
1693 1075 1773 1100 cum

263 1132 408 1170 Graeca
436 1145 506 1169 vox
525 1131 747 1169 Chaldaicae
769 1143 797 1167 s.
815 1129 994 1167 Arabicae
1029 1131 1106 1167 voci
1138 1129 1259 1166 similis
1290 1133 1408 1167 sonet.
1466 1128 1563 1166 Nam
1587 1142 1654 1180 pro
1682 1124 1772 1168 ιγ’-13

261 1200 331 1248 (IV
350 1199 445 1238 Mos.
468 1199 604 1246 XXXI,
626 1201 699 1246 22)
720 1199 757 1235 in
778 1198 833 1234 his
853 1197 1016 1234 dialectis
1036 1197 1187 1247 reperiri
1200 1196 1372 1243 Kastira,
1403 1196 1555 1233 Kistara
1575 1201 1611 1234 et
1625 1196 1775 1247 Kasdir,

261 1268 432 1318 adeoque
452 1267 695 1311 Kastiterz‘om
732 1266 822 1312 nisi,
851 1277 946 1314 quae
965 1264 1107 1314 Vogelii
1130 1267 1185 1301 est
1202 1265 1385 1301 sententia
1406 1278 1442 1315 p.
1464 1267 1543 1306 109
1567 1264 1589 1301 Ι.
1613 1264 1636 1302 l.
1648 1294 1661 1311 ,
1705 1265 1775 1304 hae

260 1336 366 1386 ipsae
399 1348 508 1374 voces
547 1335 693 1373 serioris
729 1335 801 1371 sint
829 1333 981 1380 aetatis,
1039 1333 1087 1369 ad
1117 1332 1296 1370 Graecum
1336 1331 1550 1370 vocabulum
1584 1333 1774 1373 confictae.

262 1403 507 1442 Nihilominus
528 1403 572 1441 A.
598 1403 645 1440 G.
663 1401 842 1451 Schlegel.
866 1401 1026 1449 (Indien.
1056 1400 1223 1439 Berliner
1241 1400 1505 1438 Taschenbuch
1533 1404 1640 1443 1829
1661 1415 1699 1452 p.
1727 1403 1774 1452 8)

261 1484 395 1509 nomen
431 1472 660 1523 κασσίτερος
683 1484 763 1508 cum
788 1470 1036 1507 Sanscridana
1059 1482 1147 1507 voce
1166 1467 1316 1507 Kastfra
1338 1470 1530 1507 convenire
1553 1470 1623 1516 ait·‚
1662 1471 1715 1508 ita
1734 1476 1776 1509 ut

261 1540 416 1577 forsitan
436 1541 637 1578 Phoenices
658 1540 727 1577 hoc
745 1537 926 1576 metallum
945 1537 1045 1588 prius
1074 1550 1119 1575 ex
1137 1538 1242 1574 India
1262 1550 1371 1587 quam
1397 1550 1441 1574 ex
1460 1537 1650 1575 Britannia
1668 1551 1775 1590 repe-

262 1608 399 1645 tierint.
455 1608 565 1652 Quod
597 1608 684 1646 mihi
713 1608 862 1657 quidem
892 1619 966 1643 non
995 1606 1177 1656 persuasit
1198 1606 1252 1642 vir
1273 1606 1412 1643 doctus.
1470 1604 1521 1641 Et
1544 1605 1612 1643 hac
1633 1606 1669 1643 in
1690 1619 1775 1644 sen-

263 1677 379 1714 tentia
408 1676 586 1723 dicenda,
632 1680 673 1713 ut
702 1675 841 1712 monuit
872 1673 962 1720 Cr„
993 1686 1120 1724 parum
1148 1673 1214 1710 sibi
1242 1674 1360 1723 ipsum
1385 1677 1554 1711 constare
1578 1674 1711 1712 iudicat
1727 1674 1771 1713 A.

260 1745 406 1794 Benary
426 1745 462 1782 in
483 1743 619 1782 Berlin.
638 1743 788 1780 Jahrbb.
811 1743 847 1779 d.
873 1741 1079 1779 wissensch.
1101 1741 1224 1778 Kritik
1252 1743 1356 1781 1831
1379 1754 1414 1791 p-
1436 1740 1528 1782 759-
