1904 3304
88 946 156 993 67

498 264 1059 306 MELPOMENE.

215 380 296 422 τοῦ
323 379 470 432 νομῷ,
517 377 648 433 κιρνᾷ
683 377 875 430 κρητῆρα
913 375 1061 426 οἴνου,

215 452 304 492 ’τῶν
341 444 557 490 Σκυθέων
595 450 708 489 τοῖσι
752 445 907 499 ἄνδρες
947 444 1143 500 πολέμιοι
1189 442 1474 500 ἀραιρημένοι

187 518 334 561 Ξέωσι.
390 522 503 560 τοῖσι
545 515 588 560 δ’
623 516 679 560 ἂν
708 515 766 572 μὴ
797 515 1142 571 κατεργασμένον
1171 511 1200 571 ᾗ
1230 518 1385 567 τοῦτο,
1415 513 1524 559 ού35

1117 264 1180 306 IV.
1392 266 1476 306 409

212 588 417 645 γεύονται
455 592 534 632 τοῦ
566 589 694 631 οἴνου
721 587 906 636 τούτου,
955 585 1049 630 ἀλλ’
1082 586 1343 642 ἠτιμωμένοι
1372 585 1478 629 ἀπο-

186 660 446 703 3κατέαται·
486 658 654 710 ὄνειδος
674 659 719 702 δέ
747 660 826 714 σφί
854 658 942 701 ἐστι
971 657 1172 713 μέγιστον
1192 661 1334 700 τοῦτο.
1379 657 1477 701 ὅσοι

214 730 260 774 δὲ
292 730 345 774 ἂν
376 728 522 774 αὐτῶν
552 730 623 773 καὶ
662 729 801 782 κάρτα
828 728 1019 778 πολλοὺς
1049 728 1211 781 ἄνδρας
1249 727 1480 784 ἀναιρηκό-

212 817 281 852 τες
311 801 436 857 ἔωσι,
467 796 592 845 οὗτοι
622 801 667 844 δὲ
691 799 858 844 σύνδυο
883 799 1062 850 κύλικας
1083 799 1269 854 ἔχοντες,
1300 801 1479 843 πίνουσι

214 871 341 928 ὁμοῦ.

327 942 520 994 ΙῑῙάντιες
550 943 595 986 δὲ
616 941 832 985 Σκυθέων
861 941 940 984 εἰσὶ
969 940 1136 991 πολλοὶ,
1172 943 1215 984 οἳ
1236 941 1525 996 μαντεύον-4Ο

187 1021 292 1058 Ξται
324 1015 526 1070 ῥάβδοισι
556 1016 738 1070 ἰτεΐνῃσι
758 1017 943 1071 πολλῇσι
963 1007 1057 1056 ὦδε.
1099 1011 1230 1056 ἐπεάν
1259 1012 1478 1069 φακέλους

159 1156 227 1193 illis
249 1169 314 1206 pro
335 1169 435 1194 more
457 1156 565 1194 etiam
583 1157 708 1192 occisos
728 1168 819 1193 esse.

160 1233 216 1241 —
244 1213 286 1250 ln
312 1213 384 1250 fine
413 1225 492 1263 cap,
515 1226 580 1263 pro
607 1208 820 1263 ἁναιρηκό-

162 1284 244 1316 τες,
276 1271 374 1306 cuius
405 1269 484 1306 loco
505 1269 720 1306 Schaeferus
748 1281 821 1305 uno

161 1326 253 1363 libro
301 1328 435 1376 scripto
471 1327 615 1362 adiutus
658 1325 824 1375 reposuit

165 1378 448 1433 ἆραιρηκότες,
477 1382 682 1431 Schweigh.
708 1382 825 1431 suspi-

164 1444 266 1476 catur
289 1434 604 1489 τῖναραιρηκὸτες.

221 1493 376 1541 ὄνειδος
412 1495 453 1533 δέ
495 1495 567 1542 σφί
607 1492 686 1532 ἐστι
718 1490 824 1542 με’γμ

165 1563 257 1590 στον
276 1552 416 1601 τοῦτο]
444 1550 631 1588 Pertinent
650 1550 719 1586 huc
740 1550 823 1585 Me-

165 1607 222 1645 lae
258 1609 370 1644 verba
407 1607 462 1653 11,
503 1609 548 1654 1,
597 1607 696 1646 118:
745 1604 825 1651 „Ut

165 1665 321 1713 quisque
351 1663 471 1714 plures
499 1663 740 1708 interemerit,
772 1662 825 1697 ita

165 1722 267 1771 apud
286 1733 348 1758 eos
362 1721 517 1757 habetur
530 1720 694 1756 eximius.
728 1717 826 1754 Cae-

166 1782 286 1814 terum
340 1781 527 1827 expertem
568 1789 648 1813 esse
690 1774 826 1820 caedis,

167 1834 261 1871 inter
303 1833 501 1884 opprobria
540 1831 596 1870 vel
632 1832 824 1868 maximum

169 1891 266 1927 est.“
303 1910 358 1917 —-
405 1889 533 1936 „lnter
573 1888 697 1938 epulas
735 1890 825 1936 quot

169 1947 324 1995 quisque
343 1946 560 1983 interfecerit
582 1946 729 1990 referre,
751 1943 826 1980 lae-

170 2003 308 2039 tissima
341 2006 378 2039 et
405 2002 697 2050 frequentissima
725 2012 827 2036 men-

171 2059 244 2096 tio:
276 2059 415 2095 binisve
433 2058 594 2108 poculis,
624 2058 682 2105 qui
714 2055 827 2105 pluri-

171 2127 249 2153 mos
269 2115 422 2152 retulere
439 2117 646 2164 perpotant.
683 2113 718 2149 Is
736 2113 829 2148 inter

173 2170 355 2209 Auchetas
393 2170 500 2219 [conf.
531 2169 603 2215 IV,
634 2169 673 2218 6]
712 2169 829 2204 honos

172 2228 387 2279 praecipuus
407 2231 472 2263 est.
508 2225 643 2262 Pocula
659 2229 698 2262 ut
719 2224 831 2261 Esse-

173 2285 289 2321 dones
314 2288 504 2333 parentum
532 2281 642 2332 [conf.
669 2286 760 2318 nott.
781 2281 830 2316 ad

173 2340 245 2387 IV,
288 2338 379 2390 26]‚
419 2341 471 2376 ita
509 2338 831 2375 inimicissimorum

175 2397 350 2446 capitibus
409 2395 641 2446 expoliunt.‘.‘
712 2394 832 2431 Verba

178 2450 327 2492 σύνδυο
352 2449 514 2498 κύλικας
536 2451 686 2501 ἔχοντες
709 2453 832 2487 iuncta

179 2510 262 2545 bina
280 2510 408 2558 pocula
430 2510 594 2546 habentes
615 2509 833 2557 interpreta-

180 2568 238 2601 tur
278 2566 638 2614 Schweighaeuserus
681 2564 835 2602 Valcke-

181 2633 278 2657 naer.
307 2628 450 2659 secutus
469 2622 572 2672 plura
591 2621 663 2658 alia
683 2621 716 2657 h.
737 2620 758 2657 1.
781 2619 835 2656 af-

181 2677 367 2713 ferentem.
397 2679 470 2721 Qui
489 2679 584 2716 idem
599 2681 727 2728 postea
741 2678 835 2714 bene

182 2733 293 2777 vidit,
322 2734 549 2771 Herodotum
576 2734 627 2771 nil
654 2733 751 2770 aliud
780 2733 835 2769 di-

183 2802 264 2825 cere
290 2789 464 2836 voluisse,
493 2791 558 2827 nisi
577 2792 661 2827 bina
676 2790 835 2839 singulos

184 2845 307 2880 habere
342 2846 481 2895 pocula.
534 2847 584 2883 Et
608 2848 659 2884 ita
689 2859 836 2897 quoque

184 2902 314 2951 accipit
349 2902 526 2940 Matthiae
553 2903 617 2940 Gr.
647 2903 712 2941 Gr.
750 2916 835 2956 pag.

877 1155 971 1195 266.
1022 1154 1119 1192 Miot
1146 1153 1182 1191 h.
1216 1153 1238 1191 l.
1277 1153 1328 1190 sic
1352 1151 1535 1191 reddidit:

877 1212 951 1258 „ils
968 1214 1137 1248 recoz'vent
1160 1211 1253 1247 deun:
1273 1223 1394 1259 coupes
1405 1209 1538 1259 pleines

879 1282 927 1304 αιι
949 1269 1017 1305 lien
1039 1269 1143 1304 (l’une
1164 1271 1196 1304 et
1217 1269 1353 1303 boivcnt
1371 1268 1393 1301 ἀ
1415 1266 1452 1302 [α
1463 1265 1539 1314 sois

881 1326 971 1362 dans
992 1325 1087 1361 l'une
1107 1328 1137 1360 et
1155 1324 1321 1360 Fautref‘
1351 1321 1461 1359 ltalus
1482 1322 1542 1357 in-

880 1386 1044 1432 terpres:
1105 1384 1234 1417 costoro
1280 1379 1428 1415 tenendo
1476 1378 1543 1414 due

881 1440 1068 1486 congiunti
1106 1438 1235 1483 calici,
1275 1437 1378 1472 baono
1414 1434 1464 1471 ad
1493 1447 1544 1470 un

882 1496 1033 1531 tratto.“
1074 1494 1141 1531 Cr.
1171 1494 1255 1530 add.
1279 1492 1472 1529 Heindorf.
1495 1491 1545 1526 ad

881 1551 1012 1588 Platon
1033 1550 1149 1600 Hipp.
1181 1550 1264 1586 mai.
1285 1545 1321 1598 §.
1344 1550 1368 1588 6
1390 1561 1428 1598 p.
1448 1548 1540 1586 127.

1064 1606 1095 1642 C
1111 1618 1179 1655 ap.
1209 1604 1358 1643 LXVII.

939 1662 978 1702 οἳ
1033 1657 1296 1713 μαντεύονται
1354 1654 1543 1711 ῥάβδοισι

882 1717 1073 1772 ἰτεΐνῃσι]
1122 1719 1144 1755 i.
1179 1732 1210 1756 e.
1248 1719 1353 1768 quie
1387 1717 1543 1765 salignis

881 1778 995 1824 ‘virgis
1027 1776 1203 1812 divinant.
1251 1774 1310 1812 De
1339 1774 1453 1810 dativi
1482 1787 1543 1811 ra-

882 1834 983 1870 tione
1006 1833 1100 1869 conf.
1122 1831 1253 1868 Matth.
1275 1831 1342 1867 Gr.
1370 1831 1436 1867 Gr.
1456 1843 1543 1879 pag.

883 1890 976 1931 724.
1008 1889 1065 1926 Ad
1084 1891 1336 1937 argumentum
1355 1886 1424 1924 loci
1435 1887 1545 1924 Wes-

883 1946 1011 1994 seling.
1038 1945 1145 1982 affert
1170 1945 1269 1993 ligna
1293 1941 1419 1982 ἰτέϊνα
1443 1943 1545 1993 apud

883 2002 1131 2051 Theophrast.
1167 2001 1215 2037 H.
1256 1999 1311 2037 Pl.
1348 2000 1405 2046 V,
1443 1999 1470 2039 4
1510 2002 1547 2036 et

884 2058 1005 2094 Schol.
1036 2058 1210 2094 Nicandr.
1235 2056 1423 2093 Theriace.
1449 2057 1546 2102 612,

886 2114 1169 2151 ubiHerodotus
1189 2114 1354 2160 tangitur
1376 2111 1547 2147 aliorum-

886 2183 958 2219 que
987 2169 1093 2206 simul
1113 2170 1297 2205 nationum
1317 2162 1547 2219 ραβδομοὶν-

886 2241 990 2273 τεια,
1021 2238 1115 2274 quae
1145 2226 1291 2261 omnino
1318 2237 1385 2275 per
1411 2223 1545 2261 multas

888 2283 1035 2320 orientis
1055 2280 1324 2329 occidentisque
1340 2280 1468 2330 plagas
1489 2293 1548 2318 re·-

887 2340 1037 2390 peritur.
1076 2338 1135 2375 De
1154 2337 1349 2374 Chaldaeis
1382 2338 1478 2374 idem
1499 2337 1548 2373 ci-

888 2400 943 2433 tat
961 2394 1141 2432 Ezechiel.
1161 2394 1272 2440 XXI,
1305 2396 1355 2434 21
1371 2424 1381 2442 ‚
1412 2393 1474 2430 ubi
1498 2392 1549 2430 H.

891 2452 1064 2497 Grotius,
1114 2455 1152 2489 et
1192 2450 1350 2488 Pocock.
1390 2449 1549 2500 Specim.

888 2508 985 2547 Hist.
1007 2507 1115 2545 Arab.
1138 2521 1174 2558 p.
1199 2509 1303 2553 3283
1334 2507 1465 2554 quibus
1482 2506 1550 2542 ad-

891 2565 927 2601 di
973 2564 1069 2612 vult,
1106 2577 1201 2613 quae
1242 2563 1450 2601 casaubon.
1501 2562 1550 2599 ad

890 2622 1063 2658 Strabon.
1092 2621 1161 2657 XV
1188 2633 1224 2670 p.
1249 2621 1330 2659 733
1361 2632 1390 2659 S.
1426 2618 1549 2664 1065,

890 2677 1140 2725 Lindenbrog.
1168 2677 1215 2713 ad
1245 2674 1423 2712 Ammian.
1445 2674 1547 2711 Mar-

891 2734 967 2772 cell.
988 2734 1132 2780 XXXI,
1162 2737 1189 2774 2
1222 2731 1298 2782 [ubi
1322 2732 1449 2769 eadem
1469 2732 1548 2767 fere

892 2791 939 2828 de
966 2790 1088 2827 Alanis
1118 2788 1320 2837 traduntur]
1353 2793 1388 2825 et
1411 2787 1547 2824 Bulen-

889 2859 966 2896 ger.
987 2846 1143 2883 Divinat.
1162 2845 1234 2892 ΙΙΙ,
1264 2847 1316 2885 26
1338 2843 1547 2881 attulerunt.

892 2903 951 2941 De
977 2903 1081 2941 simili
1102 2902 1261 2952 quadam
1281 2901 1547 2938 Germanorum

1103 371 1179 416 ἀπ’
1210 367 1266 416 οὗ
1294 373 1472 416 πίνουσι
1529 370 1809 438 2210‘2135221133533:

1532 437 1577 463 nis
1593 437 1730 470 miscens,
1743 437 1808 471 qui*

1531 470 1585 496 bus
1621 470 1671 498 det
1706 470 1807 498 biben-

1535 503 1615 532 dum.

1551 943 1653 970 Divini
1685 942 1792 969 multi:

1534 978 1633 1011 patria
1666 976 1811 1003 divinatio

1535 1019 1553 1036 e
1587 1010 1715 1043 salignis
1752 1009 1812 1034 vir-

1536 1044 1601 1079 gis:
1620 1045 1755 1071 Euarees
1770 1042 1813 1077 [l‚
