1904 3304
587 229 1057 274 THA1.1A.111.

1374 228 1456 269 191

189 359 297 393 τοισι
329 350 442 390 τοῖσι
478 343 754 399 ἀνθρώποισι
793 343 841 386 τό
881 340 1087 386 ἑωθινόν·
1137 337 1216 390 ου’,
1261 337 1485 392 κατάπερ5

188 424 300 463 τοῖσι
331 417 523 469 ἄλλοισι,
553 417 841 474 μεσαμβρίης·
884 412 980 457 ἀλλ’
1010 412 1281 466 ὑπερτείλας,
1313 409 1460 466 μέχρις

159 486 248 535 3οὗ
280 489 442 546 ἀγορῆς
481 489 720 540 διαλύσιος.
778 490 939 530 τοῦτον
973 484 1018 528 δὲ
1048 482 1125 526 τὸν
1153 482 1313 538 χρόνον
1347 482 1459 524 καίει

184 565 331 618 πολλῷ
367 565 531 616 μᾶλλον
560 561 589 617 ἢ
617 564 669 618 τῇ
700 559 942 615 μεσαμβρίῃ
970 555 1050 611 τήν
1075 553 1277 604 Ἑλλάδα,
1317 552 1458 603 οὕτως

186 631 290 676 ὥστ’
322 632 369 675 ἓν
397 632 524 675 ὕδατι
564 632 693 687 λόγος
731 628 893 679 αὐτούς
934 628 1022 671 ἐστι
1068 626 1300 682 βρέχεσθαι
1343 641 1459 680 τηνι-

158 707 179 743 4
189 707 340 747 καῦτα.

133 910 235 948 quam
259 896 485 933 altitudinem
506 898 542 932 in
567 895 655 932 coelo
672 907 792 946 perve-

130 957 196 1001 uit,
226 967 334 1003 usque
358 954 439 990 (lum
459 957 592 1003 tempus
609 956 658 989 es!
676 967 699 988 a
710 952 793 1002 foro

133 1011 347 1057 discedendi}
381 1025 409 1048 s.
428 1024 536 1059 usqne
562 1023 682 1046 versus
704 1010 792 1046 diem

131 1068 281 1104 medium
306 1067 405 1115 (cum
425 1068 519 1104 circa
539 1067 792 1104 duodecimam

131 1125 244 1161 ferme
269 1124 394 1160 horam
425 1138 445 1161 e
472 1128 600 1160 nostra
630 1124 701 1160 diei
734 1124 790 1160 di-

132 1181 304 1218 metiendi
327 1182 469 1217 ratione
489 1193 510 1217 a
530 1181 608 1216 foro
628 1180 793 1216 discede-

132 1236 244 1285 rent).
303 1237 359 1273 lta
388 1241 486 1273 recte
513 1237 546 1273 h.
569 1236 591 1273 l.
621 1237 794 1274 intellexit

134 1293 361 1341 Schweigh.‚
407 1291 638 1342 ὑπερτείλας
674 1306 793 1342 aeque

134 1355 248 1398 atque
287 1344 493 1394 α’νατείλας
524 1350 635 1399 (teste
671 1350 793 1399 Hesy-

134 1406 234 1448 chio)
263 1406 308 1443 de
339 1406 406 1443 sole
438 1407 569 1443 oriente
600 1406 792 1456 accipiens.

132 1461 212 1499 Nec
249 1462 351 1500 aliter
390 1463 557 1500 Bredow.
587 1463 726 1511 Geogr.
757 1466 794 1499 et

132 1518 333 1567 Uranolog.
358 1519 497 1557 Herod.
526 1532 623 1570 spec.
651 1533 687 1569 p.
709 1518 793 1556 Vlll

132 1574 166 1611 h.
178 1574 199 1611 l.
211 1575 520 1625 interpretatur‚in
533 1590 604 1625 quo
615 1574 794 1625 ὑπερτεί-

131 1633 201 1677 λας
212 1631 393 1669 reddidit:
419 1646 455 1668 eo
474 1646 581 1682 usque
597 1635 710 1682 capiti
729 1635 794 1669 im-

132 1700 266 1724 minens
280 1688 340 1725 sol.
364 1688 420 1726 De
433 1690 509 1727 sole
521 1690 648 1726 Indico
664 1690 793 1727 eadem

131 1746 246 1783 ferme
260 1745 403 1782 Ctesias
415 1745 502 1783 Exe.
520 1746 624 1783 Indd.
645 1745 681 1797 §.
695 1749 719 1787 8
735 1747 793 1784 fin.

190 1799 321 1851 μέχρις
341 1795 389 1840 οὗ
402 1797 551 1853 α’γορῆς
573 1799 792 1852 διαλύσιος]

132 1856 191 1895 De
209 1870 319 1894 sensu
346 1857 538 1895 locutionis
560 1860 716 1897 diximus
745 1860 793 1897 ad

132 1913 180 1958 ΙΙ,
208 1916 296 1953 173.
337 1913 396 1951 De
418 1917 591 1963 genitiv‚0
615 1918 675 1965 qui
699 1917 793 1954 exci-

133 1970 189 2018 pit
228 1970 421 2019 particulas
459 1970 590 2021 μέχρις
631 1973 679 2011 οὐ
720 1973 792 2011 vid.

135 2025 335 2062 Hermann.
365 2027 411 2063 ad
445 2028 569 2077 Viget.
602 2042 687 2078 pag.
711 2031 792 2070 788

136 2086 173 2118 et
192 2081 322 2119 Matth.
343 2083 407 2120 Gr.
428 2059 515 2121 Gr?
514 2098 598 2134 pag.
614 2087 707 2125 898.
741 2085 793 2122 Ac

134 2143 259 2175 monet
279 2139 531 2190 StruxeSpec.
545 2141 557 2177 l
579 2142 729 2185 Quaest.
748 2142 795 2180 de

134 2194 219 2231 dial.
245 2195 382 2232 Herod.
407 2196 474 2247 lp.
494 2197 548 2238 44
567 2198 794 2236 Herodotum

134 2251 170 2286 in
208 2251 262 2287 his
278 2264 421 2303 semper
451 2247 500 2292 οὑ
527 2255 699 2301 seribere,
729 2268 796 2293 nec

134 2319 294 2356 unquam
327 2321 370 2346 ea
406 2310 456 2347 uti
487 2312 603 2347 forma
642 2311 795 2360 relativi,

140 2375 233 2412 quae
254 2377 274 2401 a
294 2368 507 2403 consonanti
531 2367 690 2417 incipiat.

192 2415 319 2467 οὕτως
347 2418 442 2461 ὥστ’
471 2422 512 2462 ἐν
537 2421 653 2462 ὕδατι
678 2419 794 2476 λογος

135 2471 282 2523 αυτούς
295 2477 372 2518 ἐστι
394 2478 618 2530 βρέχεσθαι]
634 2481 666 2517 V
668 2482 795 2519 erbum

138 2530 349 2582 βρέχεσθαι
385 2536 490 2573 Valla
527 2538 707 2575 reddidit:
756 2540 794 2575 in

138 2600 232 2635 aqua
253 2603 285 2626 se
304 2592 455 2639 abluere,
474 2594 677 2642 Schweigh.
696 2594 795 2645 aqud.

137 2644 295 2689 madere3
325 2650 424 2696 quod
452 2651 482 2686 si
516 2651 561 2688 de
589 2651 714 2688 sudore
736 2665 795 2689 ve-

139 2699 285 2738 leementi
293 2704 498 2754 accipiatur,
510 2720 651 2753 vereor,
674 2713 712 2745 ut
727 2709 796 2746 hoc

139 2756 318 2794 Graecum
328 2761 384 2797 sit.
404 2760 604 2800 Larcherus
623 2764 734 2803 libere
745 2767 795 2802 sic

137 2815 312 2862 expressit
361 2815 471 2854 haec:
516 2821 712 2869 „pendant
753 2835 795 2860 ce

135 2872 254 2920 temps
273 2891 317 2899 —
344 2871 378 2911 la
395 2873 437 2910 ils
457 2886 497 2913 se
516 2876 682 2915 tiennent
701 2878 794 2916 dans

399 708 592 759 μεσοῦσα
639 704 684 747 δὲ
724 701 751 759 ἡ
789 700 927 757 ἡμέρη
968 698 1119 755 σχεδὸν
1148 699 1459 754 παραπλησίως
1474 703 1515 735 10

850 894 940 932 l’eau
951 895 989 939 ;“
1007 891 1114 939 Miot‚
1130 892 1176 929 ad
1190 904 1350 938 sensum,
1369 890 1511 941 opinor,

848 951 1000 988 rectius:
1031 963 1135 999 „que
1162 949 1213 987 les
1241 949 1386 986 lndiens
1417 953 1511 995 sont,

850 1009 1007 1054 dit-on,
1039 1006 1177 1056 obliges
1201 1007 1247 1043 de
1285 1020 1319 1041 se
1350 1006 1443 1053 jeter
1470 1005 1512 1041 (le

849 1065 943 1101 l'eau
969 1077 1059 1114 pour
1086 1077 1120 1100 se
1141 1063 1377 1113 refiae⁴cln'r.“
1436 1062 1512 1099 lta-

849 1122 902 1159 lus
936 1122 1136 1171 interpres:
1162 1141 1218 1148 —
1245 1123 1419 1166 „costoro
1446 1119 1513 1155 ba-

849 1179 978 1227 gnansi
1000 1177 1082 1214 nell'
1102 1178 1257 1226 acqua.“
1301 1176 1432 1226 Lange
1451 1176 1516 1212 de-

850 1237 960 1284 nique
990 1235 1043 1271 ita
1073 1233 1191 1270 locum
1225 1235 1353 1271 vertit:
1402 1232 1513 1281 „also

852 1293 939 1328 dass
961 1292 1020 1328 die
1042 1290 1181 1337 Leute,
1210 1290 1279 1328 wie
1309 1303 1393 1327 man
1419 1294 1516 1337 sagt,

850 1348 1005 1385 alsdann
1041 1347 1116 1384 sich
1150 1348 1199 1384 im
1236 1347 1390 1385 wasser
1429 1359 1516 1383 nass

851 1404 1042 1442 machenf‘

909 1463 1084 1511 μεσοῦσα
1103 1457 1151 1499 δὲ
1171 1457 1199 1510 ἦ
1218 1457 1346 1510 ἡμέρη
1367 1474 1404 1497 κ.
1419 1474 1450 1497 τ.
1466 1457 1514 1509 λ.]

852 1516 902 1556 δέ
920 1531 986 1568 pro
1009 1514 1060 1567 δή
1079 1530 1158 1556 cum
1178 1522 1331 1555 recentt.
1351 1517 1437 1553 edd.
1457 1529 1516 1554 re-

850 1575 968 1625 posui.
1029 1574 1096 1611 Est
1127 1575 1220 1611 enim
1259 1573 1328 1610 loci
1371 1586 1515 1622 sensus,

850 1632 1050 1681 interprete
1100 1630 1295 1668 Bredowio
1332 1629 1355 1667 l.
1399 1629 1420 1666 l.
1474 1633 1513 1667 et

850 1688 1059 1737 Schweigh.
1101 1688 1299 1735 „meridies
1339 1699 1427 1724 vero
1465 1681 1516 1737 (s.

851 1745 1002 1783 meridie
1020 1758 1106 1783 vero
1127 1744 1200 1793 sol)
1217 1744 1329 1781 Indos
1351 1745 1427 1781 sere
1444 1743 1516 1780 urIt

849 1814 1036 1852 peraeque
1049 1806 1159 1851 atque
1177 1806 1318 1839 ceteros
1327 1800 1514 1837 homines:

853 1859 1058 1896 declinante
1084 1859 1235 1896 meridie
1252 1857 1336 1895 talis
1366 1861 1423 1895 est
1444 1856 1515 1894 illie

852 1916 926 1961 sol,
967 1916 1083 1964 qualis
1114 1915 1200 1952 alibi
1236 1915 1435 1951 matutinus
1464 1911 1544 1965 (s..

851 1974 1029 2009 matutino
1048 1977 1227 2022 tempore,
1248 1972 1385 2019 mane),
1404 1975 1441 2008 et
1457 1983 1516 2008 re-

850 2028 986 2078 liquum
998 2029 1086 2066 coeli
1098 2029 1253 2078 spatium
1265 2029 1349 2065 dein
1367 2040 1516 2078 percur-

850 2098 933 2121 rens
944 2086 1060 2133 magis
1079 2086 1270 2134 magisque
1287 2086 1408 2133 friget,
1429 2084 1516 2120 dum

853 2141 900 2178 ad
927 2154 1092 2178 occasum
1118 2140 1333 2191 perveniens
1360 2140 1517 2178 maxime

852 2197 1003 2247 friget.“
1034 2193 1355 2247 οἷποκλιναμὲνης
1374 2197 1517 2246 reliqui,

853 2267 1087 2304 quamquam,
1110 2255 1211 2304 quod
1224 2255 1407 2291 Sancrosti
1427 2253 1517 2291 liber

853 2312 982 2349 offert:
1025 2307 1367 2361 α’ποκλινομένης,
1413 2310 1519 2348 valde

851 2369 997 2406 arridet.
1045 2369 1129 2406 Vid.
1154 2369 1249 2405 infra
1274 2368 1337 2415 Ill,
1368 2365 1447 2408 114
1482 2369 1520 2404 et

851 2425 914 2472 IV,
937 2427 1010 2465 181
1026 2453 1038 2472 ‚
1066 2438 1139 2474 quo
1162 2425 1242 2461 loco
1264 2425 1341 2462 sine
1371 2423 1443 2461 ulla
1466 2422 1520 2461 le-

851 2482 978 2519 ctionis
991 2483 1169 2520 varietate
1186 2476 1516 2531 οἷποκλινομὲνης.

855 2560 902 2566 -
939 2536 1003 2578 ἐπὶ
1035 2541 1205 2589 μᾶλλον,
1244 2539 1286 2585 (ἰ.
1318 2551 1349 2575 e.
1380 2537 1516 2585 magis)

850 2596 970 2645 recepi
999 2609 1077 2633 cum
1101 2595 1305 2644 Schweigh.
1333 2599 1369 2632 et
1396 2593 1513 2630 Gaisf.

852 2666 918 2702 pro
940 2652 1035 2702 vulg.
1064 2651 1133 2690 ἔτι
1156 2654 1319 2702 μᾶλλον,
1350 2650 1451 2700 quod
1476 2649 1514 2686 in

852 2709 983 2746 Matth.
1031 2709 1117 2746 edit.
1162 2709 1283 2745 adhuc
1319 2707 1511 2744 invenitur.

852 2766 912 2803 Tu
939 2765 1013 2802 vid.
1036 2766 1108 2812 IV,
1133 2767 1225 2806 181.
1256 2765 1285 2811 I,
1305 2763 1359 2805 94
1390 2763 1514 2810 ibique

852 2827 945 2859 nott.
968 2826 1003 2859 et
1027 2835 1121 2871 quae
1145 2821 1180 2858 h.
1202 2821 1224 2858 l.
1244 2819 1397 2858 WVessel.
1417 2822 1515 2855 attu-

851 2878 904 2916 lit.
933 2878 1093 2928 Diogen.
1118 2876 1242 2915 Laert.
1264 2876 1293 2925 1,
1318 2878 1411 2917 122.
1440 2873 1511 2912 Dio
