1904 3304
468 263 1154 304 MELPOMENE.IV.
1361 266 1446 306 339

52 388 116 433 33
174 378 310 421 ταῦτα
339 374 392 417 τὰ
423 374 526 418 ἔπεα
554 374 737 431 ἐποίησε.

796 377 955 431 Πολλῷ
985 373 1031 417 δέ
1068 390 1110 417 τι
1140 377 1317 417 πλεῖστα
1346 374 1443 428 περὶ
1501 379 1596 407 Sacra
1615 381 1775 415 “Hyper-

1500 413 1600 440 boreis
1618 415 1648 440 in
1671 415 1776 441 Delum

175 446 321 492 αὐτῶν
350 444 511 502 Δήλιοι
549 446 747 502 λέγουσι,
788 446 979 502 φάμενοι
1008 445 1081 500 ἱροὶ
1113 445 1365 500 ἐνδεδεμένα
1395 445 1443 489 ἐν
1499 448 1646 481 ‘¹¹¹“fl'0‘10
1667 453 1698 474 ⁹²
1718 456 1775 482 ‘¹¹¹⁰

1498 482 1609 508 itinere
1657 482 1774 509 delata:

174 516 344 573 καλάμῃ
365 521 540 571 πυρῶν,
572 517 613 569 ἒξ
639 516 939 574 Ὑπερβορέων
967 516 1212 573 φερόμενοι,
1250 514 1441 560 ἄπικνέε-
1499 523 1552 542 ‘²¹¹‘
1596 515 1685 542 mim
1723 515 1776 542 ‘³¹¹

1501 548 1604 576 modo:
1642 548 1776 583 Hyper-o-

174 595 279 633 σθαι
313 588 355 639 ἐς
385 588 590 639 Σκύθας·
637 588 724 631 α’πὸ
753 588 799 632 δὲ
821 588 1040 632 Σκυθέων
1067 587 1152 645 ἤδη
1179 588 1442 644 δεκομένους
1499 582 1555 609 ⁰¹¹2
1582 582 1775 610 ⁶²¹⁴³⁰d¹⁰⁰²

175 659 257 702 αἰεὶ
304 657 411 710 τοὺς
451 659 780 716 πλησιοχώρους
819 658 1049 712 ἑκάστους,
1089 661 1281 715 κομίζειν
1322 657 1466 702 αὐτάδ

118 768 264 816 reliquis
291 768 428 816 optime
456 766 625 815 exposuit
656 766 699 802 C.
731 766 777 802 G.

118 824 261 861 Miiller.
292 823 348 860 De
378 822 478 872 cyclo
504 823 653 859 Graecc
690 822 781 872 epit:

118 880 240 930 (Lips.
267 881 394 927 1829)
431 892 517 929 pag.
549 881 613 918 67.
642 881 705 918 68.
728 899 778 905 —

118 938 177 975 Ad
194 937 306 974 verba
326 936 361 975 εἰ
380 932 429 985 δή
451 937 505 988 τῷ
524 931 630 974 ἐόντι
649 950 684 973 κ.
703 949 734 972 τ.
749 936 780 972 λ.

120 994 215 1031 conf.
235 998 330 1030 nott.
351 993 399 1029 ad
424 993 466 1035 ll,
496 994 586 1031 117.

290 1050 397 1099 Cap.
441 1047 611 1084 XXXlll.

181 1107 326 1158 Πολλῷ
355 1103 405 1143 δέ
436 1119 476 1142 τι
508 1101 684 1153 πλεῖστα]
725 1104 780 1140 Ita

122 1175 203 1200 cum
223 1162 426 1210 Schweigh.
460 1165 497 1198 et
526 1161 643 1197 Gaisf.
677 1161 782 1197 dedi-

121 1232 210 1257 mus.
230 1217 350 1267 Vulgo
370 1219 503 1269 πολλῷ
526 1217 545 1255 δ
560 1214 583 1267 ὴ
607 1220 781 1262 πλεῖστα,

122 1276 221 1312 cuius
240 1275 320 1311 loco
340 1274 516 1311 Matthiae
534 1273 620 1310 alios
639 1281 782 1310 secutus

123 1332 236 1368 libros
275 1331 435 1368 exhibuit
464 1332 597 1383 πολλῷ
631 1325 670 1368 δ’
708 1328 783 1368 ἔτι

124 1390 296 1426 πλεῖστα.

183 1441 248 1494 foc}
285 1440 518 1492 ἐνδεδεμένα
547 1440 587 1480 ἒν
624 1437 783 1496 καλάμῃ

124 1497 281 1550 πυρῶν]
314 1499 411 1536 Male
430 1499 514 1535 olim
535 1497 783 1548 ἐνδεδυμένοι.

124 1555 221 1593 Nam
243 1569 370 1593 sensus
391 1561 466 1591 est:
498 1568 601 1591 sacra
619 1557 786 1591 stramini

125 1614 261 1648 triticeo
294 1611 463 1660 illigata,
504 1615 545 1647 ut
575 1611 780 1660 Schweigh.

123 1669 270 1715 reddit,
301 1669 397 1714 sive,
435 1672 475 1704 ut
497 1667 739 1717 spanhemius
763 1667 783 1704 l.

125 1738 207 1762 mox
228 1725 249 1761 l.
273 1724 471 1774 expressit:
507 1737 612 1761 sacra
635 1725 784 1772 adliga-

125 1785 165 1818 ta
193 1783 229 1817 in
256 1783 395 1817 triticea
419 1781 565 1830 stipula.
624 1781 784 1818 Larche-

125 1850 184 1874 rus
202 1838 461 1887 interpretatus
485 1842 560 1875 est:
608 1851 708 1887 „que
734 1837 783 1874 les

127 1893 306 1942 offrandes
333 1894 392 1930 des
414 1893 678 1943 Hyperbore'eus
708 1894 783 1931 leur

125 1952 285 1986 venoient
310 1950 529 2000 enveloppe'es
557 1951 648 1987 (lans
675 1950 715 1987 de
747 1951 784 1987 la

125 2006 237 2056 paille
261 2006 301 2041 de
317 2005 529 2055 fromwtf‘
576 2012 614 2045 et
635 2006 780 2055 Lange,

128 2061 341 2099 vernaculus
387 2064 590 2113 interpres:
668 2063 783 2109 „Ilire

130 2118 358 2168 Opfergaben
387 2120 533 2156 wiirden
562 2122 600 2156 in
630 2118 786 2156 Weizen—

131 2175 223 2211 strok
262 2176 447 2223 gethan.“
482 2197 531 2205 —
574 2175 632 2212 Ad
670 2177 786 2226 ipsam

129 2245 204 2269 rem
233 2232 327 2268 conf.
357 2232 509 2270 Salmas.
539 2233 586 2269 ad
607 2232 719 2268 Solin.
750 2246 786 2282 p.

133 2287 225 2333 147,
245 2293 282 2325 et
301 2288 498 2338 Spanhem.
518 2289 565 2325 ad
579 2289 787 2326 Callimach.

130 2345 167 2381 in
185 2344 264 2382 Del.
286 2346 389 2392 283,
420 2346 480 2382 ubi
497 2345 720 2383 Herodoteis
741 2346 789 2381 si-

131 2400 229 2437 milia
249 2401 386 2438 invenis
410 2402 518 2439 haec:
549 2397 732 2451 καλάμην
749 2416 789 2440 τε

134 2455 199 2494 καὶ
228 2454 311 2507 ἱεροὶ
348 2452 565 2509 δρήγματα.
627 2458 789 2507 Frugum

132 2514 309 2561 primitias
330 2514 504 2552 intellexit
519 2515 658 2552 Plinius
678 2516 725 2551 H.
738 2515 786 2552 N.

136 2569 199 2614 lv,
220 2569 312 2616 (12)
341 2574 416 2616 263
456 2585 632 2608 sacrorum
662 2574 789 2621 primi-

138 2626 208 2659 tias
227 2625 323 2662 Mela
342 2626 404 2674 ΙΙΙ,
425 2628 448 2667 5
465 2628 540 2664 init.
553 2657 562 2674 ,
595 2642 663 2666 nec
684 2628 789 2666 aliter

138 2680 336 2717 Pausanias
356 2683 383 2728 1,
400 2684 450 2722 31
473 2683 510 2734 ξ.
531 2687 556 2723 2
578 2686 623 2721 ab
642 2686 789 2736 Hyper-

139 2736 256 2773 boreis
276 2738 394 2774 scribit
409 2739 445 2774 in
459 2739 587 2777 Delum
603 2742 698 2778 mitti
715 2743 789 2792 pri-

137 2793 278 2839 mitias,
319 2806 414 2842 quae
441 2795 477 2831 in
500 2797 639 2835 triticea
659 2798 789 2848 stipula

139 2846 200 2895 (ἐν
220 2845 374 2902 καλάμῃ
393 2851 550 2902 πυρῶν)
572 2854 703 2891 fuerint
725 2855 790 2892 ab·

138 2906 326 2944 sconditae
351 2919 418 2945 nec
445 2920 466 2944 a
485 2910 654 2960 quopiam
674 2923 790 2960 agno-

1499 615 1685 651 Perpherees
1696 627 1702 643 :
1715 616 1776 642 cul-

1469 652 1547 698 5tus
1576 649 1690 676 Dianae
1718 649 1776 676 Re-

1507 683 1589 710 rinae
1609 683 1688 713 apud
1716 691 1777 709 mu-

1499 697 1590 745 iieres
1627 717 1777 744 Thi-aciae

837 770 1033 802 scerentur.
1068 764 1163 802 Add.
1183 766 1285 803 Serv.
1303 765 1350 801 ad
1370 755 1531 813 Virgiff‘
1551 752 1573 778 P
1575 758 1708 778 aeomas.

840 822 933 859 Aen.
955 821 1019 866 Xl,
1040 823 1144 868 322,
1175 821 1264 868 alia,
1296 835 1390 870 quae
1407 827 1504 858 attu-

841 878 881 914 lit
905 877 1103 927 Spanhem.
1136 877 1159 914 l.
1182 877 1205 914 Ι.
1233 878 1399 926 longiore
1429 878 1505 914 dis-

838 934 1030 984 putatione
1048 934 1116 970 hoc
1133 935 1290 981 docens,
1315 933 1371 971 hic
1392 933 1501 972 intel-

840 990 902 1040 ligi
921 1003 1030 1040 posse
1052 1003 1153 1028 sacra
1178 992 1386 1036 incruenta,
1407 1002 1502 1039 quae

840 1060 862 1084 e
901 1048 1044 1092 tritico,
1096 1047 1233 1084 hordeo
1248 1075 1259 1094 ,
1312 1047 1501 1097 placentis,

836 1103 915 1140 aliis
939 1104 1116 1141 eiusmodi
1139 1104 1271 1150 rebus,
1319 1104 1396 1140 sine
1429 1103 1500 1140 ullo

837 1161 932 1209 ignis
954 1172 1021 1196 usu
1043 1172 1110 1197 nec
1130 1160 1326 1197 combustis
1348 1161 1501 1197 victimis

838 1217 946 1261 fiant3
980 1217 1017 1252 in
1041 1217 1171 1265 quibus
1195 1216 1272 1253 illas
1298 1216 1501 1254 oblationes

840 1287 869 1309 s.
907 1273 1085 1323 primitias
1121 1274 1266 1321 frugum
1298 1273 1333 1309 in
1363 1273 1502 1310 triticea

839 1329 971 1379 stipula
984 1328 1138 1377 illigatas
1156 1331 1309 1379 primum
1324 1331 1501 1379 quodam-

840 1386 950 1422 modo
970 1384 1086 1422 locum
1108 1398 1309 1436 occupasse
1328 1385 1500 1424 credibile

840 1442 891 1478 fit.
940 1441 1021 1478 Nec
1049 1441 1154 1479 aliter
1189 1443 1279 1480 haec
1317 1442 1501 1493 accepisse

838 1498 945 1535 video
967 1498 1138 1535 Creuzer.
1163 1498 1327 1547 Symbol.
1354 1499 1386 1535 ΙΙ
1415 1511 1501 1548 pag.

842 1557 942 1600 137,
974 1555 1120 1602 frugum
1139 1556 1307 1591 nimirum
1324 1555 1502 1605 primitias

841 1611 899 1647 hic
937 1610 1088 1659 intelligi
1126 1616 1226 1647 ratus
1269 1623 1311 1648 ac
1348 1612 1504 1649 sortasse

841 1679 989 1716 quoque
1011 1667 1218 1717 placentas,
1257 1667 1327 1704 alia
1346 1668 1505 1705 eiusmo-

842 1724 879 1760 di
897 1736 1047 1760 munera
1060 1724 1262 1761 incruenta.
1296 1723 1383 1760 Post
1394 1737 1502 1773 quem

841 1780 883 1817 C.
906 1780 952 1817 Ο.
977 1779 1120 1817 Miiller.
1145 1779 1235 1817 Dor.
1266 1780 1278 1816 l
1305 1794 1340 1830 p.
1363 1783 1446 1822 272
1466 1785 1503 1819 et

839 1837 918 1886 ipse
931 1835 1085 1886 frugum
1100 1839 1280 1886 primitias
1298 1837 1502 1887 intelligen-

840 1893 907 1930 das
931 1906 1012 1930 esse
1034 1895 1183 1931 censuit.

897 1950 1073 2000 κομίζειν
1112 1945 1214 1988 αὐτοὶ
1244 1971 1298 1977 -
1326 1948 1391 1990 ἐπὶ
1429 1947 1501 1990 τόν

841 2000 1015 2057 Ἀδρίην]
1047 2007 1154 2050 Quae
1175 2008 1222 2044 de
1238 2006 1503 2057 Hyperboreo-

842 2075 922 2099 rum
942 2063 1185 2111 legationibus
1203 2063 1407 2109 traduntur,
1427 2064 1501 2100 dis-

843 2120 986 2167 quisivit
1007 2119 1186 2156 Schubart
1213 2118 1329 2156 altera
1362 2120 1502 2169 disqui-

844 2176 986 2212 sitionis
1002 2180 1105 2225 parte
1124 2188 1209 2226 pag.
1233 2174 1286 2215 40
1303 2189 1394 2225 seqq
1412 2205 1421 2223 ‚
1441 2176 1504 2225 qui

844 2232 944 2281 quod
994 2231 1154 2282 populus
1205 2231 1341 2282 populo
1396 2233 1503 2281 eique

844 2289 1008 2338 proximo
1031 2289 1182 2325 donaria
1199 2288 1330 2325 Delum
1350 2294 1502 2339 portan—

847 2345 896 2381 da
922 2345 1164 2382 transmisisse
1193 2346 1330 2392 fertur,
1371 2346 1410 2382 id
1431 2345 1503 2382 dif-

846 2401 939 2439 ficile
959 2401 1143 2452 explicatu
1168 2413 1247 2439 esse
1268 2406 1395 2450 negat,
1426 2414 1504 2438 mo-

847 2459 895 2495 do
916 2458 1137 2496 coloniarum
1154 2458 1282 2495 seriem
1300 2459 1413 2496 fuisse
1431 2464 1506 2495 sta-

845 2518 948 2552 tuas:
999 2516 1045 2553 de
1073 2528 1145 2564 quo
1175 2515 1240 2551 viri
1274 2515 1371 2552 docti
1407 2527 1504 2551 com-

845 2575 968 2608 mento
1000 2572 1036 2608 in
1064 2571 1301 2608 Excursu.ad
1323 2572 1357 2608 h.
1377 2571 1398 2607 l.
1427 2584 1505 2608 mo·

844 2628 1000 2665 nuimus.
1030 2628 1068 2664 In
1088 2628 1167 2678 ipso
1183 2628 1312 2665 itinere
1339 2628 1502 2664 indican-

846 2685 894 2721 do
921 2697 1001 2722 cum
1028 2685 1220 2721 Herodoto
1249 2684 1347 2721 haud
1375 2697 1503 2721 conve-

845 2742 896 2778 nit
925 2740 1080 2778 Pausan.
1106 2741 1142 2787 l,
1174 2743 1223 2781 31
1262 2739 1299 2790 ἓ.
1329 2743 1379 2787 2,
1431 2753 1504 2789 quo

845 2802 992 2835 auctore
1029 2798 1077 2834 ad
1117 2796 1293 2847 Apollinis
1330 2797 1504 2847 templum

844 2855 943 2904 apud
956 2853 1165 2891 Prasienses
1181 2853 1504 2903 Hyperboreorum

845 2911 998 2948 donaria
1036 2911 1274 2956 deferuntur,
1324 2922 1418 2958 quae
1456 2909 1502 2946 ab

1142 2964 1230 3005 22*
