1904 3304
88 761 239 797 Canibysi.

292 560 358 604 62

87 624 278 653 caduceator
331 624 360 650 in

87 662 255 693 Aegyptum
267 668 285 686 a
295 658 360 684 Mu-

85 694 132 728 gis
148 695 271 721 missus:
293 695 362 720 Pre-

85 735 191 760 xaspes
209 733 319 764 purgat
329 738 362 756 se

424 236 506 276 112
820 236 1291 277 HERODOTI

393 344 550 400 ὄλήϊον
578 343 764 399 θρόνον.

833 343 1021 401 ποιήσας
1060 346 1105 389 δὲ
1133 352 1286 398 τοῦτο,
1330 346 1523 405 κήρυκας
1552 353 1606 407 τῇ
1645 357 1746 394 τεὲο

423 415 530 472 ἄλλῃ
555 416 775 471 διέπεμπε,
807 417 879 459 καὶ
901 416 954 472 δὴ
985 417 1058 460 καὶ
1087 418 1129 468 ἐς
1148 421 1391 474 Αἴγυπτον,
1421 421 1689 475 προερέοντα

418 493 478 545 τῷ
510 492 704 545 στρατῷ,
749 487 807 538 ὡς
838 487 1056 542 Σμέρδιος
1085 493 1164 531 τοῦ
1195 491 1350 546 Κύρου
1381 491 1594 535 ἀκουστέα
1625 494 1690 548 εἴη

417 563 497 602 τοῦ
527 564 708 612 λοιποῦ,
753 557 845 602 ἀλλ’
880 558 933 603 ου’
966 560 1225 616 Καμβύσεω.

1286 563 1342 603 Οἵ
1367 578 1410 604 τε
1442 562 1493 617 δὴ
1525 557 1587 605 ὧν
1618 561 1688 606 ἄλ-

418 635 486 674 λοι
516 630 701 685 κήρυκες
729 630 1036 687 προηγόρευον
1065 636 1221 678 ταῦτα,
1270 632 1343 674 καὶ
1374 632 1425 688 δὴ
1455 634 1527 676 καὶ
1563 631 1586 677 ὁ
1617 632 1685 676 ἐπ’

419 704 645 757 Αἴγυπτον
673 703 866 758 ταχθεὶς,
911 701 1082 756 εὕρισκε
1121 703 1204 758 γὰρ
1237 703 1474 758 Καμβύσεα
1510 704 1584 747 καὶ
1612 704 1744 747 τὸνὲὄ

421 774 605 828 στρατὸν
634 772 762 817 ἐόντα
791 778 865 830 τῆς
886 775 1051 831 Συρίης
1080 774 1127 817 ἐν
1154 773 1475 832 Ἀγβατάνοισι,
1504 775 1689 832 προηγό-

414 956 466 1007 τῇ
494 969 534 993 τε
567 951 663 1008 ἄλλῃ
694 951 906 1004 διέπεμπε]
966 954 1024 991 Ita

359 1011 457 1049 edidi
480 1011 683 1059 Schweigh.
716 1016 754 1048 et
775 1012 892 1048 Gaisf.
922 1024 1025 1048 secu-

358 1072 430 1104 tus.
470 1067 590 1117 Vulgo
612 1066 799 1115 διέπεμπε
820 1070 869 1120 τῇ
899 1082 938 1106 τε
961 1065 1024 1105 ἅλ-

364 1127 412 1178 λῃ
428 1155 437 1171 ,
472 1125 583 1172 idque
601 1125 748 1162 retinuit
769 1124 959 1162 Matthiae.
973 1144 1023 1151 —·

366 1181 474 1217 Cons.
498 1180 524 1225 l,
550 1184 566 1220 1
600 1186 635 1218 et
655 1180 786 1217 Matth.
809 1181 872 1216 Gr.
900 1182 964 1217 Gr.
988 1179 1025 1231 ᾗ.

364 1237 467 1283 401,
494 1238 531 1277 3.
569 1235 675 1283 402,
707 1250 736 1274 c.
762 1258 816 1264 —
846 1236 888 1273 ln
917 1250 1022 1286 seqq.

362 1291 604 1344 προερέοντα
637 1295 684 1330 ad
709 1306 816 1329 unum
843 1293 942 1330 illum
965 1306 1024 1330 ca-

362 1351 596 1386 duceatorem
623 1350 877 1395 referendum,
908 1350 1024 1399 quiin

360 1405 570 1455 Aegyptum
589 1419 610 1442 a
629 1420 736 1455 mago
750 1407 815 1442 fuit
827 1406 970 1452 missus,
986 1410 1025 1443 ut

361 1466 487 1499 monet
518 1463 648 1499 Matth.
678 1463 742 1499 Gr.
763 1463 827 1499 Gr.
865 1461 900 1513 §.
927 1462 1022 1508 443,

362 1522 382 1558 1
419 1533 454 1568 p.
480 1521 578 1565 829,
621 1520 718 1556 idern
744 1520 789 1556 (le
808 1532 875 1555 usu
897 1520 1025 1557 verba-

358 1573 402 1611 lis
423 1575 520 1611 vocis
546 1574 780 1623 (ακουστέα)
810 1576 1023 1621 admonens,

360 1631 407 1668 de
425 1644 497 1680 quo
518 1632 647 1668 eodem
669 1632 794 1668 Valck.
823 1633 908 1668 citat
926 1632 1024 1668 Thu-

359 1687 441 1735 cyd.
455 1688 481 1733 Ι,
497 1689 561 1728 86.
596 1688 769 1737 Sophocl.
782 1689 913 1725 Electr.
927 1687 1021 1729 340.

358 1743 481 1780 Verba
534 1748 717 1795 προερεῖν
734 1774 744 1792 ,
803 1749 1022 1794 προειπεῖν,

362 1796 651 1851 προαγορεύειν
671 1802 717 1838 de
744 1814 925 1851 praecone
957 1815 1025 1851 po-

361 1857 538 1893 tissimum
549 1857 791 1905 frequentata,
803 1858 1022 1906 significant,

361 1913 491 1949 eodem
551 1913 725 1950 Valcken.
785 1915 1024 1951 observante:

356 1969 611 2018 proclamando
669 1971 820 2018 edicere,
874 1970 929 2008 vel
966 1971 1025 2008 ‹Ie-

361 2028 540 2064 nuntiare.

560 2117 591 2152 C
603 2129 624 2153 a
635 2130 671 2166 p.
710 2116 828 2154 LXII.

418 2193 460 2233 ἐν
479 2189 770 2247 Ἀγβατάνοισι]
795 2197 848 2233 Ita
869 2210 947 2233 cum
968 2210 1026 2234 re-

358 2255 473 2288 centt.
496 2252 581 2288 edd.
603 2253 740 2301 scripsi.
773 2253 867 2290 Olirn
889 2249 1023 2303 Ἐκβα-

359 2303 529 2345 τάνοισι.
563 2308 672 2344 Cous.
698 2310 759 2354 ΙΙΙ,
781 2308 833 2348 64
854 2314 890 2346 ct
913 2323 1025 2359 supra

359 2363 387 2408 Ι,
416 2366 479 2402 98.
535 2364 719 2401 Memorat
757 2365 952 2402 Ecbatana
988 2367 1023 2402 in

361 2419 550 2456 Galilaeae
582 2425 696 2457 tractu
728 2422 868 2471 loseph.
900 2422 972 2458 vit.
994 2436 1023 2459 c.

364 2478 413 2515 12
436 2489 473 2525 p.
495 2478 532 2516 6.
567 2476 781 2525 wesseling.
802 2478 972 2515 Larcher.
987 2483 1025 2515 et

359 2532 577 2569 Billerbeck.
602 2533 730 2577 (Asiae
752 2535 931 2570 Herodut.
953 2535 1024 2571 dis-

361 2588 439 2625 ficil.
465 2590 584 2637 p.11)
609 2588 713 2625 Plinii
737 2590 852 2626 locum
876 2590 943 2626 huc
964 2604 1021 2628 re-

359 2645 482 2681 ferunt
500 2644 597 2681 Hist.
621 2645 704 2682 Nat.
726 2647 770 2691 V,
797 2648 865 2686 19:
905 2647 1024 2693 „Pro-

360 2701 579 2737 montorium
624 2702 853 2748 Carmelum,
911 2708 946 2739 et
985 2704 1022 2739 in

361 2762 483 2793 monte
503 2756 700 2806 oppidum,
745 2759 875 2796 eodem
907 2761 1022 2795 nomi-

360 2826 419 2859 ne,
439 2814 626 2862 quondam
635 2813 828 2851 Ecbatana
845 2815 1021 2851 ‹lietuin.“

359 2869 412 2906 Ac
435 2869 579 2907 dubitat
599 2868 779 2909 Mannert.
804 2872 963 2919 (Geogr.
986 2873 1022 2909 d.

1082 954 1146 990 Gr.
1167 967 1199 989 u.
1220 954 1326 990 Ri'nn.
1347 954 1410 999 Vi,
1439 957 1458 995 1
1483 968 1517 1004 p.
1540 953 1621 995 353
1645 953 1744 1003 seq.)

1081 1011 1127 1046 de
1153 1011 1345 1059 Cainbysis
1376 1012 1422 1047 ad
1448 1011 1657 1048 Carmelum
1687 1011 1746 1047 iti-

1081 1080 1189 1112 nere,
1220 1068 1377 1114 indeque
1397 1069 1614 1115 Cambysein
1636 1068 1745 1104 obiis-

1083 1136 1122 1159 se
1142 1124 1285 1160 coniicit
1306 1124 1490 1160 Bnthurae
1513 1125 1548 1160 in
1566 1124 1743 1160 Batanea.

1082 1179 1133 1216 At
1156 1179 1336 1217 Mannerti
1365 1180 1608 1217 dubitationes
1640 1179 1746 1216 diluit

1084 1235 1210 1271 Gallus
1252 1236 1358 1272 Plinii
1405 1238 1585 1285 interpres
1605 1264 1616 1282 ‚
1670 1236 1743 1273 Pa-

1082 1292 1182 1337 risot,
1204 1293 1240 1328 in
1263 1306 1307 1329 ea
1325 1292 1427 1329 Plinii
1449 1293 1622 1337 editione,
1648 1305 1744 1341 quae

1083 1348 1228 1384 Parisiis
1250 1349 1348 1397 apud
1361 1348 1600 1385 Parick‹›iieke
1612 1349 1746 1398 prodiit

1082 1417 1179 1440 anno
1197 1406 1301 1444 1829
1322 1405 1428 1442 Tom.
1444 1405 1493 1440 IV
1516 1407 1658 1455 p.266‚
1680 1406 1744 1442 ubi

1082 1460 1313 1498 haecsubiicit
1327 1463 1379 1498 vir
1398 1462 1547 1498 doctus:
1571 1462 1622 1508 „il
1635 1462 1746 1499 serait

1081 1517 1160 1567 plus
1183 1530 1272 1565 sage
1292 1519 1338 1555 de
1363 1520 1493 1555 douter
1517 1519 1563 1556 de
1591 1519 1626 1555 la
1651 1519 1745 1555 ve'ri-

1080 1574 1115 1609 te'
1129 1574 1175 1609 de
1187 1574 1430 1617 l’historietteg
1448 1597 1505 1601 —
1515 1575 1648 1625 inspire
1660 1586 1744 1610 sans

1080 1631 1192 1666 doute
1204 1643 1269 1680 par
1284 1630 1460 1668 l'identite
1479 1632 1526 1668 de
1543 1644 1626 1667 nom
1641 1635 1744 1668 entre

1079 1685 1115 1722 la
1140 1687 1292 1736 capitale
1318 1689 1365 1725 (le
1395 1688 1428 1724 la
1460 1688 1582 1723 Medio.
1612 1692 1650 1724 et
1673 1700 1744 1724 une

1080 1744 1195 1792 petite
1217 1744 1296 1779 ville
1318 1745 1363 1781 de
1382 1745 1527 1792 Syrivf‘
1567 1744 1742 1793 Iosephus

1080 1798 1230 1848 Antiqq.
1245 1799 1428 1845 Iuddxl,
1450 1803 1486 1845 Q,
1507 1803 1531 1839 2
1553 1800 1743 1849 apudDa-

1080 1869 1240 1892 muscum
1253 1857 1470 1905 Cainbysem
1484 1857 1567 1893 intei
1577 1857 1660 1893 iisse
1671 1863 1745 1892 tra-

1082 1913 1148 1949 dit.
1209 1913 1327 1955 Quem
1364 1913 1566 1961 Scliweigli.
1607 1912 1745 1949 consuli

1081 1969 1158 2005 vult
1177 1969 1286 2016 Hyde
1306 1969 1425 2018 Relig.
1451 1969 1529 2006 vet.
1550 1969 1648 2006 Pers.
1658 1982 1742 2019 pag.

1083 2024 1185 2071 541,
1216 2025 1244 2061 is
1275 2027 1309 2062 in
1339 2026 1550 2076 Appendice
1581 2026 1628 2062 ad
1657 2038 1743 2076 pag.

1082 2080 1163 2121 416
1193 2082 1262 2118 ita:
1291 2082 1459 2131 „Magna
1482 2082 1629 2119 Mediae
1660 2086 1744 2118 urbs

1081 2135 1128 2176 τοὶ
1168 2134 1389 2188 Ἐκβάτανα
1425 2152 1489 2176 seu
1526 2134 1744 2189 Ἀγβάτανα

1082 2195 1201 2244 (apud
1227 2195 1441 2243 Aeschylum
1464 2196 1499 2231 in
1523 2195 1641 2232 Persis
1665 2194 1744 2242 Ag-

1081 2254 1264 2296 baturwn)
1292 2264 1526 2300 synon->main
1560 2252 1669 2288 habet
1706 2251 1743 2287 in

1081 2310 1188 2359 Syris*-
1234 2308 1440 2346 urbeculam
1484 2308 1636 2345 Arabiee
1685 2307 1742 2343 di-

1081 2372 1177 2403 ctam
1200 2364 1369 2410 Battum,
1389 2364 1579 2414 Stephano
1608 2363 1651 2401 αι’
1665 2366 1742 2402 Βα-

1082 2421 1215 2460 τανέαι
1235 2451 1244 2467 ,
1276 2421 1440 2457 ludithae
1465 2421 1491 2464 l,
1520 2423 1544 2459 9
1573 2415 1742 2467 Βετᾶνή,

1082 2480 1181 2516 cuius
1200 2478 1284 2514 civis
1307 2482 1361 2513 est
1380 2477 1426 2513 Al
1451 2476 1620 2523 Buttam',
1644 2476 1742 2513 unde

1082 2535 1230 2572 celebris
1269 2539 1498 2569 astronomus
1541 2533 1585 2569 Al
1627 2534 1743 2570 Bate-

1081 2592 1198 2640 gnius.
1230 2590 1275 2625 Et
1291 2589 1373 2626 hinc
1393 2594 1534 2626 constat
1547 2590 1647 2638 quod
1662 2585 1742 2627 Ἐκ-

1082 2643 1234 2697 βοῖταιά
1258 2658 1320 2683 seu
1349 2641 1569 2694 'Anf3a'rccvcc
1598 2647 1646 2682 sit
1663 2658 1744 2682 cor-

1080 2702 1226 2751 ruptela
1246 2715 1310 2751 pro
1333 2697 1552 2752 Ἐλβοῖτανα
1579 2715 1643 2739 seu
1663 2697 1742 2740 Ἀλ-

1081 2755 1244 2810 βᾶτανα.
1304 2758 1352 2794 At
1382 2772 1528 2808 prorsus
1561 2759 1742 2795 diversum

1080 2816 1167 2864 quid
1189 2819 1243 2851 est
1265 2815 1423 2852 eiusdem
1437 2815 1591 2851 nominis
1608 2814 1692 2850 urbs
1705 2813 1741 2849 in

1080 2872 1219 2917 Media,
1249 2872 1284 2908 in
1313 2873 1413 2908 cuius
1436 2871 1582 2921 linguae
1609 2869 1740 2919 genui-
