1904 3304
496 224 1054 266 MELPOMENE.

203 339 322 395 βύων
357 336 552 390 εἰρέαται.

201 407 421 465 θηριώδης
468 408 554 451 ἐστὶ
596 406 763 463 Λιβύη·

145 569 270 594 omnes
306 558 507 595 maritimas
542 558 652 595 fuisse
690 561 803 606 negat

144 614 412 651 Schlichthorst.
433 628 518 665 pag.
540 617 564 654 9
591 619 689 660 not.‚
723 628 801 651 cum

143 671 223 720 ipse
276 670 488 708 Herodotus
543 671 625 707 hinc
669 671 802 708 eximat

143 726 323 774 Asbystas
354 727 516 774 (170),
560 728 802 763 Garamantes

145 783 219 829 (17
234 783 269 829 ἱ)
286 788 321 820 et
334 784 523 821 Gindanes
542 784 674 830 (176).
696 783 801 826 Quae

144 844 269 876 tamen
291 844 327 876 et
345 840 445 889 ipsae
463 841 530 876 nisi
550 840 638 875 mari
657 839 801 875 adsitne

143 896 299 942 fuerint,
337 896 432 932 haud
456 897 506 932 ita
525 894 647 945 procul
673 908 693 931 a
712 895 801 930 mari

144 951 329 988 habitasse
351 953 503 1001 putandi
528 955 643 988 erunt.
696 951 800 993 Quae

143 1012 343 1055 sequuntur
368 1008 451 1044 inde
486 1021 507 1044 a
537 1020 615 1057 cap.
645 1009 719 1047 181
744 1027 799 1033 —

146 1064 239 1109 185,
271 1075 315 1100 ea
334 1063 483 1112 egregie
500 1063 688 1099 illustravit
699 1063 800 1099 Hee-

142 1132 219 1157 ren.
238 1118 292 1155 Id.
314 1119 359 1168 11,
384 1122 402 1157 1
423 1133 458 1169 p.
480 1118 559 1159 204
580 1132 682 1168 seqq.
705 1119 798 1156 bene

141 1188 316 1221 monens,
383 1176 534 1212 indicari
585 1175 642 1212 hic
687 1176 796 1221 viam,

142 1244 253 1282 quam
278 1237 500 1269 mercaturae
522 1244 629 1268 causa
652 1232 712 1280 qui
732 1244 798 1280 per

142 1289 288 1325 Africae
323 1289 468 1325 deserta
504 1288 796 1338 peregrinantur,

144 1350 182 1382 et
208 1349 368 1382 veterum
397 1349 431 1381 et
457 1350 581 1380 nostra
599 1348 720 1381 aetate
741 1348 797 1380 te-

141 1413 223 1437 rere
260 1402 511 1437 consueverint
555 1413 621 1449 per
658 1399 795 1448 Libyae

142 1461 317 1503 tractum,
349 1457 409 1505 qui
425 1469 518 1493 nunc
534 1461 684 1493 vocatur
702 1456 800 1492 Fez-

143 1525 235 1559 zan,
268 1514 314 1549 ad
342 1514 563 1562 superiorem
588 1513 668 1549 AesY
644 1517 796 1561 ἕῃηῃῐη

141 1574 254 1617 atque
283 1569 392 1606 etiam
420 1569 467 1605 ad
493 1569 683 1605 interiores
702 1567 797 1603 Afri-

140 1637 204 1662 cae
241 1629 376 1661 tractus
408 1637 544 1672 usque,
602 1625 648 1660 ad
688 1623 794 1671 Nigri

138 1682 233 1718 adeo
253 1681 444 1729 regiones,
473 1684 510 1717 et
527 1693 620 1728 quae
640 1685 724 1716 sunt
741 1680 795 1715 his

138 1737 346 1788 proximae3
376 1738 427 1773 ita
443 1740 482 1772 ut
502 1750 522 1773 e
535 1736 680 1786 Libycis
701 1749 796 1773 mer-

141 1794 344 1839 catoribus,
386 1793 447 1841 qui
478 1792 545 1829 hac
576 1794 656 1842 ipsa
679 1792 736 1828 via
758 1792 795 1828 in

139 1849 346 1899 Aegyptum
382 1849 591 1886 devenerint
622 1849 796 1895 terrestri,

141 1905 232 1942 haec
263 1907 341 1954 ipsa
367 1906 403 1941 in
430 1906 602 1954 Aegypto
627 1905 794 1942 edoctum

141 1974 223 1999 esse
243 1961 418 1998 Nostrum
437 1962 484 1996 sit
504 1961 683 1997 credibile.
721 1961 795 2003 Qui

141 2018 212 2054 iter
242 2017 353 2053 hocce
380 2017 562 2065 suscipere
592 2016 729 2061 solent,
771 2017 794 2051 ii

138 2087 162 2111 a
175 2073 313 2110 Thebis
326 2073 561 2122 Aegyptiacis
575 2072 687 2120 (quae
711 2071 793 2107 olim

137 2130 308 2180 primaria
327 2129 530 2165 commercii
556 2129 661 2165 sedes
683 2128 794 2165 fuisse

136 2186 283 2222 videtur
313 2198 387 2221 non
411 2185 513 2222 aliter
532 2189 645 2233 atque
664 2185 792 2220 etiam-

135 2254 223 2278 num
242 2242 370 2289 Cairo)
383 2270 392 2287 ‚
413 2242 565 2290 profecti
585 2253 651 2289 per
670 2241 794 2277 deser-

136 2302 177 2334 ta
197 2298 245 2334 ad
264 2297 449 2334 Ammonis
478 2296 652 2345 tempium
678 2309 794 2344 qnan-

139 2355 188 2390 do
221 2357 488 2404 pervenerunt,
550 2353 632 2389 hinc
672 2353 793 2389 denuo

141 2410 365 2448 desertorum
377 2410 518 2446 Barcae
535 2414 675 2458 partem
690 2421 794 2445 mon-

140 2469 269 2514 tesque
290 2465 485 2502 Haradsch
501 2465 731 2513 transgressi,
757 2465 793 2501 in

138 2525 270 2557 terram
287 2522 436 2559 Fezzan
456 2522 697 2558 descendunt:
728 2534 794 2557 un-

140 2577 188 2613 de
218 2577 362 2614 ulterius
398 2578 583 2627 progressi
617 2577 654 2613 in
688 2577 795 2613 terris

138 2632 293 2668 Kashna
329 2645 370 2670 ac
401 2634 527 2669 Boruu
563 2633 797 2681 acquiescunt

139 2700 183 2723 ac
204 2688 505 2737 peregrinationis
525 2689 634 2725 finem
648 2690 797 2725 faciunt.

142 2743 249 2785 Quae
281 2743 360 2792 ipsa
389 2757 467 2780 cum
496 2745 720 2782 Herodoteis
745 2746 797 2780 ita

143 2811 345 2848 congruere
368 2800 539 2837 observat
559 2801 717 2837 Heeren.
734 2800 755 2836 l.
774 2800 797 2837 l.

141 2867 228 2904 pag.
250 2857 354 2902 209,
395 2860 434 2892 ut
462 2869 534 2893 non
565 2857 630 2894 nisi
658 2858 695 2894 in
725 2861 797 2893 sta-

613 335 736 390 Ὑπὲρ
778 335 824 380 δὲ
867 334 1035 379 τούτων
1074 335 1118 385 ἐς
1155 332 1390 389 μεσόγαιαν
1429 332 1457 388 ἡ

1114 225 1173 262 lv.
1375 225 1458 266 597

833 405 941 461 ὑπὲρ
992 406 1038 449 δὲ
1082 408 1156 461 τῆς
1199 403 1456 460 θηριώδεος,

860 556 1018 593 tionibus
1065 555 1282 604 quibusdam
1330 552 1511 602 quaedam

859 618 1025 649 occurrat
1054 612 1242 649 diversitas
1273 610 1329 646 vix
1353 609 1412 646 illa
1433 610 1512 657 qui-

859 671 941 706 dem
971 668 1152 713 tollenda,
1198 667 1268 703 nisi
1296 678 1390 715 quae
1416 666 1510 702 eius-

859 727 941 762 dem
961 725 1024 760 viri
1045 730 1100 762 est
1121 724 1277 773 suspicio
1305 722 1440 770 (ldeen
1464 720 1510 767 ll,

858 785 884 823 2
905 795 940 831 p.
957 781 1058 826 437)
1088 781 1178 816 duas
1201 779 1377 815 stationes
1400 778 1512 814 inter-

858 838 996 874 medias
1026 837 1072 873 ab
1094 836 1287 873 Herodoto
1314 834 1371 871 vel
1406 846 1511 882 pror-

857 906 916 929 sus
940 893 1091 928 omissas
1110 904 1191 929 esse
1213 896 1349 928 statuas
1366 889 1422 927 vel
1440 890 1510 939 ipsi

856 962 931 985 non
955 949 1130 984 indicatas
1164 948 1210 983 ab
1237 947 1304 983 illis
1330 951 1509 982 mercato-

855 1006 976 1049 ribus,
1002 1005 1065 1053 qui
1082 1003 1265 1049 consulto,
1295 1006 1335 1039 ut
1352 1003 1508 1051 videtur,

855 1061 994 1099 decimo
1033 1072 1180 1109 quoqne
1218 1060 1277 1096 die
1311 1059 1508 1095 stationem

853 1118 1053 1168 posuerint.
1098 1117 1157 1154 Tu
1186 1115 1258 1152 vid.
1279 1116 1387 1152 etiarn
1409 1114 1510 1151 Ren-

853 1174 922 1211 nel.
944 1173 966 1209 l.
984 1173 1003 1209 l.
1022 1186 1105 1222 pag.
1130 1174 1207 1212 671
1232 1171 1309 1207 coll.
1331 1170 1508 1208 Niebuhr,

852 1231 972 1267 Yerrn.
992 1229 1136 1266 Schrift.
1159 1228 1173 1263 Ι
1194 1240 1277 1292 pag.
1302 1228 1380 1267 145
1401 1239 1506 1289 seqq.

907 1285 1023 1336 ‘rato
1058 1282 1100 1323 δὲ
1133 1281 1284 1322 τούτων
1317 1283 1355 1328 ἐς
1389 1279 1507 1332 μεσό-

852 1357 968 1393 γαιαν
986 1358 1010 1391 η
1031 1336 1240 1391 θηριώδης
1260 1338 1338 1378 ἐστι
1350 1334 1504 1390 Λιβυη]

853 1399 958 1435 Haec
997 1397 1209 1447 explicanda
1247 1399 1331 1432 sunt
1367 1407 1410 1433 ex
1447 1408 1505 1444 ea,

853 1467 962 1503 quam
983 1454 1123 1491 Noster
1149 1453 1216 1489 sibi
1246 1453 1367 1488 animo
1387 1452 1506 1499 finxit,

853 1511 965 1547 totius
992 1509 1134 1559 Libyae
1165 1510 1279 1545 forma
1308 1520 1350 1545 ac
1382 1509 1504 1558 specie

853 1579 873 1604 e
900 1567 1006 1602 variis
1029 1565 1203 1602 tractibus
1233 1565 1388 1601 eandem
1407 1565 1504 1601 dire-

850 1623 1007 1659 ctionem
1031 1621 1267 1670 sequentibus
1284 1620 1426 1668 sibique
1444 1633 1504 1658 re-

851 1679 1115 1728 spondentibus
1142 1677 1374 1726 compositae.
1423 1676 1504 1713 Pri-

850 1747 931 1772 mus
958 1738 1096 1771 tractus
1125 1746 1188 1770 ora
1214 1733 1416 1769 continetur
1444 1745 1504 1770 se-

850 1790 1105 1842 ptentrionali,
1137 1802 1232 1838 quae
1252 1789 1318 1825 soli
1339 1788 1504 1837 coelique

850 1853 980 1884 natura
995 1859 1071 1883 non
1092 1846 1197 1883 valde
1219 1844 1399 1882 dissimilis
1424 1844 1502 1881 Eu-

849 1917 962 1953 ropae
980 1916 1075 1939 nunc
1091 1901 1338 1952 complectitur
1357 1904 1504 1951 septen-

848 1959 1021 1997 trionales
1042 1962 1166 2008 partes
1194 1958 1296 2005 regni
1313 1956 1504 1993 Marocca-

849 2016 909 2061 ni,
940 2015 1039 2060 Fez,
1068 2013 1275 2062 Algeriani,
1309 2012 1503 2050 Tunisiani

850 2084 892 2108 ac
916 2070 1135 2120 Tripolitani
1152 2069 1336 2118 vulgoque
1354 2073 1503 2105 vocatur

848 2127 1032 2172 Berberez·‚
1079 2138 1106 2163 S.
1139 2127 1247 2163 etiam
1281 2124 1379 2171 Tell,
1418 2124 1441 2161 i.
1467 2137 1502 2162 e.

848 2183 974 2220 fertilis
995 2183 1109 2231 regio,
1128 2185 1221 2218 teste
1237 2181 1368 2218 Ritter.
1387 2181 1503 2217 Erdk.

849 2240 863 2276 Ι
884 2253 919 2289 p.
936 2241 1029 2279 897.
1077 2238 1249 2286 Sequitur
1270 2241 1404 2273 tractus
1425 2236 1502 2274 bel-

848 2296 884 2332 lu
888 2308 971 2331 osus
992 2311 1017 2345 η
1038 2288 1392 2344 θηριωδηςΛιβύη
1406 2293 1503 2340 (He-

849 2352 928 2388 rod.
958 2351 1012 2397 ΙΙ,
1041 2353 1135 2399 32),
1182 2350 1290 2400 plane
1322 2350 1503 2396 desertus,

850 2408 879 2444 si
900 2408 946 2443 ab
967 2407 1098 2455 exigua
1123 2411 1228 2456 parte
1255 2418 1276 2442 a
1298 2406 1505 2442 Garaman-

851 2464 946 2500 tibus
964 2463 1061 2500 culta
1083 2463 1291 2499 discesseris
1306 2463 1420 2509 (nunc
1441 2474 1506 2497 vo-

852 2524 935 2556 cant
959 2518 1232 2567 Bileclztlgericl‚
1260 2519 1284 2555 i.
1306 2531 1337 2555 e.
1364 2517 1505 2568 palma-

852 2589 929 2611 rum
960 2577 1128 2623 terram)·,
1168 2587 1280 2624 supra
1305 2587 1413 2622 quem
1448 2574 1502 2609 in-

851 2636 1009 2669 trorsum
1037 2631 1246 2669 extenditur
1273 2632 1369 2678 regio
1390 2634 1506 2666 tumu-

855 2687 928 2724 losa
949 2700 991 2724 ac
1015 2688 1198 2733 sabulosa,
1230 2685 1396 2732 Sabora,
1425 2698 1510 2723 ma-

853 2745 947 2780 xime
968 2745 1070 2781 arida
1086 2756 1128 2780 ac
1150 2746 1273 2790 vasta,
1303 2743 1341 2777 in
1359 2754 1430 2791 qua
1450 2754 1509 2778 sa-

853 2799 896 2836 lis
915 2800 1045 2845 colles3
1075 2801 1120 2836 ab
1136 2799 1240 2835 huius
1258 2798 1353 2834 tertii
1372 2802 1508 2834 tractus

855 2856 1004 2894 meridie
1035 2855 1140 2894 Nilus
1170 2854 1350 2892 delabitur
1383 2853 1508 2891 eadem

1531 330 1636 370 Supra
1657 330 1773 357 marni-

1513 371 1592 390 nium
1601 364 1713 397 Libvae
1727 368 1786 390 tra-

1514 404 1592 424 (tuin
1623 398 1699 425 alius

1515 430 1638 466 luosus,
1653 438 1683 459 ei.
1698 439 1788 466 supra

1727 397 1788 424 bel—
