1904 3304
425 294 479 333 18

828 288 1305 328 HERODOTI

424 402 609 457 κεφαλαί
639 402 719 445 εἰσι
751 398 953 449 ἀσθενέες
984 396 1124 447 οὕτω,
1165 395 1272 440 ὥστε
1308 397 1345 440 εἰ
1384 396 1525 448 θέλεις
1553 395 1688 456 ψήφῳ
1700 401 1743 437 85

425 471 572 528 μούνῃ
602 472 796 528 βαλέειν,
827 468 1156 523 διατετρανέεις·
1197 469 1243 510 αἱ
1262 468 1308 511 δὲ
1328 471 1417 511 τῶν
1433 469 1688 523 Αἰγυπτίων

335 557 375 605 ss·
425 542 542 585 οὕτω
574 541 627 598 δή
656 559 697 584 τι
728 540 924 595 ἰσχυραὶ,
954 538 1077 595 μόγις
1107 538 1162 581 ἂν
1191 541 1301 597 λίθῳ
1332 542 1488 591 παίσας
1510 537 1689 596 διαρρή-

333 599 338 611 ’
431 613 554 664 ξειας.
615 613 758 656 αἴτιον
795 610 841 654 δὲ
878 610 1037 654 τούτου
1075 608 1174 652 τόδε
1215 610 1386 667 ἔλεγον,
1428 611 1500 655 καὶ
1540 611 1611 666 ἐμὲ
1639 608 1686 666 γ’

362 738 380 748 x«

312 915 408 1001 A*

355 681 634 737 ,»Ὺεύπετέως
662 683 860 732 ἔπειθον,
911 681 978 724 ὅτι
1008 678 1241 735 Αἰγύπτιοι
1275 683 1376 738 μὲν,
1407 680 1564 726 αὐτίκα
1603 680 1689 726 οἷπό

426 755 612 796 παιδίων
653 752 906 808 ἀρξάμενοι,
957 753 1187 806 ξυρεῦνται
1226 752 1305 804 τοὶς
1350 753 1567 809 κεφαλάς,
1617 752 1692 797 καὶ
1755 757 1836 798 199

400 823 542 877 4πρὸς
581 823 660 866 τὸν
697 823 824 880 ἥλιον
870 824 1107 880 παχύνεται
1146 823 1195 866 τὸ
1236 822 1400 866 ὀστέον.

1463 823 1605 868 τώυτὸ
1646 823 1693 867 δὲ
1703 829 1745 864 91

424 897 556 936 τοῦτο
608 895 681 937 καὶ
737 898 819 937 τοῦ
881 894 939 950 μὴ
993 898 1333 962 φαλακροῦσθαι
1389 895 1532 939 αἴτιόν
1580 896 1668 939 ἐστι
1680 910 1691 919 ·

426 965 679 1020 Αἰγυπτίων
729 964 812 1020 γὰρ
856 964 911 1008 ἄν
958 983 1023 1017 τις
1070 967 1320 1022 ἐλαχίστους
1368 969 1506 1010 ἴδοιτο
1554 970 1693 1022 φαλα-

399 1042 418 1075 5
429 1035 565 1090 κρούς
634 1035 812 1079 πάντων
884 1036 1144 1092 ἀνθρώπων.

1235 1038 1430 1081 τούτοισι
1496 1036 1576 1092 μὲν
1638 1035 1692 1091 δή

427 1106 560 1149 τοῦτό
606 1107 696 1150 ἐστι
740 1109 880 1150 αἴτιον
929 1110 1106 1164 ἰσχυρὰς
1152 1108 1330 1163 φορέειν
1368 1109 1446 1160 τὰς
1489 1104 1692 1163 κεφαλάς.

427 1182 542 1220 τοῖσι
593 1178 638 1221 δὲ
684 1179 909 1237 Πέρσῃσι,

427 1248 642 1303 κεφαλάς,
702 1252 844 1294 αἴτιον
891 1247 1013 1294 τόδε·

373 1402 486 1439 verba
501 1402 693 1450 Synesium
713 1405 880 1452 spectare
903 1402 939 1437 in
956 1401 1032 1437 En-

373 1471 465 1495 com.
487 1458 586 1495 Calv.
600 1472 636 1508 p.
650 1461 717 1505 77,
736 1463 859 1496 monet
878 1457 1032 1495 wessel.

410 1510 534 1553 ὀὕτω
564 1510 613 1565 δή
643 1530 679 1553 τι
711 1513 886 1566 ἰσχυραὶ,
919 1510 1035 1565 μόγις

375 1566 428 1609 ἂν
448 1594 499 1599 —-
522 1569 796 1621 διαρρήξειας]
824 1571 845 1607 i.
863 1584 894 1609 e.
915 1571 1034 1620 Aegy-

369 1629 525 1677 ptiorum
551 1640 631 1664 vero
651 1630 774 1664 cram'a
794 1630 848 1664 ita
869 1631 949 1664 sunt
967 1640 1034 1663 να-

376 1683 466 1730 lida,
497 1686 537 1719 ut
565 1683 682 1733 lapide
705 1686 902 1734 percutiens
931 1695 1036 1731 aegre

377 1739 581 1788 dzffn'ngas.
595 1741 620 1759 “
694 1739 913 1778 Particuiam
967 1738 1035 1786 ὥς,

377 1808 485 1846 quam
526 1801 611 1834 ante
650 1791 763 1847 μόγις
800 1797 1038 1834 exhibuerant

378 1852 578 1900 editiones,
627 1866 707 1889 cum
750 1853 954 1901 Schweigh.
1003 1858 1038 1890 et

379 1909 496 1945 Gaisf.
526 1909 661 1955 abieci,
693 1910 864 1957 quoniam
891 1922 912 1946 a
938 1909 1037 1945 libris

379 1965 545 2001 omnibus
563 1965 706 2015 scriptis
723 1965 828 2002 abest
847 1970 883 2003 et
899 1965 1039 2003 Noster

379 2021 504 2070 utique
526 2022 576 2057 ita
603 2022 682 2058 sine
703 2022 957 2059 coniunctione
985 2021 1040 2058 Io·

380 2077 442 2126 qui
462 2076 577 2122 solet3
597 2078 691 2114 couf.
710 2077 772 2124 Ill,
787 2080 876 2119 108.
899 2078 1039 2125 1252,

380 2146 475 2182 quae
499 2133 619 2170 attulit
639 2134 846 2183 Schweigh.
901 2133 1040 2171 Assen-

379 2192 468 2226 titur
488 2189 619 2227 Matth.
640 2190 676 2227 in
691 2191 756 2228 Gr.
769 2191 836 2228 Gr.
856 2204 893 2241 p.
910 2194 1040 2237 12863

381 2246 443 2295 qui
465 2246 560 2283 idem
582 2259 665 2296 pag.
693 2248 776 2288 912
798 2248 1040 2284 consulendus

381 2302 428 2338 ob
439 2314 544 2339 voces
559 2298 608 2351 δή
630 2317 686 2349 τις
704 2301 765 2339 Τυ
777 2303 860 2339 add.
875 2304 936 2349 III,
951 2307 1039 2344 120.

386 2356 477 2398 145.
498 2357 560 2403 IV,
582 2360 646 2398 28.
668 2358 712 2403 ΙΙ,
735 2359 826 2398 135.
867 2360 959 2395 Cum
980 2360 1041 2395 iis-

383 2413 467 2450 dem
486 2414 569 2449 viris
590 2415 704 2451 doctis
726 2427 793 2464 pro
815 2410 1043 2466 διαῤῥήξεις

384 2469 510 2519 scripsi
544 2466 817 2519 διαρρήξειας,
847 2473 948 2521 quod
973 2472 1041 2507 du-

384 2526 491 2572 dum,
519 2531 557 2562 ut
586 2528 727 2563 monuit
753 2526 842 2573 Cr.‚
881 2528 1044 2565 voluerat

385 2581 540 2618 Werser.
567 2582 602 2618 in
631 2584 727 2619 Actt.
757 2583 852 2633 phiII.
875 2585 1042 2621 Monacc.

386 2638 400 2673 1
424 2650 507 2687 pag.
533 2637 628 2684 249,
647 2640 875 2688 approbante
896 2640 1046 2678 Dissen.

385 2693 422 2730 in
451 2693 631 2743 Disquiss.
657 2695 790 2744 phiIoII.
824 2696 837 2732 I
867 2709 952 2746 pag.
981 2700 1045 2744 10,

387 2750 560 2798 quodque
569 2751 753 2787 Sancrosti
772 2751 864 2789 liber
884 2766 962 2789 cum
982 2753 1044 2789 tri-

387 2806 457 2843 bus
484 2806 560 2842 aliis
589 2808 810 2856 suppeditat.
870 2808 966 2846 Nam
988 2810 1046 2845 su-

387 2864 506 2899 turum
526 2876 604 2900 cum
624 2861 696 2909 ἅν,
726 2868 767 2900 ut
786 2865 831 2901 ab
852 2864 1047 2902 Herodoto

389 2918 537 2955 omnino
556 2919 711 2957 alienum
734 2925 801 2968 est,
822 2921 871 2958 ita
893 2921 975 2958 huic
995 2921 1049 2958 Io-

975 1179 1042 1222 ὅτι
1094 1178 1307 1231 ἀσθενέας
1356 1180 1572 1236 φορέουσι
1617 1177 1694 1228 τὰς

1072 1250 1411 1306 σκιητροφέουσι
1458 1250 1500 1303 ἐξ
1549 1248 1694 1306 ἀρχῆς,

1089 1415 1132 1438 co
1155 1401 1303 1438 minime
1330 1401 1576 1448 conveniens,
1608 1400 1646 1437 iu
1677 1411 1751 1449 qno

1089 1459 1292 1509 optativum
1316 1458 1384 1494 sibi
1405 1459 1547 1507 flagitat
1563 1457 1666 1494 ratio.

1148 1514 1276 1553 αἴτιον
1307 1513 1468 1565 ἰσχυράς
1491 1512 1653 1565 φορέειν
1682 1507 1754 1558 ταὶς

1090 1567 1290 1620 κεφαλάς]
1347 1571 1535 1607 Omittitur
1583 1568 1753 1607 articulus

1091 1630 1162 1666 τοῦ
1174 1632 1261 1664 ante
1280 1627 1496 1664 infinitivum
1509 1632 1595 1678 post
1613 1625 1754 1671 αἴτιον,

1092 1684 1200 1734 paulo
1211 1688 1319 1721 antea
1328 1684 1485 1720 additus.
1501 1684 1609 1720 Conf.
1620 1681 1754 1720 Matth.

1094 1742 1160 1779 Gr.
1185 1741 1250 1776 Gr.
1271 1752 1355 1789 pag.
1385 1740 1492 1781 1064
1523 1744 1596 1776 not.
1614 1739 1651 1790 β.

1151 1794 1458 1847 σκιητροφέουσι
1487 1795 1526 1843 ἐξ
1554 1791 1700 1846 ἀρχῆς]
1732 1794 1754 1831 ἱ.

1095 1867 1126 1891 e.
1147 1854 1191 1890 ab
1219 1855 1320 1890 initio
1341 1854 1407 1899 (ab
1425 1866 1468 1890 eo
1494 1858 1660 1903 tempore
1681 1863 1756 1900 quo

1094 1910 1172 1947 nati
1192 1910 1295 1957 sunt)
1311 1923 1435 1959 pueros
1456 1909 1518 1946 sub
1535 1909 1659 1946 umbra
1674 1907 1756 1947 edu-

1095 1969 1198 2014 cant,
1225 1967 1424 2017 parietibus
1448 1966 1627 2012 inclusos3
1656 1963 1757 2015 quod

1094 2024 1211 2073 ipsum
1250 2035 1293 2059 eo
1330 2024 1471 2070 refero,
1513 2022 1636 2072 quod,
1676 2022 1757 2072 ipso

1096 2079 1289 2116 Herodoto
1331 2085 1478 2117 auctore
1515 2079 1550 2126 Ι,
1585 2080 1665 2120 136
1695 2077 1759 2114 filii

1096 2148 1220 2173 recens
1254 2136 1330 2172 nati
1361 2136 1459 2186 apud
1486 2136 1620 2173 Persas
1652 2134 1760 2184 quin·

1099 2205 1170 2241 que
1200 2205 1266 2241 per
1293 2205 1408 2229 annos
1434 2191 1640 2229 mulieribus
1670 2189 1758 2227 solis

1097 2249 1384 2294 committuntur,
1414 2261 1481 2285 nec
1501 2247 1610 2285 ullum
1635 2247 1673 2284 in
1691 2259 1760 2297 pa-

1097 2309 1190 2341 trum
1213 2310 1446 2354 conspectum
1472 2317 1538 2354 per
1569 2304 1639 2340 hoc
1667 2307 1760 2341 tem·

1098 2373 1165 2410 pus
1187 2361 1347 2398 veniunt.
1389 2361 1445 2399 De
1464 2374 1536 2410 quo
1555 2372 1656 2397 more
1677 2359 1759 2411 plu-

1099 2429 1140 2452 ra
1160 2417 1320 2453 Brisson.
1358 2417 1415 2454 De
1433 2430 1509 2466 reg.
1532 2416 1630 2453 Pers.
1656 2416 1759 2466 prin-

1100 2474 1169 2522 cip.
1206 2473 1258 2519 11,
1284 2475 1336 2514 82
1361 2486 1462 2522 seq„
1488 2474 1550 2522 qui
1583 2473 1679 2510 idem
1711 2472 1759 2509 de

1098 2529 1299 2579 principum
1318 2529 1409 2574 filiis,
1421 2529 1482 2578 qni
1493 2529 1665 2566 eunuchis
1679 2527 1758 2579 ple-

1099 2598 1252 2633 rumque
1274 2586 1512 2623 tradebantur
1531 2585 1758 2631 instituendi,

1099 2641 1340 2678 consulendus
1368 2642 1424 2688 II,
1460 2644 1550 2683 166.
1588 2641 1760 2688 „Quibus

1100 2698 1199 2734 adde
1245 2711 1341 2734 nunc
1379 2698 1681 2748 olympiodorum
1723 2699 1762 2735 in

1102 2754 1263 2791 Platonis
1284 2754 1396 2791 Alcib.
1423 2756 1532 2804 prior.
1564 2768 1599 2805 p.
1625 2756 1703 2797 153
1724 2758 1762 2791 et

1103 2823 1211 2859 quem
1235 2811 1283 2847 ad
1311 2824 1391 2848 eurn
1417 2811 1534 2848 locum
1559 2811 1703 2849 laudavi
1732 2809 1760 2846 Ι,

1104 2867 1150 2903 de
1182 2867 1358 2904 Hammer
1386 2868 1421 2904 in
1459 2867 1601 2905 Annall.
1628 2866 1759 2904 Literr.

1104 2924 1339 2960 Vindobonn.
1383 2924 1463 2961 vol.
1492 2924 1576 2961 VIII
1611 2936 1647 2974 p.
1676 2922 1759 2962 381
