1904 3304
304 641 405 686 126

133 707 168 734 Λ.
186 706 236 735 522
265 706 294 733 iu
313 706 409 733 turbis

132 743 200 775 post
249 740 410 774 Magorum

84 773 255 802 *eaedem
283 775 409 800 Oroctca

132 807 290 834 Mitrobati
304 808 409 834 eteius

133 841 196 868 filio
215 846 338 868 mortem
363 840 407 867 os-

133 871 212 902 sei-t:
235 875 370 901 nuntium
391 882 409 901 a

133 907 227 934 Dario
289 908 410 935 naissum

132 940 344 968 trucidandum
377 943 409 969 in

134 975 233 1003 reditu
255 979 352 1003 curat.

463 245 548 286 228
861 242 1332 282 HERODOTI

463 351 550 398 ’ὑπὸ
581 355 662 397 τοῦ
686 350 836 409 ἡλίου,
867 350 1001 402 ἀνιεὶς
1027 350 1157 403 αὐτὸς
1177 351 1224 395 ἐκ
1245 355 1325 395 τοῦ
1348 350 1542 408 σώματος
1561 350 1736 407 ἰκμάδα.

436 422 779 477 5Πολυκράτεος
818 422 897 479 μὲν
934 422 987 479 δὴ
1030 425 1075 466 αἱ
1111 423 1267 466 πολλαὶ
1303 419 1496 477 εὐτυχίαι
1526 422 1569 473 ἐς
1605 420 1738 465 τοῦτο
1801 427 1880 467 261

466 494 746 550 ἐτελεύτησαν
794 497 849 550 τῇ
900 496 944 537 οῖ
975 493 1157 550 ’Ἄμασις
1205 492 1228 537 ὁ
1265 493 1494 549 Αἰγύπτου
1537 492 1794 550 βασιλεὺς-45

463 564 858 622 προεμαντεύσατο.

578 635 736 693 Χρόνῳ
767 637 812 680 δὲ
843 633 898 680 ου’
927 638 1077 693 πολλῷ
1106 634 1291 689 ὕστερον
1320 634 1394 678 καὶ
1418 632 1616 688 Ὀροίτεα
1649 637 1738 677 Πο-

440 705 710 761 Ξλυκράτεος
746 709 877 758 τίσιες
919 710 1146 762 μετῆλθον.
1205 705 1310 762 μετὰ
1339 704 1424 761 γάρ
1454 705 1532 749 τὸν
1560 703 1741 761 Καμβύ-

467 789 548 822 σεω
568 777 770 821 θάνατον
799 778 871 821 καὶ
902 781 990 819 τῶν
1013 777 1187 833 Μάγων
1215 778 1293 834 τὴν
1319 779 1567 833 βασιληίην,
1598 776 1742 832 μένων

466 849 514 894 ἐν
543 853 643 907 τῇσι
674 847 861 903 Σάρδισι
886 844 1104 904 Ὀροίτης,
1149 849 1306 905 ω’φὲλει
1344 848 1422 904 μὲν
1459 846 1590 891 οὐδὲν
1629 846 1741 900 Πέρ-

468 931 569 974 σας,
599 919 687 964 ὑπὸ
719 918 890 975 Μήδων
922 916 1308 976 ἀπαραιρημένους
1337 919 1416 975 τὴν
1447 917 1603 975 άρχήν·
1643 916 1666 961 ὁ
1697 916 1742 960 δὲ
1755 925 1800 958 50

467 990 516 1035 ἐν
545 990 682 1048 ταύτῃ
723 994 775 1046 τῇ
812 993 978 1046 ταραχῇ
1021 990 1130 1033 κατά
1169 991 1247 1047 μὲν
1277 991 1434 1034 ἔκτεινε
1462 986 1744 1045 Μιτροβάτεα

467 1061 545 1104 τὸν
574 1062 620 1105 ἐκ
650 1062 929 1104 Δασκυλείου
959 1060 1184 1117 ὕπαρχον,
1235 1061 1283 1113 ὅς
1322 1063 1366 1104 οἱ
1395 1059 1589 1104 ὠνείδισε
1618 1059 1671 1102 τοὶ
1702 1058 1745 1110 ἐς

471 1132 760 1187 Πολυκράτεα
790 1132 962 1187 ἔχοντα,
1008 1131 1118 1175 κατά
1160 1133 1205 1175 δὲ
1234 1137 1315 1176 τοῦ
1350 1131 1635 1189 Μιτροβάτεω
1664 1129 1744 1173 τόν

470 1206 605 1247 παῖδα
644 1201 939 1258 Κρανάσπην,
987 1201 1151 1257 ἄνδρας
1188 1203 1235 1246 ἐν
1274 1205 1467 1261 Πέρσῃσι
1513 1204 1743 1258 δοκίμους·

441 1273 584 1317 Βάλλα
613 1291 657 1318 τε
687 1273 883 1331 ἐξύβρισε
913 1279 1122 1327 παντοῖα,
1167 1276 1241 1318 καί
1269 1292 1368 1318 τινα
1399 1273 1642 1332 ἀγγαρήιον
1661 1278 1799 1317 Δα-55

469 1462 521 1515 τῇ
539 1481 595 1488 --
616 1455 979 1513 προεμαντεύσατο]
995 1459 1077 1497 Vid.

409 1515 477 1565 Ill,
500 1520 554 1558 40
575 1530 680 1566 seqq.

589 1572 899 1624 Cap.CXXVL

467 1624 816 1681 ἀπαραιρημένους
837 1626 911 1678 τήν
932 1623 1076 1680 άρχήν]

413 1685 525 1723 Conf.
553 1686 624 1732 ΙΙΙ,
656 1687 710 1727 65
735 1687 812 1722 init.
865 1686 1079 1735 Respicitur

412 1743 509 1779 enim
544 1747 714 1792 tempus,
785 1755 858 1791 quo
898 1743 1075 1787 Smerdis,

410 1797 560 1847 Magus,
581 1799 770 1848 imperium
782 1799 906 1835 tenuit.
920 1820 965 1826 —
982 1798 1079 1834 Pau-

410 1853 446 1891 lo
472 1860 558 1892 ante
592 1868 659 1905 pro
690 1853 774 1893 καὶ
803 1856 885 1893 τῶν
917 1850 1077 1906 Μάγων

408 1907 485 1962 τὴν
507 1912 721 1962 βασιληῖήν
755 1911 926 1949 Valcken.
957 1912 1078 1962 suspi-

412 1974 514 2004 catus
544 1974 622 2006 erat
649 1964 779 2006 κατά
809 1970 888 2006 τῶν
913 1971 975 2006 Μ.
1001 1964 1077 2018 τήν

412 2024 502 2075 βασ.
516 2051 527 2070 ,
568 2029 607 2061 ut
628 2037 756 2062 sensus
776 2024 845 2061 loci
870 2025 898 2061 is
922 2025 1077 2062 existat:

412 2093 449 2117 eo
485 2084 654 2130 tempore,
693 2094 760 2131 quo
788 2079 903 2129 Magi
933 2093 1078 2129 ‘regnum

412 2141 642 2187 occuparant.
693 2139 801 2177 Conf.
825 2138 897 2184 ΙΙΙ,
926 2141 990 2178 61.
1012 2140 1078 2177 67.

412 2194 471 2232 De
498 2207 565 2230 usu
597 2194 881 2244 praepositionis
915 2190 1014 2232 κατά
1040 2194 1077 2230 in

414 2250 644 2298 designando
655 2254 820 2300 tempore
834 2251 905 2287 dixi
919 2251 965 2287 ad
979 2251 1005 2296 Ι,
1015 2252 1079 2290 67.

474 2304 517 2344 ἐν
533 2301 656 2358 ταύτῃ
683 2308 733 2359 τῇ
755 2305 920 2360 ταραχῇ]
968 2307 1078 2342 Conf.

414 2361 480 2407 lli,
509 2362 599 2402 150.
647 2362 702 2398 Ex
726 2363 793 2399 hoc
818 2362 896 2398 loco
919 2363 1077 2399 Heereu.

417 2418 470 2454 ld.
491 2418 518 2464 I,
548 2420 565 2456 1
590 2430 674 2468 pag.
696 2417 791 2463 412,
812 2418 1078 2465 concludivult,

417 2478 576 2522 quantus
605 2475 752 2510 omnino
784 2475 851 2511 istc
875 2475 979 2511 suerit
1001 2488 1080 2510 mo-

417 2535 477 2567 tus
507 2542 529 2566 a
549 2531 696 2567 Smerdi
720 2530 914 2579 Magisque
942 2533 1080 2567 excita-

418 2591 498 2631 tus3
540 2587 677 2636 quippe
705 2587 752 2623 ad
784 2599 927 2623 omnem
953 2586 1078 2623 Asiam

417 2642 491 2680 late
522 2648 709 2693 patentem
746 2643 923 2691 regnique
956 2648 1079 2693 partes

418 2698 630 2749 amplissimi
658 2699 812 2736 maxime
835 2704 990 2735 remotas
1022 2699 1080 2736 ille

417 2755 571 2792 valuisse
582 2756 736 2792 videtur.
767 2755 852 2798 Quo
871 2756 967 2791 enim
988 2761 1080 2792 tem-

419 2824 510 2862 pore
530 2812 694 2849 Smerdis
713 2824 865 2860 regnum
885 2815 1082 2861 occuparat

420 2872 638 2920 septemque
667 2867 716 2905 illi
745 2868 927 2919 principes
955 2868 1081 2904 coniu-

1134 1459 1278 1506 rabant,
1301 1460 1459 1497 omnium
1477 1460 1554 1499 fere
1574 1474 1692 1499 rerum
1714 1474 1799 1512 per-

1134 1516 1292 1553 turbatio
1309 1529 1375 1566 per
1395 1529 1547 1566 regnum
1566 1517 1651 1555 iliud
1672 1523 1799 1555 exorta

1135 1585 1217 1609 esse
1250 1573 1415 1619 videtur,
1459 1573 1494 1609 in
1524 1575 1616 1623 quii,
1653 1580 1690 1611 ut
1720 1574 1798 1611 fieri

1134 1628 1250 1674 solet,
1324 1629 1459 1677 singuli
1530 1631 1797 1681 provinciarum

1133 1685 1308 1735 praefecti
1334 1699 1375 1723 se
1409 1687 1663 1724 constituerint
1689 1700 1796 1736 reges

1135 1747 1172 1779 et
1203 1755 1269 1791 pro
1302 1754 1367 1778 suo
1395 1743 1531 1791 quique
1565 1745 1708 1793 egerint
1739 1756 1799 1780 ar-

1134 1798 1254 1835 bitrio.

1189 1851 1260 1893 τόν
1279 1852 1320 1892 ἐκ
1332 1854 1578 1893 Δασκυλείου
1600 1852 1796 1907 ὕπαρχον]

1135 1911 1243 1947 Conf.
1275 1911 1348 1956 111,
1376 1915 1454 1952 120
1478 1911 1565 1961 ibiq.
1591 1917 1684 1951 nott.
1740 1912 1799 1950 Ad

1134 1968 1246 2004 verba
1267 1964 1314 2005 τά
1338 1966 1377 2013 ἐς
1403 1965 1664 2019 Πολυκράτεα
1692 1967 1798 2019 ἕχον-

1135 2040 1182 2062 τα
1206 2025 1299 2060 conf.
1326 2023 1388 2070 ΙΙΙ,
1415 2026 1475 2063 16.
1512 2025 1553 2061 In
1571 2026 1689 2063 verbis
1711 2026 1800 2063 sub-

1138 2093 1242 2129 seqq.
1266 2093 1346 2117 cum
1360 2081 1477 2117 Gaisf.
1495 2081 1699 2131 Florentini
1718 2081 1801 2119 libri

1136 2138 1364 2188 potissimum
1405 2138 1620 2174 auctoritate
1655 2138 1801 2187 scripsi-

1137 2206 1236 2230 mus:
1286 2189 1386 2230 κατά
1418 2191 1461 2231 ὁὲ
1490 2196 1561 2232 τοῦ
1591 2190 1799 2244 Μιτροβά-

1136 2264 1210 2288 τεω
1248 2245 1319 2287 τὸν
1366 2250 1490 2287 παῖδα
1527 2246 1799 2300 Κρανάσπην,

1136 2306 1197 2343 ubi
1216 2305 1325 2354 vulgo
1346 2302 1445 2343 κατά
1468 2302 1510 2343 δὲ
1533 2303 1602 2344 τόν
1628 2308 1687 2343 Μ.
1709 2310 1798 2345 παῖ-

1137 2364 1186 2401 δα
1211 2356 1446 2411 Κρανάσπην,
1478 2374 1585 2410 quam
1606 2362 1797 2400 lectionem

1136 2419 1284 2456 retinuit
1318 2417 1517 2463 Matthiae,
1589 2420 1657 2455 nisi
1696 2420 1797 2469 quod

1137 2470 1379 2525 Κρανάστην
1409 2475 1537 2511 edidit.

1193 2531 1259 2568 καί
1280 2545 1368 2567 τινα
1389 2525 1624 2581 άγγαρήϊον]
1659 2530 1797 2568 Tabel-

1136 2587 1261 2623 larium
1289 2586 1460 2635 intelligit
1486 2600 1513 2623 s.
1534 2600 1717 2624 cursorem
1740 2599 1798 2625 re-

1135 2644 1233 2692 gium
1254 2643 1436 2691 equitem3
1477 2644 1524 2681 de
1552 2657 1625 2693 quo
1646 2642 1798 2680 tabella-

1137 2700 1270 2736 riorum
1318 2700 1484 2736 instituto
1528 2701 1624 2750 apud
1666 2700 1797 2737 Persas

1138 2755 1328 2805 primarius
1371 2761 1492 2792 exstat
1529 2756 1658 2793 Nostri
1697 2757 1796 2792 locus

1142 2810 1248 2856 vm,
1274 2814 1349 2858 98,
1386 2825 1495 2860 quem
1524 2826 1596 2849 una
1619 2824 1699 2849 cum
1717 2811 1795 2847 aliis

1139 2867 1207 2904 hac
1233 2868 1279 2904 de
1304 2880 1343 2905 re
1371 2868 1543 2906 excitavit
1562 2869 1724 2905 Brisson.
1747 2867 1795 2904 de
