1904 3304
448 249 1018 291 MELPOMENE.

1079 251 1137 289 IV.
1344 253 1430 293 385

32 371 98 418 52
164 362 316 416 Τρίτος
327 358 570 411 δὲ”Υπανις
586 360 781 416 ποταμὸς
800 358 987 416 ὁρμᾶται
1003 359 1087 443 μὲν
1105 360 1152 403 ἐκ
1172 363 1248 415 τῆς
1257 364 1427 404 Σκυθι-

156 436 255 488 κῆς,
287 431 374 485 ῥέει
403 431 490 475 δὲ’
474 449 519 475 εκ
540 433 694 489 λίμνης
723 432 936 489 μεγάλης,
966 430 1046 487 τὴν
1075 430 1198 486 πέριξ
1220 431 1426 486 νέμονται

156 506 278 547 ι’πποι
297 501 443 558 ἄγριοι
466 505 621 547 λευκοί
651 504 848 548 καλέεται
869 501 907 547 δ’
928 500 954 559 ἡ
977 503 1107 558 λίμνη
1126 501 1236 558 αὕτη
1257 499 1518 556 ὀρθῶς,60“
1517 499 1556 551 ”a
1568 500 1634 550 ”cv'

127 581 149 614 2
159 590 296 631 μητηρ
315 571 531 626 Ὑπάνιος.
591 574 639 619 ἐκ
664 574 823 632 ταύτης
844 569 907 617 ὠν
927 571 1173 617 ἀνατέλλων
1200 570 1225 617 ὁ
1244 572 1428 624 ’Τπανις
1482 595 1513 619 te
1497 601 1549 620 eru

100 750 157 788 De
196 751 296 788 cuius
338 753 436 790 urbis
476 755 622 793 nomine
657 754 762 805 plura

101 807 350 845 Tzschuckel.
374 809 395 846 l.
423 823 458 860 p.
483 809 536 851 40
551 824 644 860 seq,
663 811 761 848 idem

99 864 146 901 de
169 864 297 901 civium
322 866 629 916 appellationibus
652 867 761 904 variis

100 933 265 958 monens.
305 921 379 966 Qui
406 923 570 971 dubitat,
601 936 648 960 an
663 923 761 960 Ben-

102 976 163 1013 der
183 978 268 1015 urbs
290 978 328 1015 in
348 992 391 1016 eo
411 979 490 1017 loco
511 980 557 1017 sit
576 980 658 1026 sita,
681 980 761 1029 Ty-

101 1046 254 1083 rumque
285 1039 445 1073 veterem
473 1037 509 1072 in
538 1040 656 1073 castro
680 1035 758 1072 Pa-

102 1089 209 1126 lanko
238 1093 486 1140 quaerendam
519 1097 654 1130 censet.
701 1093 759 1130 Cf.

101 1145 294 1184 Reichard.
319 1147 342 1184 l.
367 1148 389 1185 1.
411 1162 446 1199 p.
468 1147 521 1190 43
553 1149 631 1186 coll.
652 1149 762 1187 Man-

102 1208 194 1241 nert.
216 1204 265 1241 lv
285 1217 322 1255 p.
339 1206 405 1245 83.
424 1205 519 1246 234.

322 1261 432 1310 Cap.
462 1261 541 1298 LlI.

167 1315 306 1366 Τρίτος
338 1315 379 1355 δὲ
398 1315 596 1367 “Ymmg]
654 1317 763 1354 Nunc

104 1378 253 1408 vocatur
279 1372 377 1422 Bag.
430 1375 486 1411 Cf.
509 1375 693 1411 Mannert.
714 1375 763 1411 lv

104 1441 189 1477 pag.
212 1428 275 1469 74.
306 1430 499 1467 Reichard.
519 1431 539 1467 l.
558 1430 580 1467 l.
600 1443 685 1481 pag.
696 1431 763 1471 44.

105 1483 324 1522 'szschucke
355 1487 402 1523 ad
420 1486 555 1524 Melam
576 1486 598 1523 l.
623 1487 645 1524 Ι.
674 1500 762 1537 pag.

103 1541 169 1581 35·
189 1542 255 1581 36.
286 1542 409 1592 Ipsum
432 1556 566 1581 nomen
585 1556 605 1580 e
619 1543 763 1580 Graeco

104 1602 215 1645 atque
254 1597 409 1635 barbaro
450 1600 599 1636 mixtum
636 1602 764 1636 statuit

103 1652 161 1690 De
181 1653 306 1690 Bross.
329 1655 440 1693 Mem.
464 1657 510 1693 de
533 1655 621 1692 l’Ac.
645 1656 680 1692 d.
704 1655 764 1692 ln-

105 1722 171 1746 scr.
188 1710 329 1747 XXXV
351 1725 436 1761 pag.
461 1713 542 1754 527
563 1725 764 1761 amnemque

104 1765 305 1816 inferiorem
342 1769 548 1817 designare.
607 1769 648 1806 In
692 1769 764 1806 alia

105 1823 226 1859 omnia
246 1824 321 1876 abit
335 1824 469 1863 Ritter.
483 1825 654 1863 Vorhalle
675 1838 762 1875 pag.

107 1880 182 1919 181
224 1892 328 1929 seqq.
370 1880 450 1922 134
485 1895 589 1932 seqq.
638 1883 765 1919 Indica

104 1935 300 1972 advocans.

163 1989 204 2028 ἐκ
231 1992 372 2042 λίμνης
398 1989 585 2044 μεγάλης]
643 1994 764 2032 Hero-

106 2047 232 2084 dotum
274 2049 332 2085 hic
364 2062 513 2098 quoque
549 2051 659 2087 nimio
697 2064 763 2088 suo

106 2103 242 2151 studio,
267 2118 339 2153 quo
368 2117 492 2143 amnes
512 2106 725 2157 plerumque
744 2120 764 2144 e

106 2159 254 2197 lacubus
288 2162 406 2211 iisque
436 2163 576 2211 magnis
609 2163 763 2209 derivat,

106 2216 297 2267 abreptum
326 2218 435 2257 fuisse
461 2220 650 2256 contendit
674 2220 763 2256 Rei-

107 2272 228 2310 chard.
251 2273 273 2311 l.
299 2274 344 2322 l.,
385 2276 454 2312 nisi
476 2276 629 2313 forsitan
661 2276 765 2326 palu-

108 2329 195 2366 dum
213 2342 255 2367 ac
273 2335 501 2380 stagnorum,
531 2345 624 2381 quae
644 2334 680 2369 in
696 2346 765 2381 gu-

110 2385 233 2424 bernio
253 2386 378 2424 Minsk
407 2389 659 2440 reperiuntur,
698 2402 766 2426 no-

109 2442 188 2478 titia
230 2445 409 2492 quaedam
448 2446 496 2482 ad
534 2445 765 2482 Herodotum

110 2499 328 2547 pervenerit.
378 2499 551 2552 Namque
575 2502 666 2540 haec
690 2506 766 2539 sta-

112 2565 197 2601 gna,
230 2567 252 2591 a
271 2557 400 2604 quibus
418 2571 492 2595 non
513 2558 618 2596 valde
635 2559 767 2596 remoti

112 2609 280 2659 Hypanis
305 2613 445 2662 fontes,
489 2615 573 2652 olim
593 2628 767 2663 inagnum

112 2664 230 2703 lacum
263 2667 425 2708 effecisse
454 2672 580 2709 videri.
641 2673 768 2709 Oritur

115 2722 228 2768 enim,
271 2725 371 2772 quod
400 2728 486 2764 satis
516 2741 610 2766 nunc
640 2734 766 2765 notum

114 2783 189 2824 est,
219 2779 385 2829 Hypanis
403 2782 441 2819 in
456 2782 627 2831 Podolia‚
657 2785 768 2822 Polo-

114 2835 195 2872 niae
217 2837 376 2885 regione.

169 2888 243 2941 τήν
284 2890 396 2944 πέριξ
431 2893 617 2946 νέμονται
649 2896 767 2937 ἵπποι

167 2947 377 2987 HannoT.
416 2952 462 2989 ΙΙ.

821 750 967 805 ἄγριοι]
1015 750 1152 801 Attigit
1195 751 1284 790 haec
1316 750 1482 788 Eustath.

818 810 867 847 ad
898 809 1053 857 Dionys.
1084 808 1228 856 Perieg.
1262 807 1367 848 1143
1396 820 1481 857 pag-

817 867 923 913 312,
963 866 1017 906 24
1047 877 1126 913 seq.
1165 865 1223 902 ed.
1253 864 1481 912 Bernhardy,

817 921 907 960 Non
929 921 1035 959 aliter
1055 921 1164 958 hodie
1188 921 1237 957 ad
1266 919 1363 970 ripas
1384 920 1482 956 fluvii

817 978 981 1027 Wyssun
1021 977 1057 1013 in
1106 978 1263 1014 desertis
1314 976 1480 1025 gubernii

818 1034 985 1072 Cherson
1017 1046 1132 1083 equos
1152 1033 1250 1083 pasci
1272 1033 1368 1070 feros
1390 1032 1479 1068 scri-

817 1090 872 1127 bit
898 1090 1071 1141 Kiippen.
1111 1089 1376 1139 Nordgestade
1414 1090 1480 1126 des

817 1147 927 1184 Pont.
948 1159 1034 1197 pag.
1051 1148 1114 1187 11.
1145 1147 1198 1183 Ac
1216 1148 1263 1183 de
1281 1147 1398 1195 equis,
1419 1146 1481 1194 qui

817 1216 885 1254 per
901 1204 993 1240 istos
1014 1215 1161 1253 campos
1181 1203 1217 1239 in
1238 1209 1336 1240 terra
1361 1203 1483 1240 Ukra-

818 1261 901 1307 nia,
933 1272 1029 1308 quae
1050 1263 1221 1306 vocatur,
1251 1259 1362 1308 longe
1387 1258 1482 1296 late-

820 1329 894 1365 que
927 1316 1045 1354 adhuc
1073 1321 1254 1365 vagantur
1283 1315 1386 1353 liberi
1415 1328 1484 1352 nec

821 1372 977 1418 domiti,
1017 1373 1229 1410 recentioris
1252 1385 1401 1421 quoque
1421 1385 1485 1409 ae-

821 1430 905 1465 tatis
928 1430 1222 1479 peregrinatores
1243 1429 1329 1465 satis
1345 1432 1485 1465 testan-

1482 355 1528 383 Te
1531 357 1588 383 riut
1573 357 1732 399 usHypani

1529 391 1597 423 Daui
1600 391 1637 417 de
1659 391 1724 417 nSc=
1708 400 1758 426 ny-

1483 399 1547 484 ιΙΙιίει
1572 428 1639 451 ortu
1666 446 1674 455 ,
1704 425 1759 452 ssu-

1524 457 1592 484 ndu
1596 458 1630 484 lci
1635 458 1683 484 sv
1692 458 1745 499 ,ἀίει

1483 558 1540 593 Scy
1544 558 1632 585 tharu
1616 567 1663 586 ιιιιι
1687 561 1745 585 Aru

1554 601 1580 619 ιιι
1605 596 1638 620 et
1655 593 1726 620 Alaz
1712 601 1760 620 z-o

821 1490 904 1532 tur,
951 1486 1111 1534 itemque
1141 1485 1251 1522 Liuk.
1284 1482 1386 1538 (Die
1414 1484 1488 1522 Ur-

821 1540 907 1578 wclt
926 1553 1010 1590 pag.
1024 1540 1103 1582 194
1116 1542 1215 1590 seq.)
1238 1542 1284 1578 de
1304 1541 1484 1590 primitiva

821 1598 906 1646 equi
927 1597 1045 1647 patria
1067 1610 1270 1646 quaerens,
1314 1610 1423 1646 quam
1446 1598 1484 1633 in

818 1654 1029 1702 regionibus
1049 1653 1165 1704 planis
1180 1654 1225 1690 ab
1249 1653 1389 1690 oriente
1407 1666 1485 1690 ma-

818 1711 867 1747 ris
887 1710 1012 1760 Caspii
1056 1723 1139 1748 esse
1174 1710 1385 1747 arbitratur.
1437 1710 1486 1746 At

819 1766 954 1803 Ritter.
974 1766 995 1803 l.
1013 1765 1035 1804 l.
1070 1779 1158 1817 pag.
1185 1767 1265 1807 185
1290 1767 1320 1803 si
1341 1767 1485 1812 audias,

822 1824 907 1872 equi
928 1824 1143 1860 sanctissimi
1163 1828 1375 1873 pascuntur,
1405 1835 1486 1860 ma-

822 1892 918 1929 gnae
943 1881 1048 1916 matri
1073 1881 1298 1926 consecrati,
1327 1893 1394 1917 nec
1412 1879 1484 1916 alio

820 1936 900 1973 loco
932 1936 970 1972 in
1002 1936 1056 1973 his
1089 1937 1195 1974 terris
1229 1936 1341 1973 habiti
1373 1941 1484 1985 atque

822 1991 972 2042 elephas
989 1992 1091 2030 albus
1112 1994 1148 2030 in
1169 1992 1409 2043 Taprobanes
1427 1994 1482 2029 in-

821 2048 911 2086 sula.

879 2099 1008 2156 μήτηρ
1053 2100 1269 2153 Ὓῆτοῖνιος]
1322 2104 1485 2142 Pertinet

821 2161 889 2198 huc
900 2161 1000 2199 Mela
1021 2161 1067 2208 II,
1093 2162 1212 2209 1‚65:
1244 2161 1483 2211 „Callipidas

822 2218 991 2268 Hypanis
1004 2218 1165 2255 includit.
1197 2218 1251 2254 Ex
1269 2218 1399 2266 grandi
1415 2230 1480 2268 pa-

821 2275 909 2312 lude
930 2275 1065 2322 oritur,
1095 2287 1204 2323 quam
1225 2273 1385 2311 Matrem
1406 2275 1482 2311 eius

821 2330 968 2368 accolae
987 2330 1174 2382 appellant
1186 2344 1197 2377 3
1211 2333 1236 2351 “
1274 2335 1388 2381 atque
1411 2331 1485 2367 Eu-

822 2387 974 2424 stathius
988 2388 1034 2424 ad
1047 2387 1200 2438 Dionys.
1215 2387 1356 2438 Perieg.
1376 2388 1482 2428 1143

823 2443 928 2494 (938·
950 2446 1046 2492 312,
1068 2447 1122 2486 20
1146 2445 1204 2482 ed.
1225 2445 1483 2493 Bernhardy):

826 2499 955 2539 ἰστέον
975 2498 1018 2539 δὲ
1041 2496 1103 2540 ὅτι
1117 2498 1217 2540 κατα
1234 2498 1305 2541 τόν
1320 2496 1483 2551 Ἡρόδο-

823 2572 893 2596 τον
914 2556 981 2596 καὶ
998 2554 1204 2624 vafflno'g
1225 2556 1401 2608 ποταμός
1423 2557 1483 2603 τίς

824 2612 904 2652 ἐστι
925 2610 1164 2666 λεγόμενος
1164 2611 1351 2661 ’Τπανις,
1385 2610 1483 2653 ἅνα-

822 2668 967 2710 τέλλων
1013 2670 1055 2710 ἐκ
1104 2671 1247 2722 λίμνης
1297 2668 1481 2737 μεγαλης,

822 2723 909 2777 ’ἥτις
939 2726 1089 2779 λέγεται
1123 2724 1252 2780 μήτηρ
1281 2723 1483 2773 Ὗπανιος,

822 2781 932 2823 καθα
962 2782 1113 2835 δηλαδη
1141 2800 1207 2823 και
1238 2782 1268 2835 ἦ
1296 2786 1484 2829 Μαιωτις

824 2836 953 2891 μήτηρ
976 2844 1047 2880 τοῦ
1070 2836 1280 2888 Εὐξείνου.
1330 2841 1404 2878 Ubi
1424 2854 1483 2878 re-

823 2898 929 2948 spicit
947 2897 1075 2935 Nostri
1103 2898 1213 2935 verba
1241 2897 1313 2944 lv,
1335 2899 1408 2938 86:
1456 2892 1484 2945 ἢ
