1904 3304
155 608 331 643 Scytharum
357 608 394 635 de

155 643 214 671 illis
231 643 395 670 consilium.

324 1596 421 1640 112

150 1661 282 1695 Scythae
298 1662 423 1689 iuvenes

151 1695 242 1727 missi,
261 1703 324 1721 cum
338 1697 423 1721 Ama-

151 1729 272 1756 zonibus
301 1736 424 1757 consue-

151 1767 249 1789 scunt.

462 290 547 329 486

857 281 1325 322 HERODOTI

466 395 512 440 δὲ
539 391 696 449 πρώτῳ
736 390 1038 450 ἱπποφορβίῳ,
1081 395 1211 436 τοῦτο
1243 390 1508 448 διήρπασαν·
1552 389 1625 433 καὶ
1653 389 1722 433 ἐπὶ

466 465 636 510 τούτων
679 459 981 516 ἷππαζόμεναι,
1025 460 1241 517 ἐληΐζοντο
1281 462 1334 505 τὰ
1369 466 1457 504 τῶν
1496 459 1721 504 Σκυθέων.

309 544 406 589 111
469 538 523 580 Οἱ
555 534 599 577 δὲ
630 532 808 576 Σκύθαι
839 531 920 575 οὐκ
961 530 1077 586 εἶχον
1118 531 1416 588 συμβαλέσθαι
1444 530 1492 574 τό
1523 535 1720 586 πρῆγμα·

469 605 568 649 οὔτε
598 602 680 659 γὰρ
713 601 891 658 φωνην,
932 600 1032 645 οὔτε
1063 602 1246 658 ἐσθῆτα,
1278 600 1377 644 οὔτε
1406 599 1453 643 τό
1486 601 1613 651 ἔθνος
1643 601 1754 657 ἐγί-1

466 685 665 724 νωσκον,
720 670 817 715 ἀλλ’
866 671 912 715 ἐν
948 671 1152 728 θωύματι
1189 668 1302 729 ἦσαν
1343 669 1503 714 ὁκόθεν
1544 671 1728 714 ἔλθοιεν.

439 744 654 789 Ξέδόκεον
684 739 723 786 δ’
759 740 893 793 αὐτάς
933 742 1044 787 εἶναι
1084 744 1250 798 ἄνδρας
1279 743 1356 798 τὴν
1394 739 1532 796 αὐτὴν
1560 740 1731 797 ἡλικίην

471 816 670 872 ἔχοντας,
701 811 842 868 μάχην
871 829 915 856 τε
945 812 998 869 δὴ
1027 813 1137 869 πρὸς
1168 812 1298 864 αὐτὰς
1329 812 1568 855 ἐποιεῦντο·
1609 811 1656 854 ἐκ
1684 810 1732 854 δὲ

471 891 548 943 τῆς
586 884 720 940 μάχης
748 888 836 926 τῶν
864 888 1032 938 νεκρῶν
1071 884 1315 940 ἐκράτησαν
1345 884 1387 925 οἱ
1417 881 1613 933 Σκύθαι,
1655 881 1760 924 καὶ5

444 956 589 1001 Βοῦτω
613 956 807 1011 ἔγνωσαν
835 954 989 1006 ἐούσας
1020 960 1243 1011 γυναῖκας.
1293 951 1649 1009 βουλευομένοισι
1671 946 1734 994 ὧν

471 1025 644 1070 αὐτοῖσι
675 1025 791 1076 ἔδοξε
820 1027 1000 1068 κτείνειν
1029 1027 1107 1081 μὲν
1138 1025 1287 1070 οὐδενὶ
1315 1023 1460 1082 τρόπῳ
1493 1023 1554 1065 ἔτι
1587 1019 1735 1073 αὐτάς,

473 1098 650 1141 ἑωυτῶν
691 1096 737 1138 δὲ
776 1095 882 1146 τούς
927 1095 1166 1147 νεωτάτους
1212 1095 1465 1150 ἀποπέμψαι
1504 1094 1546 1144 ἐς
1585 1090 1733 1143 αὐτὰς,

473 1172 642 1224 πλῆθος
671 1164 926 1216 εἰκάσαντας
955 1166 1054 1209 ὅσαι
1082 1182 1162 1219 περ
1193 1165 1351 1208 ἐκεῖναι
1381 1160 1516 1220 ἦσαν·
1552 1162 1737 1213 τούτους

475 1240 526 1283 δὲ
552 1236 972 1293 στρατοπεδεύεσθαι
1001 1238 1184 1292 πλησίον
1213 1235 1432 1286 ἐκεινέων,
1478 1234 1550 1277 καὶ
1578 1232 1739 1276 ποιέειν
1751 1239 1794 1273 10

476 1308 530 1352 τά
557 1324 636 1362 περ
667 1306 722 1350 ἄν
751 1307 824 1349 καὶ
852 1307 1011 1350 ἐκεῖναι
1039 1306 1236 1350 ποιέωσι·
1284 1306 1341 1361 ἣν
1371 1305 1417 1348 δὲ
1447 1302 1610 1354 αὐτούς
1639 1302 1740 1346 διώ-

476 1391 608 1428 κωσι,
640 1377 853 1434 μάχεσθαι
883 1378 962 1433 μὲν
986 1377 1066 1434 μὴ,
1108 1376 1380 1432 ὑποφεύγειν
1410 1374 1478 1419 δέ·
1531 1375 1662 1418 ἐπεὰν
1692 1374 1739 1418 δὲ

477 1450 750 1501 παύσωνται,
783 1449 991 1500 ἐλθόντας
1020 1447 1179 1500 αὐτοὺς
1204 1449 1387 1503 πλησίον
1406 1443 1740 1501 στρατοπεδεύε-

478 1527 599 1565 σθαι.
656 1523 793 1562 ταῦτα
827 1519 1141 1575 ἐβουλεύσαντο
1173 1520 1217 1561 οἱ
1246 1517 1445 1570 Σκύθαι,
1477 1516 1741 1573 βουλόμενοι

479 1592 521 1645 ἐξ
552 1591 720 1634 αὐτέων
747 1593 905 1640 παῖδας
931 1589 1247 1646 ἐγγενήσεσθαι.
1299 1586 1674 1642 Ἀποπεμφθέντες
1694 1587 1741 1630 δὲ

481 1664 524 1705 οἱ
551 1663 790 1717 νεηνίσκοι,
823 1661 994 1704 ἐποίευν
1022 1660 1075 1702 τοὶ
1106 1657 1397 1713 ἐντεταλμένα.
1447 1658 1537 1701 ἐπεὶ
1572 1657 1617 1700 δὲ
1648 1657 1796 1712 {pta-15

480 1738 568 1777 θον
597 1731 759 1784 αὐτοὺς
789 1733 834 1776 αἱ
859 1730 1086 1788 Ἀμαζόνες
1116 1729 1187 1774 ἐπ’
1227 1729 1410 1787 οὐδεμιῇ
1441 1727 1617 1785 δηλήσει
1646 1726 1741 1772 άπι-

482 1892 546 1933 ἐπὶ
565 1889 742 1943 τούτων]
775 1892 928 1941 Spectat
950 1892 997 1928 ad
1020 1890 1083 1929 ἴττ-

427 1951 652 2003 ποφορβίῳ.
693 1950 750 1986 Cf.
770 1948 898 1984 Matth.
933 1962 969 1997 p.
991 1949 1085 1987 811.

430 2007 497 2046 Cr.
536 2007 640 2043 addit
671 2005 824 2042 Porson.
856 2005 904 2041 ad
934 2004 1085 2041 Homer.

428 2064 503 2101 Od.
521 2062 613 2110 ΧΙΙ,
648 2064 739 2102 181.

638 2118 748 2167 Cap.
779 2117 875 2153 CXI.

489 2172 764 2226 συμβαλέσθαι
810 2170 853 2210 τὸ
902 2171 1084 2223 πρῆγμα]

431 2233 616 2281 „assequz’‚
646 2228 866 2267 coniectando
891 2229 1089 2277 intelligere

432 2290 537 2325 νοηκι
571 2287 634 2324 Cr.
683 2286 745 2323 Tu
770 2286 841 2322 vid.
870 2290 960 2322 nott.
990 2286 1038 2321 ad
1062 2284 1089 2330 Ι,

433 2346 497 2384 68.
519 2344 589 2390 lv,
616 2342 681 2383 45.
720 2341 808 2378 Mox
830 2342 959 2378 retinui
979 2336 1091 2378 θωύ-

434 2414 523 2451 ματι
552 2412 618 2449 pro
645 2393 825 2448 θώματι,
853 2398 953 2446 quod
974 2397 1091 2433 Gaisf.

434 2457 626 2493 induxerat
662 2455 777 2502 (conf.
817 2458 910 2490 nott.
947 2453 995 2489 ad
1028 2453 1092 2498 lv,

435 2514 506 2560 28)
527 2515 564 2549 et
584 2523 663 2547 cum
684 2510 814 2547 eodem
833 2510 948 2546 Gaisf.
970 2514 1007 2546 et
1024 2509 1093 2545 hoc

435 2568 516 2605 loco
543 2572 581 2604 et
604 2565 712 2616 paulo
736 2566 884 2602 inferius
903 2560 1007 2616 ἦσαν
1025 2577 1092 2615 pro

437 2623 541 2663 ἕσαν.
565 2643 621 2650 -
664 2618 738 2671 τήν
773 2617 899 2671 αύτήν
924 2620 1091 2672 ἡλικίαν

436 2679 595 2730 ἔχοντας
617 2679 784 2727 equidem
806 2679 1023 2727 interpretor
1038 2679 1090 2714 υἰ-

435 2750 492 2773 ros
516 2735 666 2772 eiusdem
686 2737 845 2770 staturae
866 2738 970 2782 atque
991 2738 1092 2771 aeta-

436 2795 495 2830 sz's.
532 2793 640 2829 Conf.
665 2795 759 2829 nott.
777 2791 824 2826 ad
847 2790 913 2836 ΙΙΙ,
947 2793 1010 2830 16.
1050 2790 1092 2826 Ιη

437 2862 539 2898 seqq.
567 2860 690 2885 vocem
722 2843 832 2892 τινάς
857 2850 940 2896 post
965 2842 1090 2896 μάχης

438 2905 548 2954 vulgo
581 2905 751 2942 insertam
781 2916 860 2940 cum
888 2902 1091 2950 Schweigh.

1141 1893 1180 1928 et
1210 1889 1326 1927 Gaisf.
1356 1886 1485 1926 delevi.
1503 1908 1559 1916 —-
1589 1887 1662 1925 Pro
1692 1885 1798 1927 εἰκά-

1143 1958 1286 1992 σαντας
1307 1945 1407 1994 quod
1427 1945 1482 1981 cui
1504 1944 1540 1980 in
1560 1949 1716 1982 mentem
1737 1957 1799 1982 ve-

1142 2004 1198 2040 nit
1224 1997 1470 2047 εἰκάσαντες,
1501 2013 1544 2037 eo
1572 2000 1669 2037 haud
1693 2013 1798 2051 opus.

1142 2059 1202 2097 De
1220 2058 1414 2096 accusativi
1437 2069 1526 2102 usu,
1557 2057 1618 2093 ubi
1636 2057 1799 2093 dativum

1144 2115 1406 2165 exspectabas,
1452 2113 1526 2149 dixi
1567 2113 1615 2150 ad
1654 2112 1690 2157 Ι,
1735 2115 1798 2152 37.

1143 2172 1185 2208 In
1207 2171 1279 2208 fine
1303 2183 1382 2220 cap.
1410 2182 1476 2219 pro
1497 2164 1686 2215 ἐλθόντας
1709 2163 1799 2206 αύ-

1145 2224 1266 2272 τούς
1297 2226 1465 2276 πλησίον
1496 2226 1651 2273 Stegero
1680 2225 1800 2261 Praef.

1144 2297 1182 2335 p.
1212 2282 1281 2320 XV
1311 2283 1347 2318 in
1374 2286 1534 2319 mentem
1563 2281 1663 2318 venit
1691 2274 1803 2327 αὖτις

1145 2353 1213 2391 pro
1233 2334 1390 2384 αὐτούς.

1341 2395 1452 2443 Cap.
1490 2390 1604 2430 CXII.

1205 2446 1273 2491 ἐπ’
1304 2445 1470 2502 οὐδεμιῇ
1503 2442 1686 2498 δηλήσει]
1718 2447 1802 2485 Vid.

1148 2508 1178 2556 I,
1195 2507 1247 2549 41
1267 2507 1352 2556 ibiq.
1383 2506 1440 2542 Ad
1459 2503 1533 2542 ἔων
1552 2505 1701 2556 χαίρειν
1713 2504 1803 2541 sub-

1148 2564 1301 2612 intellig.
1332 2561 1375 2600 αἱ
1399 2555 1623 2609 Ἀμαζόνες.
1681 2561 1804 2611 Ipsam

1149 2620 1292 2657 dicendi
1331 2617 1516 2654 formulam
1548 2615 1619 2656 ἐᾶν
1654 2617 1805 2667 χαίρειν

1147 2675 1307 2726 (missum
1352 2673 1487 2723 facere)
1546 2673 1583 2710 in
1637 2673 1804 2719 Platone,

1147 2733 1253 2778 aliis,
1288 2731 1446 2768 crebrius
1481 2730 1647 2777 obviam,
1682 2729 1805 2777 attigit

1146 2788 1320 2825 Valcken.
1349 2787 1397 2823 ad
1427 2787 1499 2834 lx,
1540 2786 1606 2827 41.
1651 2784 1711 2822 Cf.
1742 2783 1804 2830 VI,

1146 2847 1211 2885 23.
1243 2844 1282 2880 ln
1304 2856 1405 2891 seqq.
1429 2838 1493 2882 ἐπ’
1513 2839 1638 2895 ἡμέρῃ
1661 2835 1803 2893 ἑκάστῃ

1147 2899 1241 2938 valet
1265 2900 1438 2949 quotidie,
1475 2911 1605 2948 quoque
1630 2897 1696 2935 (lie.
1724 2896 1804 2934 Ho-
