1904 3304
518 251 1079 293 MELPOMENE.
1138 252 1199 292 IV.

230 368 301 412 καὶ
336 368 416 409 τοῦ
447 363 602 414 παιδὸς
633 360 773 406 αὐτοῦ
796 362 1065 417 Ἀρκεσίλεω,
1105 361 1314 416 ἄρξαντος
1344 363 1488 407 ἑκκαί-

1407 256 1491 297 557

230 441 331 481 δέκα
367 438 480 484 ἔτεα,
523 437 668 478 οἴκεον
709 436 750 477 οἵ
790 437 1048 488 Κυρηναῖοι,
1093 432 1234 484 ἐόντες
1270 435 1485 483 τοσοῦτοι,

202 508 331 551 Ξὸσοι
361 507 496 563 ἀρχὴν
526 506 568 552 ἐς
596 505 676 558 τήν
707 501 912 558 ἀποικίην
940 502 1199 558 ἐστάλησαν·
1231 503 1298 546 ἐπὶ
1327 503 1374 545 δὲ
1399 505 1481 545 τοῦ
1493 504 1536 543 45

225 581 398 629 τρίτου,
445 573 615 617 Βάττεω
653 577 730 617 τοῦ
762 572 1039 628 Εὐδαίμονος
1067 574 1356 628 καλεομένου,
1391 571 1485 615 “Et-

224 653 360 703 ληνας
404 645 570 696 πάντας
617 644 788 700 ὥρμησε
835 645 1030 701 χρήσασα
1076 645 1102 699 ἡ
1148 646 1299 700 Πυθίη
1346 643 1490 686 πλέειν

225 716 567 772 συνοικήσοντας
617 716 906 772 Κυρηναίοισι
953 714 1145 771 Λιβύην·

169 875 342 900 naeorum
372 861 410 897 in
441 860 569 898 eodem
592 860 705 896 ferme
733 862 829 895 statu

169 922 467 970 permanserunt:
522 916 588 952 sub
620 915 729 952 tertio
761 916 826 951 de-

169 989 266 1012 mum
287 987 387 1022 rege,
412 972 473 1022 qui
496 973 561 1008 suit
572 972 702 1008 Battus
723 971 827 1007 istius

170 1031 326 1069 nominis
354 1030 408 1076 ll,
448 1023 670 1077 Εὐδαίμων
695 1028 826 1074 dictus,

171 1088 321 1124 Graecis
335 1087 503 1122 divinitus
523 1086 558 1121 in
570 1084 726 1121 Africam
740 1096 825 1120 evo-

168 1145 280 1189 catis,
309 1143 559 1193 amplificatae.
607 1142 706 1186 Sed,
734 1140 762 1176 si
783 1139 826 1175 li-

170 1205 248 1246 cet,
307 1200 471 1249 suspicor
523 1198 691 1246 equidem
743 1201 828 1233 ante

173 1255 262 1294 haee
286 1257 396 1293 verba
415 1252 479 1294 ἐπὶ
503 1252 572 1304 μέν
590 1268 664 1291 νυν
685 1254 724 1290 Β.
744 1253 827 1289 olim

174 1313 242 1349 alia
261 1313 443 1361 quaedam
465 1310 578 1356 lecta,
611 1322 703 1358 quae
724 1309 828 1345 nobis

173 1370 371 1420 perierint,
416 1369 462 1405 de
498 1367 642 1405 condita
672 1367 829 1415 Cyrene,

175 1438 248 1475 quo
286 1426 480 1462 referretur
524 1422 720 1473 appellatio
758 1423 830 1459 τοῦ

175 1481 355 1521 οἰκιστέω
375 1486 486 1529 atque
509 1481 545 1516 in
567 1479 622 1515 his
644 1480 736 1515 forte
757 1483 829 1514 tra-

175 1539 310 1584 ditum,
349 1537 495 1586 quando
522 1536 653 1573 Battus
681 1535 828 1584 expedi·

171 1598 249 1631 tum
296 1594 476 1643 acceperit
525 1604 627 1628 usum
668 1591 825 1639 linguae.

169 1650 254 1687 Vid.
273 1650 396 1688 lustin.
419 1649 519 1694 Xlll,
535 1652 572 1688 7.
604 1647 758 1684 Pausan.
779 1647 826 1694 X,

173 1706 225 1747 15
239 1705 275 1758 ξ.
287 1705 325 1745 4.
355 1706 475 1742 Instar
484 1705 582 1741 Batti
598 1706 693 1741 forte
711 1718 828 1755 τραυ-

170 1760 238 1809 λός
254 1763 382 1800 Croesi
405 1763 497 1798 [ilius
521 1762 558 1798 in
575 1761 693 1797 subito
711 1765 827 1798 terro-

170 1833 210 1857 re
230 1822 353 1856 vitium
372 1819 565 1867 nodumque
593 1818 737 1865 linguae
765 1830 827 1853 rrn-

166 1879 245 1926 pz't‚
280 1876 454 1925 planeque
483 1879 515 1911 et
541 1875 731 1911 articulate
758 1873 827 1910 elo-

173 1936 302 1981 quutus
332 1936 381 1968 est
410 1931 502 1968 Gell.
535 1931 583 1968 N.
614 1930 689 1967 Att.
711 1930 758 1975 V,
786 1933 824 1971 9.

171 1988 351 2025 Herodot.
380 1988 418 2033 I,
455 1987 548 2026 85.“
605 1986 824 2023 Valcken.

170 2043 261 2080 Mihi
291 2045 326 2079 in
359 2044 540 2080 Herodoti
574 2043 693 2080 verbis
737 2042 825 2078 nihil

171 2101 316 2137 videtur
334 2100 630 2145 desiderandum,
661 2112 729 2136 nec
746 2111 823 2135 ma-

171 2156 226 2205 gis
249 2155 402 2203 Thrigio
424 2155 446 2192 l.
470 2155 492 2192 l.
519 2168 606 2205 pag.
635 2154 688 2195 64
721 2167 823 2204 seqq.

171 2212 367 2261 quidquam
399 2212 526 2249 deesse
562 2212 723 2256 xidetur,
765 2212 826 2259 qui

169 2269 266 2306 idem
285 2282 321 2318 p.
346 2270 425 2308 122
446 2280 548 2316 seqq.
569 2267 671 2318 plura
689 2267 735 2304 de
757 2267 824 2304 hoc

168 2325 286 2375 primo
314 2324 425 2361 Batto
466 2325 595 2370 affert,
656 2336 729 2372 quo
767 2337 825 2360 re-

170 2386 305 2429 gnante
321 2380 479 2430 templa,
509 2381 642 2427 aedes,
673 2379 742 2416 alia
764 2393 827 2416 ex-

168 2441 304 2473 structa
333 2449 412 2474 esse
441 2436 501 2473 alii
527 2441 706 2473 enarrant.
765 2436 825 2473 Ad

170 2491 386 2530 locutionem
420 2488 507 2531 ’ὅσοι
532 2516 582 2522 —
605 2488 825 2541 ἐστάλησαν

171 2549 266 2584 conf.
294 2554 385 2585 nott.
407 2550 455 2586 ad
477 2549 538 2594 IV,
560 2548 650 2589 147.
702 2543 826 2598 α’ρχήν

171 2603 228 2639 hic
245 2603 338 2641 valet
359 2606 401 2640 ab
426 2607 552 2649 z'nitz'o‚·
603 2606 646 2642 cf.
665 2606 702 2652 I,
734 2604 825 2646 140.

173 2661 238 2700 86.
267 2659 312 2705 ΙΙ,
335 2662 386 2699 28
410 2661 485 2698 init.

231 2713 293 2753 ἐπὶ
319 2713 360 2753 δὲ
379 2719 449 2754 τοῦ
470 2715 617 2767 τρίτου]
648 2718 824 2767 „Optime

173 2775 258 2820 post
283 2771 318 2806 h.
351 2784 383 2807 v.
420 2773 639 2823 interpunxit
669 2774 822 2811 Paliner.

173 2826 346 2863 Exercitt.
370 2828 405 2864 in
427 2828 490 2868 Gr.
512 2829 631 2866 Auctt.
651 2843 734 2880 pag.
755 2829 822 2871 24.

173 2882 269 2920 Nam
292 2883 442 2931 Battus,
491 2885 567 2922 eius
591 2887 744 2924 nominis
771 2899 822 2923 se-

1204 714 1486 759 ἐπεκαλέοντο

885 858 1039 903 cundus,
1091 857 1196 895 Felix
1237 857 1442 909 appellatus
1473 862 1543 905 est,

884 928 957 952 non
979 917 1114 951 tertius.
1144 911 1230 953 ’Eat
1248 917 1381 966 τρίτου
1400 928 1543 952 succes-

885 972 996 1008 sionis
1027 973 1189 1008 ordinem
1218 971 1382 1020 requirit.
1439 972 1543 1009 Bene

883 1027 1064 1064 Plutarch.
1094 1029 1130 1064 in
1151 1028 1286 1064 Coriol.
1311 1027 1383 1077 [cp.
1406 1024 1472 1076 11]
1503 1040 1542 1078 p.

883 1086 966 1124 218
992 1084 1064 1121 F.“
1118 1083 1392 1132 lVesselz'ng.
1426 1085 1542 1120 citans

884 1144 960 1177 not.
986 1141 1035 1177 ad
1052 1140 1205 1178 Diodor.
1226 1141 1298 1177 Sic.
1328 1140 1375 1177 T.
1395 1139 1427 1175 ΙΙ
1455 1152 1541 1190 pag.

885 1197 978 1237 551.
1008 1197 1118 1234 Unde
1140 1201 1241 1246 patet
1264 1209 1325 1233 eos
1352 1196 1446 1243 falli,
1479 1197 1541 1245 qui

883 1250 1020 1290 huncce
1045 1254 1194 1290 Battum
1224 1253 1473 1289 Battiadarum
1504 1254 1540 1289 iu

886 1309 979 1345 serie
997 1312 1155 1358 quintum
1174 1310 1284 1346 fuisse
1305 1308 1442 1356 volunt,
1467 1320 1541 1346 non

885 1368 1037 1402 tertium.
1085 1366 1143 1403 De
1171 1379 1244 1414 quo
1263 1379 1382 1403 errore
1404 1366 1541 1403 monuit

886 1422 1026 1470 'shrige
1049 1423 1070 1458 l.
1095 1422 1116 1459 l.
1139 1436 1171 1472 p.
1195 1425 1272 1462 127
1295 1435 1397 1471 seqq.
1429 1422 1543 1459 Tem-

885 1491 1013 1528 porum
1037 1480 1083 1515 ad
1103 1480 1260 1515 rationes
1278 1479 1376 1527 quod
1397 1479 1540 1525 attinet,

884 1540 1008 1571 monet
1028 1535 1187 1571 Schultz.
1208 1535 1382 1584 Apparat.
1402 1536 1478 1572 crit.
1502 1548 1539 1585 p.

884 1593 938 1631 26
955 1591 1105 1627 Battum.
1125 1592 1286 1638 Cyrenes
1315 1592 1539 1628 conditorem

882 1660 1035 1695 regnum
1058 1648 1216 1685 tenuisse
1242 1648 1290 1684 ad
1314 1647 1456 1684 XXXII
1475 1660 1540 1684 an-

883 1717 949 1741 nos
982 1704 1048 1750 (ab
1079 1717 1162 1741 ann.
1184 1706 1265 1744 632
1285 1726 1340 1730 —
1360 1705 1440 1744 600
1466 1705 1541 1741 sive

883 1773 915 1798 a·
942 1762 1020 1801 631
1045 1778 1100 1787 ·—
1122 1762 1226 1806 599,
1269 1773 1364 1809 quae
1397 1760 1541 1809 Thrigii

883 1821 939 1854 est
969 1818 1148 1854 sententia
1191 1817 1214 1854 l.
1241 1816 1266 1855 l.
1296 1830 1382 1867 pag.
1416 1820 1539 1864 122),

883 1887 964 1910 cum
995 1874 1056 1922 qui
1091 1874 1137 1910 ab
1165 1874 1358 1910 Herodoto
1397 1873 1429 1910 ei
1472 1874 1540 1910 tri-

881 1931 1040 1967 buantur
1074 1929 1142 1966 XL
1168 1931 1274 1976 anni,
1321 1930 1368 1967 ad
1400 1930 1540 1978 regiam

881 1988 1066 2036 pertinere
1124 1987 1315 2023 videantur
1369 1990 1539 2036 potesta-

881 2046 976 2090 tem,
1026 2055 1048 2078 a
1092 2042 1203 2078 Batto
1249 2042 1335 2078 inde
1386 2055 1407 2079 a
1453 2041 1539 2078 Pla-

882 2102 946 2136 tea
976 2099 1122 2135 condita
1151 2104 1387 2148 occupatam3
1425 2097 1538 2134 Batto

882 2155 1098 2192 successisse
1124 2154 1342 2191 Arcesilaum
1366 2155 1401 2201 1,
1440 2166 1538 2190 anno

882 2213 987 2256 60ος
1027 2224 1132 2259 quem
1153 2224 1219 2260 per
1239 2211 1325 2247 XVI
1347 2223 1461 2247 annos
1482 2223 1538 2247 re-

883 2272 1057 2316 gnantem
1091 2267 1275 2316 excepisse
1307 2266 1456 2304 Battum
1490 2265 1537 2313 ll,

883 2336 910 2360 s.
931 2322 1081 2360 Felicem
1111 2336 1205 2360 auno
1237 2321 1317 2363 584
1342 2336 1372 2360 a.
1394 2323 1480 2360 Chr.
1509 2335 1537 2358 s.

883 2379 1031 2430 Olymp.
1058 2379 1201 2426 XLIX,
1233 2382 1267 2418 1.
1316 2378 1369 2416 Ac
1398 2379 1539 2427 Thrige

882 2449 1051 2485 quoque,
1082 2436 1143 2485 qui
1165 2436 1186 2472 l.
1206 2435 1228 2471 l.
1248 2449 1332 2485 pag.
1356 2439 1434 2476 127
1456 2448 1537 2484 sqq.

886 2494 963 2531 196
995 2505 1070 2542 seq.
1111 2492 1146 2528 in
1172 2492 1275 2528 huius
1304 2492 1410 2542 primi
1436 2491 1538 2527 Batti

882 2549 1031 2596 inquirit
1060 2553 1247 2597 tempora,
1285 2547 1334 2584 nil
1361 2548 1536 2596 impedire

881 2605 954 2651 ait,
983 2617 1055 2654 quo
1075 2604 1192 2641 minus
1215 2605 1259 2640 ab
1279 2617 1374 2640 anno
1397 2604 1478 2644 583
1500 2616 1535 2640 a.

881 2661 970 2698 Chr.
984 2674 1019 2698 n.
1039 2662 1142 2709 regni
1162 2664 1361 2697 statuamus
1382 2660 1535 2705 initium,

880 2721 1107 2766 mortemque
1144 2729 1320 2766 ponamus
1361 2717 1397 2752 in
1439 2729 1535 2752 anno

882 2773 986 2820 560,
1027 2774 1094 2811 etsi
1125 2774 1214 2810 certi
1235 2773 1323 2822 quid
1345 2772 1412 2809 hac
1437 2773 1473 2808 in
1496 2783 1535 2808 re

881 2830 1051 2867 constitui
1081 2833 1249 2878 nequeat.
1300 2828 1395 2865 Add.
1423 2828 1466 2865 C.
1487 2828 1532 2863 O.

878 2885 1023 2924 Miiller.
1046 2886 1260 2923 Orchomen.
1279 2898 1317 2936 p.
1335 2883 1427 2925 344.

1544 362 1595 389 {30ss
1615 361 1651 389 ad
1669 363 1733 390 584:
1767 363 1821 391 sub

1545 396 1634 422 naun
1647 397 1670 423 ll
1688 419 1695 431 7
1709 398 1757 430 qui
1770 398 1822 424 Fe-

1544 429 1581 455 lix
1594 430 1698 463 dictus,
1713 431 1823 458 Gracci

1544 463 1664 488 oraculo
1681 465 1708 490 iu
1730 465 1824 498 (lyre-

1548 504 1605 521 neu
1619 498 1752 523 ementi:
1775 498 1823 524 hi-

1548 529 1618 562 hyes
1635 531 1714 556 exuti
1731 539 1821 564 agro:

1544 564 1682 596 Aeffiptii
1710 565 1822 597 praelio

1544 603 1562 621 a
1575 596 1612 626 (J)
1623 599 1739 623 renavis
1751 598 1821 624 victi

1549 635 1577 656 a.
1597 630 1657 657 570.
1679 630 1727 664 [2,
1748 631 1821 666 lut]
