1904 3304
179 1033 257 1060 aqua
264 1046 272 1060 ‚
309 1026 419 1061 fontes,

179 1066 292 1086 cursus.

491 254 574 294 450

874 252 1338 293 HERODOTI

490 359 573 403 κᾶν
615 353 721 415 ἦγον
749 359 893 409 Ἴωνές
921 375 964 402 τε
992 361 1066 403 καὶ
1094 362 1266 412 Αἰολέες
1304 363 1375 405 καὶ
1409 360 1744 419 Ἑλλησπόντιοι.

462 430 541 472 2‘0
562 428 639 484 μὲν
669 429 722 484 δὴ
751 428 959 480 ναυτικὸς
990 430 1174 484 στρατός
1207 433 1283 483 τὰς
1313 433 1510 484 Κυανέας
1539 432 1742 477 διεκπλώ-

491 510 587 549 σας,
633 499 750 541 ἔπλεε
792 498 868 542 ἰθύ
914 504 994 543 τοῦ
1027 499 1224 555 Ἴστρου·
1276 501 1532 555 ἀναπλώσας
1573 505 1618 548 δὲ
1658 503 1740 547 vivo}

490 570 565 611 τὸν
601 570 798 623 ποταμόν
837 571 957 613 δυῶν
994 569 1190 626 ἡμερέων
1226 569 1363 614 πλόον
1393 571 1476 616 οἷπό
1507 573 1740 630 θαλάσσης,
1755 580 1798 613 ‘25

490 641 571 680 τοῦ
599 643 799 694 ποταμοῦ
829 640 905 682 τὸν
935 640 1119 696 αὐχένα,
1167 642 1213 685 ἐκ
1242 646 1321 685 τοῦ
1352 644 1528 698 σχίζεται
1556 643 1609 687 τοὶ
1647 643 1743 687 στό-

464 714 608 762 3ματα
637 712 717 751 τοῦ
735 709 927 764 Ἴστρου,
957 710 1166 767 ἐζεύγνυε.
1217 717 1405 767 Δαρεῖος
1433 713 1497 763 δὲ,
1539 711 1596 765 ὦς
1624 713 1745 769 διέβη

489 777 566 822 τὸν
586 776 820 835 Βόσπορον
848 781 956 825 κατα
987 781 1067 838 τὴν
1097 784 1288 868 σχεδίην,
1320 782 1551 836 ἐπορεύετο
1574 783 1644 827 διὰ
1671 788 1746 839 τῆς

494 851 701 905 Θρηίκης·
743 849 1004 907 ἀπικόμενος
1042 852 1087 895 δὲ
1123 851 1190 895 ἐπὶ
1233 854 1400 907 Τεαρου
1439 857 1636 909 ποταμοῦ
1674 853 1747 905 τὰς

367 929 433 973 90
490 934 652 975 πηγας,
681 918 1093 976 ἐστρατοπεδεύσατο
1122 922 1283 979 ἡμέρας
1312 929 1435 978 τρεῖς.

194 991 288 1019 Τεειῐί
344 993 401 1019 uv''

1488 923 1537 966 Ὃ
1568 924 1613 967 δὲ
1646 923 1746 967 Τέα-
1758 931 1803 964 30

494 1006 570 1044 ρος
598 990 762 1045 λέγεται
797 991 884 1036 ὑπὸ
913 997 1000 1036 τῶν
1029 996 1264 1047 περιοίκων
1291 992 1401 1037 εἶναι
1433 999 1638 1050 ποταμῶν
1656 995 1745 1050 ἄρι-

494 1071 615 1110 στος,
655 1058 707 1102 τά
736 1079 779 1106 τε
815 1062 921 1107 ἄλλα
951 1064 992 1115 ἐς
1023 1063 1172 1107 ἄκεσιν
1209 1064 1427 1119 φέροντα,
1476 1065 1548 1108 καὶ
1587 1065 1639 1120 δὴ
1674 1065 1746 1108 καὶ

467 1129 685 1185 Ξᾶνδράσι
713 1133 785 1175 καὶ
815 1135 984 1177 ἵπποισι
1013 1135 1166 1189 ψώρην
1195 1133 1443 1178 ἀκέσασθαι.
1501 1135 1581 1178 εἰσὶ
1603 1135 1648 1178 δὲ
1670 1134 1745 1179 αὐ-

496 1205 576 1245 τοῦ
606 1203 651 1244 αἱ
687 1202 819 1256 πηγαὶ
860 1204 978 1246 δυῶν
1015 1204 1193 1248 δέουσαι
1228 1205 1561 1259 τεσσεράκοντα,
1601 1205 1648 1248 ἐκ
1675 1205 1746 1249 πέ-

496 1287 598 1326 τρης
633 1275 710 1328 τῆς
746 1270 878 1327 αὐτῆς
919 1273 1121 1328 ῥέουσαι·

466 1342 682 1397 3ψυχραί·
743 1344 788 1385 αἱ
818 1342 884 1396 δὲ,
922 1345 1090 1400 θερμαί.

594 1527 702 1576 Cap.
732 1525 938 1563 LXXXIX.

478 1583 552 1620 τοῦ
579 1584 762 1632 ποταμοῦ
784 1578 854 1620 τόν
871 1578 1016 1632 αὐχένα
1035 1603 1090 1610 —

433 1635 637 1688 ἐζεύγνυε]
677 1633 822 1687 αὐχένα
848 1635 937 1675 Istrz'
965 1638 1090 1675 collum

433 1706 460 1730 5.
465 1692 594 1743 fauces
605 1695 690 1731 dicit
701 1694 894 1741 (monente
907 1694 1091 1744 Schweig-

432 1748 597 1787 haeuser.
628 1749 665 1786 in
692 1749 782 1787 Lex.
806 1750 986 1799 Herod.),
1017 1752 1090 1800 qua

431 1806 560 1842 fluvius
595 1806 632 1842 in
671 1806 812 1843 diversa
839 1807 984 1843 brachia
1025 1806 1089 1857 (ex

433 1874 506 1898 uno
540 1862 643 1911 quasi
677 1875 829 1912 corpore
859 1863 995 1900 collove
1027 1875 1088 1900 ex-

434 1916 574 1966 euntia)
606 1918 785 1954 dividitur.
826 1918 884 1955 Cf.
917 1922 1006 1955 nott.
1041 1919 1088 1955 ad

433 1972 470 2019 I,
502 1975 567 2013 72.
599 1973 668 2020 lv,
701 1975 764 2015 85.
810 1974 939 2025 Incipit
968 1978 1087 2012 autem

433 2029 527 2066 lster
560 2030 597 2065 in
629 2030 750 2079 plures
783 2042 906 2068 amnes
936 2031 1048 2067 dividi
1067 2043 1088 2068 e

431 2086 582 2133 regione
610 2086 706 2123 urbis
729 2085 861 2132 lsmail,
882 2099 976 2136 quae
995 2100 1089 2123 nunc

431 2146 602 2186 vocatur,
651 2142 698 2179 ad
749 2141 865 2179 locum
907 2143 1087 2189 Tiltscha;

432 2198 493 2234 ubi
516 2199 649 2235 flumen
668 2203 781 2248 ponte
799 2199 956 2236 iunctum
976 2199 1086 2236 fuisse

432 2253 627 2299 existimes,
650 2266 724 2291 non
743 2254 852 2303 longe
874 2256 919 2292 ab
937 2268 979 2292 eo
992 2255 1084 2300 loco.

432 2308 492 2345 ubi
521 2308 672 2357 Pyretus
700 2323 728 2347 ε.
753 2310 865 2346 Pruth
893 2311 987 2348 Istro
1019 2312 1085 2348 ad-

430 2365 609 2401 miscetur.
635 2366 692 2402 Cf.
716 2365 871 2403 Rennel.
890 2379 976 2416 pag.
989 2369 1082 2408 420

430 2419 611 2457 Mannert.
635 2421 682 2458 lv
703 2424 844 2471 p 220.
866 2444 921 2448 —-
938 2423 994 2459 Ad
1008 2425 1083 2460 sor-

430 2488 525 2513 mam
547 2476 656 2514 δυαῖν
675 2478 766 2514 cons.
792 2482 885 2514 nott.
907 2479 953 2515 ad
969 2479 1028 2527 lV,
1047 2482 1080 2520 1.

485 2527 726 2582 ἅπικόμενος
763 2530 806 2571 δὲ
833 2532 896 2572 ἐπὶ
932 2531 1080 2585 Τεάρου

428 2590 608 2639 ποταμοῦ
624 2585 692 2634 τας
714 2585 864 2639 πηγάς]
898 2590 1003 2634 Quae
1023 2592 1079 2628 via

426 2645 462 2681 in
480 2644 625 2682 Tabula
637 2645 917 2693 Peutingeriana
936 2647 982 2684 ab
1000 2646 1077 2683 An-

425 2700 540 2737 chialo
588 2702 686 2738 rectit
727 2702 911 2738 meridiem
955 2715 1078 2739 versus

425 2756 473 2792 ad
499 2756 710 2793 Perinthum
738 2757 897 2803 ducitur,
928 2759 1077 2807 antiqua

425 2811 486 2848 ina
514 2816 549 2849 et
568 2813 717 2850 Graecis
738 2813 899 2862 cognita,
930 2815 973 2850 ea
1000 2814 1077 2851 Da-

426 2868 515 2904 rium
541 2870 760 2918 processisse
787 2869 865 2906 vult
892 2868 1075 2907 Mannert.

1169 1276 1243 1318 καὶ
1281 1277 1326 1317 αῖ
1360 1275 1437 1330 μὲν
1473 1273 1639 1319 αὐτέων
1667 1275 1748 1319 εἰσὶ
1809 1290 1904 1330 323

1156 1343 1260 1396 ὁδός
1298 1343 1340 1388 δ’
1383 1344 1452 1388 ἐπ’
1490 1344 1624 1397 αὐτάς
1662 1347 1802 1391 ἐστι36

1148 1527 1238 1575 Vn,
1267 1540 1351 1578 pag.
1370 1529 1474 1574 272,
1505 1527 1692 1578 Tearique
1720 1529 1801 1566 son-

1146 1590 1203 1621 tes
1226 1584 1275 1620 ibi
1297 1583 1460 1630 collocat,
1481 1585 1542 1621 ubi
1565 1589 1714 1621 notatur
1733 1598 1800 1634 op-

1145 1640 1272 1690 pidum
1313 1638 1567 1688 Ut-Surgas,
1605 1641 1641 1676 in
1680 1641 1800 1677 media

1146 1695 1206 1732 illa
1225 1697 1282 1731 via
1302 1696 1420 1732 situm.
1463 1696 1552 1733 lnde
1575 1697 1611 1732 in
1629 1696 1799 1733 Danvillii

1145 1763 1280 1802 mappa
1313 1749 1421 1788 Tean·
1457 1765 1596 1789 cursum
1634 1765 1706 1789 non
1742 1765 1800 1790 re-

1145 1813 1202 1844 cte
1241 1808 1387 1844 indicari
1417 1808 1585 1846 observat
1611 1808 1798 1846 Gatterer.

1144 1863 1343 1914 (Thracien
1374 1863 1465 1900 nach
1491 1864 1632 1901 Herod.
1661 1869 1727 1902 etc.
1760 1877 1797 1914 p.

1144 1921 1197 1960 42
1228 1921 1348 1968 seq.)·,
1389 1920 1525 1970 quippe
1551 1921 1612 1969 qui
1648 1919 1798 1958 Tearum

1143 1988 1222 2013 cum
1288 1976 1524 2013 Contadesdo
1580 1977 1797 2014 confuderit.

1143 2032 1299 2069 Auctore
1320 2032 1390 2069 los.
1411 2032 1458 2069 de
1475 2032 1661 2069 Hammer.
1678 2032 1794 2083 (Hist.

1144 2088 1293 2125 Osman.
1339 2088 1353 2125 Ι
1393 2101 1428 2138 p.
1466 2087 1542 2129 175
1581 2092 1656 2125 not.
1695 2088 1796 2137 645)

1147 2143 1306 2191 Tearus,
1337 2145 1437 2182 cuius
1468 2148 1613 2194 praeter
1640 2143 1794 2182 Plinium

1141 2199 1190 2237 H.
1212 2200 1257 2237 N.
1278 2200 1351 2247 lv,
1386 2199 1475 2250 (18)
1509 2202 1554 2239 11
1588 2200 1794 2238 Simonides

1142 2269 1288 2306 quoque
1306 2256 1468 2293 meminit
1488 2255 1637 2310 Cephal.
1649 2255 1791 2292 Antho-

1139 2312 1212 2361 log.
1245 2325 1282 2362 p.
1315 2313 1393 2353 241
1425 2317 1461 2349 et
1486 2304 1658 2348 Libanius
1687 2312 1792 2350 Orat.

1141 2367 1308 2405 Antioch.
1340 2381 1374 2417 p
1403 2367 1484 2408 346
1526 2366 1585 2414 [T
1610 2367 1685 2417 lp.
1711 2369 1790 2409 296

1139 2422 1297 2473 Reisk.],
1320 2437 1410 2472 quos
1427 2423 1523 2459 locos
1548 2423 1665 2460 debeo
1683 2423 1792 2461 Wes-

1138 2480 1310 2528 selingio,
1349 2491 1444 2515 nunc
1482 2484 1631 2515 vocatur
1673 2478 1791 2518 Teara

1137 2536 1249 2583 ssuji,
1285 2536 1345 2584 qui
1376 2535 1411 2570 in
1446 2533 1702 2572 Corztadesdum
1732 2537 1788 2573 in-

1135 2593 1215 2628 fluit
1235 2591 1309 2627 sive
1331 2589 1611 2628 Karischcluran.

1352 2647 1462 2696 Cap.
1491 2648 1571 2684 XC.

1169 2701 1244 2740 εἰσὶ
1259 2699 1300 2740 δὲ
1317 2698 1439 2741 αὐτοῦ
1460 2702 1633 2754 αἱπηγαὶ
1647 2718 1681 2742 κ.
1692 2718 1723 2742 τ.
1737 2702 1786 2753 λ.]

1134 2759 1258 2795 Citant
1279 2759 1426 2796 adhaec
1443 2760 1552 2796 verba
1562 2759 1729 2797 Eustath.
1739 2760 1786 2796 ad

1134 2814 1171 2851 ll.
1191 2811 1221 2864 χ’
1240 2827 1275 2863 p.
1300 2817 1417 2859 1263,
1442 2816 1508 2862 32,
1527 2828 1554 2851 S.
1579 2818 1697 2860 1362,
1723 2817 1785 2857 13.

1133 2871 1191 2907 Ad
1210 2883 1333 2908 vocem
1351 2871 1457 2910 δυῶν
1476 2872 1570 2908 conf.
1592 2871 1658 2919 lv,
1694 2874 1728 2910 1.
