1904 3304
450 244 507 284 70
844 241 1314 280 HERODOTI

450 350 680 405 ρέστατον,
718 350 821 401 τοὺς
861 350 905 393 οἱ
936 350 1140 401 Φοίνικες
1178 349 1225 393 ἐν
1255 353 1354 407 τῇσι
1395 361 1601 408 πρωρῃσι
1637 353 1725 394 τῶν

391 421 673 477 ’3τριήρεων
713 420 984 476 περιάγουσι.
1045 418 1094 471 ὃς
1131 420 1177 464 δὲ
1214 419 1399 473 τούτους
1438 421 1496 477 μὴ
1535 420 1751 472 ὀπώπεε,1

451 492 534 546 ἐγώ
565 492 609 536 δέ
641 494 684 536 οἱ
713 492 933 548 σημανέω·
974 492 1196 546 πυγμαίου
1227 490 1389 547 ἀνδρὸς
1419 494 1595 549 μίμησίς
1624 493 1724 536 ἐστι.

447 560 627 619 Ἐσῆλθε
658 563 704 606 δὲ
733 563 806 607 καὶ
835 562 877 614 ἐς
906 566 993 606 τῶν
1021 564 1251 618 Καβείρων
1279 563 1327 607 τὸ
1361 563 1484 620 ἱρόν,
1513 564 1557 615 ἐς
1587 564 1635 607 τό
1669 562 1723 608 οὐ

451 633 632 689 θεμιτόν
665 635 751 678 ἐστι
788 634 948 678 ἐσιέναι
987 631 1120 677 ἄλλον
1161 650 1209 689 γε
1241 634 1268 690 ἢ
1307 635 1385 679 τὸν
1417 636 1536 691 ἱρέα·

1587 639 1726 679 ταῦτα

452 704 498 749 δὲ
531 704 583 748 τὰ
613 704 841 762 ἀγάλματα
871 705 944 749 καὶ
975 705 1183 763 ἐνέπρησε
1201 738 1212 756 ,
1251 704 1391 749 πολλοὶ
1421 704 1753 759 κατασκώψας.5

397 887 539 934 septem
559 884 631 921 sint
647 885 744 936 apud
768 886 969 924 Phoenices
989 886 1062 924 Ca-

397 940 468 977 biri
483 967 494 986 ,
553 942 685 990 quibus
728 944 869 994 accedit
914 949 1062 980 octavus

398 997 571 1046 idemque
603 1010 778 1047 praeses,
809 1013 935 1037 omnes
969 1012 1062 1051 pyg—

398 1054 513 1090 maica
532 1054 647 1091 form-22
666 1057 945 1106 repraesentati,
965 1057 1063 1107 apud

401 1109 603 1160 Aegyptios
617 1124 764 1161 quoque
775 1118 1062 1150 consentaneum

400 1172 469 1212 est,
498 1167 653 1204 totidem
676 1169 788 1206 fuisse
807 1170 962 1206 Cabiros
988 1170 1064 1207 sive

400 1235 558 1259 summos
574 1224 675 1271 deos,
698 1225 758 1273 qui
780 1238 823 1262 ex
844 1225 983 1262 illorum
997 1227 1063 1262 do-

399 1280 515 1315 ctrina
541 1280 698 1329 primum
724 1281 876 1318 deorum
899 1282 1064 1319 ordinem

399 1335 624 1373 constituunt
654 1341 689 1374 et
715 1350 759 1374 ex
788 1337 847 1374 illo
875 1338 969 1388 ips0,
1001 1338 1064 1387 qui

399 1391 547 1440 reliquis
579 1404 752 1443 praeesse
785 1398 935 1444 putatur
967 1407 1065 1432 sum-

399 1461 478 1485 mus
500 1448 606 1496 deus,
617 1449 703 1486 editi
726 1463 754 1487 s.
775 1463 966 1488 emanasse
981 1463 1065 1501 per-

399 1505 585 1542 hibentur.
652 1506 881 1553 „Eiusmodi
922 1508 1064 1556 figurae

400 1565 611 1611 comparent
650 1563 687 1599 in
724 1563 842 1600 numis
881 1564 1064 1613 Cossyrae

400 1617 561 1666 itemque
580 1618 766 1657 consimile
788 1621 930 1669 signum
957 1620 1064 1658 fictile

401 1679 520 1712 exstat
544 1674 580 1710 in
607 1675 744 1712 British
766 1676 934 1714 Museurn
961 1677 1063 1724 (vid.

401 1729 522 1767 Terra
543 1736 641 1768 cotta
659 1731 687 1768 's
711 1733 754 1769 of
764 1732 825 1770 the
835 1733 968 1770 British
980 1734 1064 1770 Mu-

401 1799 501 1823 seum
524 1787 582 1824 ed.
596 1788 739 1825 Combe
759 1802 812 1826 nr.
834 1788 906 1838 42)
952 1791 1065 1827 Com-

401 1847 508 1893 parat
537 1843 602 1881 has
626 1858 888 1895 pygmaeorum
913 1848 1064 1884 deorum

402 1900 580 1948 imagines
609 1914 689 1938 cum
715 1903 1064 1951 septentrionalium,

402 1957 696 2004 Germanorum,
726 1958 984 1997 Britannorum
1010 1960 1066 1996 fa-

402 2012 494 2049 bulis
515 2012 647 2050 Editor
667 2015 788 2064 operis
810 2015 893 2053 The
915 2016 1067 2066 History

403 2070 447 2105 os
477 2069 631 2118 English
671 2070 806 2122 Poetry
848 2073 894 2121 by
931 2072 1065 2110 Thom.

402 2125 572 2162 WVarton.
588 2125 654 2163 Ed.
673 2140 758 2164 nov,
780 2127 921 2178 (Lond.
939 2128 1066 2179 1824)

404 2183 501 2219 Pref.
521 2195 606 2233 pag.
626 2185 679 2223 39
698 2189 774 2222 not.
794 2184 888 2225 50.“
920 2185 986 2223 Cr.

460 2251 503 2291 ἐν
529 2254 619 2307 τῇσι
638 2249 820 2307 πρώρῃσι
848 2257 928 2294 τῶν
956 2252 1066 2307 τριή-

405 2307 522 2359 ρεων]
554 2309 688 2346 Glossa
719 2311 837 2356 (unde
869 2313 1003 2349 Suidas
1031 2317 1067 2350 et

404 2365 610 2414 Hesychius
634 2378 699 2402 sua
727 2367 857 2416 opinor
879 2369 1066 2406 ‹lesumse-

405 2424 508 2469 runt)
536 2422 583 2458 ad
611 2421 646 2461 h.
667 2421 689 2458 l.
719 2421 812 2461 θεοὶ
842 2423 883 2462 οἱ
915 2421 1067 2463 Hamir-

404 2493 467 2516 κοι
493 2477 718 2517 Φοινικικοὶ
741 2477 782 2517 ἐν
811 2483 920 2525 ταῖς
949 2477 1066 2531 πρύ-

406 2550 466 2585 μν
479 2549 503 2572 α
517 2549 529 2573 ι
541 2549 559 2580 ς
581 2531 799 2584 ἷδρύμενοι.
834 2536 942 2573 Unde
954 2550 1066 2586 quac-

406 2592 452 2628 rit
473 2590 690 2639 wesseling.
704 2620 714 2638 ,
745 2604 830 2628 num
853 2594 888 2628 iu
907 2607 971 2629 suo
990 2595 1067 2630 lle—

407 2648 526 2684 rodoti
565 2647 690 2684 codice
728 2647 908 2696 glossator
938 2649 1068 2697 legerit

406 2703 449 2742 ἐν
462 2705 552 2757 τῇσι
569 2700 784 2757 πρύμνῃσι.
826 2705 915 2749 Sed,
935 2707 1066 2743 eodem

407 2760 627 2809 W‘esseling.
666 2764 860 2807 monente,
889 2761 923 2796 J.
950 2762 1067 2799 Swin-

405 2822 480 2854 ton.
505 2817 541 2853 in
564 2816 662 2853 Diss.
681 2817 729 2854 de
754 2829 853 2853 num.
871 2818 1011 2854 Samar.
1032 2823 1068 2856 et

406 2872 546 2911 Phoen.
578 2886 665 2924 pag.
682 2875 735 2913 60
761 2872 898 2923 [ibique
917 2873 1013 2912 Tab.
1035 2874 1067 2912 ll

1118 887 1183 936 fig.
1204 887 1241 928 5.
1289 886 1399 923 Conf.
1420 886 1565 924 Rasche
1593 888 1628 923 in
1661 886 1783 925 Lexic.

1119 945 1277 981 univers.
1305 943 1357 980 rei
1386 956 1527 980 numar.
1557 948 1642 980 vett.
1666 943 1729 990 lli,
1755 945 1782 983 2

1119 1013 1204 1052 pag.
1230 999 1324 1040 614.
1347 998 1426 1048 Cr]
1459 1000 1694 1037 Sidoniorum
1718 1013 1786 1037 nu-

1120 1071 1217 1094 mum
1238 1056 1410 1101 exhibuit,
1429 1057 1465 1092 in
1486 1069 1558 1105 quo
1577 1057 1679 1092 navis
1699 1069 1785 1094 con-

1121 1114 1284 1164 spicitur,
1315 1125 1409 1160 quae
1438 1112 1547 1149 hosce
1573 1113 1661 1149 deos
1688 1117 1785 1150 tute-

1120 1169 1213 1207 lares
1236 1170 1273 1205 in
1299 1182 1409 1218 prora
1434 1169 1606 1206 ostendit.
1656 1169 1785 1212 Quare

1120 1226 1241 1263 malim
1273 1226 1443 1274 equidem
1473 1238 1554 1262 cum
1585 1225 1784 1263 Ruhnken.

1121 1281 1142 1318 l.
1170 1282 1193 1318 l.
1226 1294 1312 1332 pag.
1340 1283 1418 1320 261
1449 1285 1622 1327 statuere,
1650 1282 1783 1318 Gram-

1119 1338 1272 1376 maticos
1303 1338 1391 1374 istos
1424 1337 1461 1373 in
1492 1337 1566 1374 suis
1599 1337 1784 1375 Herodoti

1120 1394 1219 1432 libris
1243 1394 1418 1432 mendose
1435 1394 1632 1444 scriptum
1624 1393 1785 1432 invenis-

1121 1464 1162 1489 se
1171 1461 1454 1504 πρυμνησιρτο
1466 1462 1660 1505 πρωοῃσι,
1674 1463 1785 1500 quam

1121 1521 1202 1545 cum
1223 1507 1372 1545 Selden.
1389 1506 1411 1543 l.
1435 1506 1458 1544 l.
1477 1506 1566 1545 haec
1584 1520 1706 1545 secum
1726 1519 1785 1545 re·

1120 1564 1323 1615 pugnantia
1336 1564 1387 1600 ita
1408 1562 1612 1611 conciliare,
1632 1569 1674 1600 ut
1685 1568 1784 1600 utra-

1121 1634 1193 1670 que
1216 1620 1316 1658 navis
1334 1632 1419 1669 pars
1439 1625 1602 1657 extrema
1623 1619 1784 1658 Pataeco

1120 1678 1228 1715 suerit
1248 1681 1390 1722 ornata,
1413 1677 1475 1725 qui
1495 1677 1531 1713 in
1551 1677 1666 1727 puppi
1684 1680 1785 1714 tutor

1120 1748 1149 1771 s.
1172 1734 1262 1771 deus
1284 1745 1514 1778 averruncus,
1534 1733 1570 1769 in
1590 1745 1699 1782 prora
1719 1745 1783 1770 au-

1119 1795 1191 1828 tem
1213 1790 1313 1826 navis
1333 1789 1475 1838 insigne
1497 1790 1613 1827 suerit.
1640 1809 1694 1816 —-
1724 1789 1785 1827 De

1121 1847 1237 1884 forma
1271 1840 1429 1885 ὀπώπεε
1459 1847 1554 1883 conf.
1595 1849 1689 1883 nott.
1736 1845 1784 1882 ad

1139 1931 1255 2026 ''ssyw
1283 1971 1327 2012 δέ
1354 1971 1396 2011 οἵ
1421 1971 1628 2030 σημανέω]
1659 1973 1785 2012 Plures

1124 2031 1203 2068 libri
1223 2043 1290 2081 pro
1311 2028 1353 2068 οἵ
1370 2029 1542 2067 exhibent
1563 2024 1649 2069 ὦδε.
1697 2029 1787 2068 Par-

1124 2087 1234 2124 ticula
1267 2084 1329 2130 δέ,
1371 2099 1467 2135 quae
1501 2087 1596 2124 male
1622 2087 1730 2124 abest
1763 2099 1786 2124 a

1124 2144 1268 2181 duobus
1305 2143 1425 2189 libris,
1465 2142 1521 2180 hic
1554 2144 1590 2180 in
1618 2141 1786 2193 Apodosi

1124 2201 1296 2246 iteratur,
1336 2203 1508 2236 monente
1550 2199 1708 2237 Werser.
1747 2199 1785 2236 in

1124 2257 1219 2294 Actt.
1241 2255 1340 2306 phill.
1362 2255 1489 2292 Monn.
1512 2254 1527 2291 l
1545 2268 1631 2306 pag.
1651 2258 1785 2296 97.—

1124 2313 1246 2349 Verba
1272 2324 1374 2360 seqq.
1399 2309 1545 2360 ἐσῆλθε
1571 2309 1612 2349 ὁὲ
1634 2326 1670 2349 κ.
1698 2326 1729 2350 τ.
1751 2313 1784 2349 λ.

1123 2369 1283 2419 respexit
1295 2367 1430 2404 Strabo
1451 2368 1484 2403 X
1505 2381 1541 2418 p.
1556 2368 1637 2408 473
1658 2381 1686 2404 s.
1701 2367 1785 2409 725

1124 2425 1167 2461 Α.
1185 2446 1240 2452 —-
1270 2424 1308 2460 ln
1330 2424 1401 2460 fine
1420 2436 1498 2473 cap.
1519 2437 1599 2461 cum
1629 2429 1783 2462 recentt.

1125 2482 1208 2518 edd.
1229 2480 1371 2518 exhibui
1398 2477 1518 2529 ὁμοῖα
1548 2483 1622 2520 τοῦ
1644 2479 1785 2530 Ἡφαί-

1126 2550 1231 2582 στου,
1265 2536 1326 2572 ubi
1347 2536 1456 2584 vulgo
1478 2537 1650 2574 insertum
1671 2541 1785 2582 τοῖσι,

1125 2594 1223 2642 quod
1263 2591 1431 2630 meliores
1475 2592 1553 2630 libri
1603 2595 1786 2643 ignorant.

1124 2649 1205 2687 Nec
1225 2649 1394 2698 agnoscit
1406 2647 1569 2687 Thomas
1586 2651 1688 2700 Mag.
1701 2663 1787 2701 pag.

1126 2705 1207 2745 649
1232 2705 1263 2741 h.
1295 2704 1317 2740 l.
1350 2706 1463 2742 citans
1494 2707 1541 2743 ob
1571 2712 1786 2745 structuram

1124 2763 1221 2798 vocis
1253 2759 1392 2811 ὁμοῖος
1423 2775 1503 2798 cum
1530 2765 1706 2813 genitivo,
1738 2763 1786 2800 de

1124 2830 1197 2867 qua
1215 2819 1309 2856 conf.
1333 2817 1467 2855 Matth.
1487 2820 1556 2859 Gr.
1576 2821 1641 2858 Gr.
1654 2819 1689 2870 §.
1702 2818 1784 2858 386

1123 2879 1199 2912 not.
1218 2877 1244 2914 2
1262 2886 1349 2925 pag.
1370 2877 1464 2916 707.
