1904 3304
446 322 501 362 36
837 320 1306 358 HERODOTI

323 434 388 478 18
447 432 566 485 δῶρα
595 429 640 473 δὲ
670 432 730 489 τῷ
759 428 873 487 λόγῳ
904 431 1120 484 φέροντας
1161 433 1220 487 τῷ
1249 428 1418 486 βασιλέϊ
1448 427 1607 473 αὐτῶν.
1663 427 1772 471 ‘1135

120 499 305 526 nescribnur

120 534 295 594 ¹⁵⁸¹<i¹⁰''⁸³13
315 499 392 566 qffgg
449 502 495 544 δὲ
535 500 721 555 τράπεζα
765 504 847 544 τοῦ
897 498 1027 556 ἡλίου
1077 497 1222 555 τοιήδε
1271 517 1335 551 τις
1376 499 1542 556 λέγεται
1583 498 1713 544 εἶναι·

118 575 174 602 apn
222 569 275 594 Aet
299 566 472 605 iopes—up

392 651 594 688 Stallbauin
636 651 684 687 ad
723 649 817 687 Plat.
850 650 1053 701 Euthyphr.

393 721 479 759 pag.
505 711 554 748 10
573 720 649 755 seq.

588 765 648 799 Ca
662 777 697 813 p.
729 763 813 800 XV!
822 762 863 798 ll.

449 817 545 857 Ἡὸὲ
559 815 727 868 τράπεζα
746 821 819 857 τοῦ
838 818 955 868 ήλίου
977 833 1053 857 τοι-

395 873 467 927 ήὸε
487 891 543 921 τις
563 874 711 927 λέγεται
730 872 846 924 εἶναι]
878 876 935 912 De
952 888 1054 913 men-

393 946 432 968 sa
453 933 537 969 solis
559 933 646 969 haec
662 933 841 982 l'ompou.
873 931 969 968 Mela
993 932 1052 978 lll,

395 992 419 1030 9
453 990 530 1025 init.
568 988 674 1034 (coll.
704 990 817 1026 Solin.
849 1002 928 1038 cap.
958 989 1052 1035 30):

393 1046 488 1093 „Est
509 1047 608 1082 locus
631 1047 812 1095 apparatis
834 1045 947 1094 epulis
961 1058 1055 1080 sem—

395 1116 461 1152 per
491 1103 661 1139 refertus:
694 1107 730 1139 et
760 1102 857 1150 qnia,
895 1106 930 1137 111
954 1100 1055 1146 libet,

393 1160 490 1196 vesci
535 1158 737 1195 volentibus
783 1158 862 1195 licet
877 1187 887 1204 ‚
937 1156 1053 1207 ήλίυυ

394 1211 591 1266 τράπεζαν
626 1215 833 1265 appellant,
880 1218 916 1250 et
958 1228 1054 1262 quae

393 1272 528 1323 passim
549 1273 716 1321 apposita
744 1275 841 1317 sunt,
872 1270 1055 1307 affirmant

395 1327 535 1365 innasci
557 1328 711 1364 subinde
738 1327 949 1363 divinitus.“
993 1325 1054 1363 Ad

391 1384 552 1430 fabulas,
582 1388 622 1419 ut
648 1385 814 1429 videtur,
846 1384 919 1419 ista
943 1384 1053 1421 refert

394 1441 551 1478 Pausan.
579 1439 648 1488 Vl,
682 1443 734 1480 26
770 1438 805 1490 §.
832 1442 849 1479 1
889 1439 994 1489 (coll.
1026 1440 1051 1486 l,

394 1498 448 1538 33
488 1495 523 1546 ᾗ.
552 1496 603 1544 4)
640 1497 700 1533 ubi
729 1496 823 1532 conf.
852 1496 976 1533 Riihn.
1016 1500 1054 1534 et

394 1566 503 1601 quein
524 1552 739 1601 Wesseling.
762 1553 898 1598 laudat,
920 1551 1051 1589 Liban.

398 1609 501 1646 Orat.
532 1607 701 1646 Antioeh.
731 1609 763 1645 11
805 1622 840 1658 p.
868 1610 963 1649 385.
1013 1608 1053 1644 Si

397 1678 483 1702 vero
515 1678 690 1714 quaeras,
722 1666 810 1714 quid
836 1666 909 1702 veri
941 1665 1054 1703 lateat

395 1721 461 1757 sub
491 1721 557 1758 hac
587 1722 815 1768 narratione,
845 1723 970 1771 paucis
1003 1723 1055 1758 ita

395 1777 605 1826 defungitur
624 1778 649 1813 l.
670 1778 775 1814 Voss.
798 1778 846 1814 ad
864 1778 950 1815 Mel.
971 1778 992 1814 l.
1010 1778 1054 1814 l.:

394 1833 507 1883 „quia
532 1834 731 1870 communis
763 1838 859 1872 esset
888 1835 1054 1871 omnibus

396 1890 486 1927 haec
508 1903 646 1937 mensa,
677 1890 759 1927 ideo
783 1891 868 1927 solis
892 1891 1056 1941 appella-

396 1946 511 1983 batur.
545 1946 608 1982 Sol
627 1946 721 1983 enim
742 1947 1056 1984 omnibuslucet.“

396 2002 514 2039 Altius
536 2003 627 2039 hanc
644 2003 678 2038 in
699 2016 772 2040 rem
795 2004 944 2052 inquirit
956 2005 1056 2040 Hee-

396 2072 461 2096 ren
478 2060 610 2105 (ldeen
626 2059 669 2103 ll,
693 2062 710 2098 1
736 2072 819 2109 pag.
839 2058 921 2100 345
944 2058 1056 2108 seq),

396 2115 459 2163 qui
478 2115 574 2151 Solis
592 2128 688 2151 aram
710 2128 738 2152 s.
759 2129 921 2153 mensum
941 2118 1057 2153 forum

396 2183 478 2208 esse
504 2173 601 2218 vult,
631 2172 667 2207 in
697 2186 770 2221 quo
805 2174 1056 2210 commercium

395 2240 475 2264 cum
490 2229 690 2277 peregrinis
709 2229 815 2266 suerit
832 2230 1055 2275 factitatum3

396 2284 496 2332 quod
509 2284 624 2332 ipsum
645 2297 725 2320 cum
744 2285 959 2334 templorum
974 2297 1056 2321 san-

396 2340 509 2375 ctitati
531 2352 595 2388 per
614 2338 760 2377 Africae
772 2342 939 2389 regiones
958 2354 1056 2377 com-

395 2396 541 2431 missum
564 2396 686 2441 suerit,
717 2396 813 2432 haud
830 2397 970 2439 mirum,
1001 2396 1058 2432 hic

396 2464 543 2500 quoque
564 2451 774 2499 religionem
794 2452 903 2489 fuisse
926 2453 1054 2487 adiun—

397 2514 502 2543 ctam.
561 2507 650 2544 Inde
671 2521 766 2556 quae
793 2509 946 2544 Cosmas
972 2521 1056 2544 nar-

398 2569 453 2599 rat
483 2564 531 2600 ‹le
559 2565 720 2611 quodam
753 2564 956 2601 commercii
989 2578 1055 2612 ge-

398 2632 484 2656 nere
507 2620 600 2655 inter
622 2621 834 2669 peregrinos
852 2625 889 2657 et
908 2621 1053 2668 indige-

398 2688 485 2721 nas,
526 2689 568 2713 ea
588 2676 636 2712 ita
657 2677 704 2712 ad
722 2677 904 2712 llerodoti
930 2689 1054 2713 narra-

396 2732 531 2768 tionem
553 2731 727 2768 trunslata
743 2732 816 2769 vult
830 2732 1000 2778 Heeren.,
1018 2737 1055 2769 ut

400 2787 466 2823 hoe
479 2789 728 2825 commercium
742 2788 883 2837 publica
899 2790 1054 2825 auctori-

397 2848 474 2880 tate
488 2844 593 2881 fuerit
603 2845 800 2880 institutum
815 2845 972 2892 indeque
985 2846 1054 2881 eti-

397 2913 455 2936 am
476 2900 708 2949 intelligatur,
737 2914 799 2937 cur
814 2901 1051 2949 magistratus

396 2961 508 2994 noctu
527 2957 694 2994 dicantur
714 2969 857 2994 carnem
885 2957 1051 3008 adpone-

1111 664 1163 698 re,
1183 652 1256 699 qua
1276 652 1337 688 diu
1353 656 1546 689 vescantur
1567 652 1628 700 qui
1650 650 1773 697 velint,

1111 720 1293 756 quamque
1307 708 1501 757 indigenae
1511 709 1606 745 terrai
1624 708 1683 745 edi
1697 707 1772 744 exi-

1110 765 1269 800 stiment.
1329 765 1420 800 Mihi
1439 765 1475 800 in
1496 765 1595 802 hisce
1624 763 1773 814 potissi-

1111 834 1207 857 mum
1230 833 1412 857 sacrorum
1427 826 1464 857 et
1485 821 1668 868 religionis
1681 820 1773 857 ratio

1112 877 1283 914 habenda
1307 877 1460 922 videtur,
1491 876 1662 925 illamque
1689 888 1774 912 nar-

1113 934 1289 970 rationem
1336 934 1380 970 ad
1425 932 1521 969 Solis
1559 933 1773 983 praesertim

1112 990 1241 1025 cultum
1264 990 1430 1037 adeoque
1458 990 1678 1026 lectisternia
1704 989 1772 1025 diis

1113 1047 1188 1082 sieri
1211 1045 1316 1082 solita
1338 1047 1438 1082 sestis
1460 1047 1672 1095 praesertim
1695 1045 1774 1083 die-

1111 1103 1192 1149 bus,
1211 1103 1270 1138 ubi
1289 1115 1441 1150 magnus
1463 1109 1501 1139 et
1520 1103 1774 1151 indigenarum

1113 1164 1150 1195 et
1171 1160 1392 1195 advenarum
1413 1159 1504 1195 solet
1523 1171 1602 1196 esse
1618 1170 1772 1195 concur-

1111 1228 1192 1261 sus,
1224 1216 1405 1264 pertinere
1436 1216 1663 1252 crediderim.
1725 1214 1773 1250 Et

1111 1273 1283 1320 frequens
1317 1284 1381 1320 per
1411 1273 1586 1308 orientem
1619 1271 1771 1308 inveniri

1110 1328 1333 1365 lectisternia
1372 1329 1509 1364 monuit
1544 1328 1681 1365 Gesen.
1723 1327 1772 1363 ad

1110 1385 1214 1421 Iesai.
1233 1383 1349 1429 LXV,
1380 1386 1425 1423 11
1462 1396 1547 1434 pag.
1569 1385 1670 1428 2873
1712 1383 1774 1432 qui

1109 1446 1231 1478 tamen
1259 1439 1354 1476 Solis
1379 1453 1541 1477 mensam
1573 1441 1619 1477 ab
1650 1439 1773 1476 Hero-

1110 1498 1197 1533 doto
1219 1501 1536 1533 commemoratam
1560 1497 1677 1533 minus
1704 1496 1774 1532 huc

1109 1555 1296 1604 pertinere
1325 1554 1467 1599 adiicit,
1497 1566 1540 1589 eo
1566 1554 1686 1602 potius
1712 1565 1774 1589 su-

1110 1610 1360 1660 perstitionem
1384 1614 1570 1658 spectasse
1590 1614 1701 1654 ratus,
1734 1612 1774 1644 ut

1111 1666 1234 1704 Solem
1265 1665 1334 1701 illic
1365 1678 1541 1702 coenasse
1573 1672 1611 1702 et
1641 1665 1773 1703 haecce

1112 1724 1228 1760 srusta
1261 1722 1448 1770 reliquisse
1478 1722 1587 1770 vulgo
1619 1722 1774 1758 arbitra-

1112 1784 1248 1816 rentur.
1307 1778 1366 1815 De
1388 1778 1685 1816 lectisterniis'nt
1712 1790 1774 1815 co-

1112 1837 1238 1884 gitem,
1256 1834 1338 1872 facit
1360 1847 1505 1884 quoque
1526 1847 1629 1871 sacra
1647 1846 1775 1880 coena,

1111 1905 1219 1942 quam
1250 1892 1286 1928 in
1310 1891 1402 1927 lovis
1424 1891 1608 1927 Ammonii
1634 1889 1774 1940 templo

1110 1952 1421 1999 repraesentatam
1442 1948 1577 1984 invenit
1598 1946 1706 1983 11111.
1728 1946 1776 1984 de

1113 2004 1306 2050 Minutoli3
1335 2004 1429 2041 cons.
1450 2004 1527 2041 eius
1548 2004 1666 2040 itiner.
1686 2015 1772 2053 pag.

1117 2065 1195 2102 119
1218 2066 1254 2098 et
1272 2059 1453 2097 tabwtlt.
1495 2060 1594 2104 Quin
1613 2060 1660 2097 ad
1676 2060 1774 2109 ipsos

1114 2118 1276 2155 Graecos
1310 2116 1396 2154 talia
1434 2129 1628 2163 manasse,
1661 2116 1775 2152 docu-

1113 2180 1236 2210 mento
1267 2179 1323 2210 est
1354 2173 1515 2223 luppiter
1540 2172 1610 2218 ille,
1637 2172 1700 2220 qui
1723 2171 1773 2208 ad

1112 2231 1314 2280 Aethiopes
1343 2230 1424 2279 pios
1452 2241 1491 2265 se
1517 2230 1656 2265 confert
1688 2240 1774 2265 coe-

1112 2293 1250 2323 natum.
1282 2286 1338 2321 De
1351 2298 1422 2332 quo
1443 2283 1776 2331 Creuzer.inSym-

1113 2342 1183 2378 bol.
1202 2341 1248 2377 tv
1268 2354 1302 2390 p.
1324 2343 1405 2381 376
1420 2353 1496 2389 seq.
1541 2341 1593 2377 Ac
1614 2340 1774 2389 denique

1111 2397 1322 2434 Maltebrun
1353 2396 1374 2434 l.
1409 2409 1518 2446 supra
1548 2396 1568 2432 l.
1601 2409 1646 2433 ex
1677 2395 1775 2433 hisce

1112 2453 1378 2490 narrationibus
1391 2453 1562 2500 cognosci
1579 2465 1687 2502 posse
1698 2457 1775 2488 sta-

1111 2510 1178 2545 tuit
1209 2509 1438 2545 sacerdotuui
1470 2509 1681 2558 imperium,
1710 2508 1771 2557 qui

1111 2565 1276 2614 quotidie
1298 2564 1375 2601 Soli
1401 2578 1507 2602 mane
1531 2566 1687 2602 offerant
1712 2577 1772 2601 sa-

1109 2621 1239 2658 crificia
1261 2622 1434 2669 festisque
1458 2621 1585 2658 diebus
1613 2620 1773 2657 multitu-

1109 2679 1231 2715 dinem
1252 2682 1511 2726 congregatam
1524 2677 1590 2714 hac
1609 2678 1771 2714 ciborum

1112 2747 1295 2770 sacrorum
1362 2733 1554 2782 largitione
1607 2745 1772 2771 recreare

1110 2791 1295 2835 studeant,
1326 2803 1398 2838 quo
1422 2790 1590 2826 libentius
1608 2789 1666 2826 illa
1683 2790 1770 2839 ipsis

1108 2845 1181 2882 alia
1200 2847 1377 2895 praebeat
1409 2859 1522 2896 opera
1542 2858 1584 2883 ac
1608 2847 1771 2894 vectiga-

1108 2901 1167 2938 lia.
1227 2902 1274 2938 At
1296 2915 1357 2939 eos
1381 2915 1402 2938 a
1426 2915 1510 2939 vero
1530 2914 1681 2952 prorsus
1706 2901 1771 2937 ab·

1109 2970 1230 2996 errare
1252 2959 1410 3005 credam,
1441 2959 1503 3008 qui
1524 2958 1771 2995 narrationem
