1904 3304
414 223 500 265 238
813 225 1282 265 HERODOTI

413 349 523 387 των,
562 332 807 390 α’νελέγετο,
854 336 930 379 καί
970 337 1014 379 οἱ
1051 338 1195 392 χρῆμα
1233 335 1399 381 πολλόν
1438 354 1478 380 τι
1521 342 1688 394 χρυσοῦ

414 405 664 462 συνελέχθη.

1700 416 1746 451 50

251 483 347 527 131
520 476 570 520 Ὁ
595 477 641 520 δὲ
661 476 925 534 Δημοκήδης
955 474 1111 531 οὗτος,
1144 472 1227 522 ὦδε
1256 478 1304 522 ἐκ
1327 477 1562 535 Κρότωνος
1593 479 1689 524 ἀπι-

80 547 255 575 nemoeedza
286 550 357 575 ante

81 582 110 608 id
137 587 252 616 tempus
273 581 355 608 sata:

80 616 247 655 medicinae
293 616 356 641 laus

82 684 272 710 Crotoniatas
328 685 359 709 et

413 548 591 604 Ψμὲνθςς
636 549 909 603 Πολυκράτεϊ
948 549 1148 607 ὡμίλησε.
1206 551 1336 605 πατρὶ
1375 553 1592 607 συνείχετο
1641 553 1688 595 ἐν

81 657 115 683 [η-
120 658 178 676 11111
191 653 250 676 tum
266 657 357 683 penes
415 618 637 674 Κρότωνι)
680 618 819 676 ὀργὴν
847 625 1038 678 χαλὲπῷ”

1084 624 1246 665 τοῦτον
1274 621 1365 665 ἐπεί
1393 638 1437 665 τε
1467 622 1550 666 οὐκ
1579 622 1689 667 ἐδύ-

83 718 355 752 cymwfflflnu,
390 699 525 734 Ξνατο
563 689 732 746 φέρειν,
780 690 1008 737 ἀπολιπών
1049 695 1188 750 οἴχετο
1222 692 1266 744 ἐς
1299 694 1499 748 Αἴγιναν.
1559 711 1688 738 κατα-

81 752 174 783 eicae,
193 759 284 787 penes
305 752 357 777 Ar-

82 785 180 820 givo&
416 761 520 814 στάς
565 762 610 805 δὲ
654 763 697 814 ἐς
735 762 923 821 ταύτην,
976 770 1036 824 τῷ
1075 763 1232 821 πρώτῳ
1271 763 1355 807 ἔτεϊ
1399 762 1744 820 ὑπερεβάλετοόὅ

416 833 521 885 τούς
549 832 751 888 πρώτους
781 835 979 892 ἰητρούς,
1017 835 1204 892 ἀσκευής
1232 851 1311 889 περ
1343 834 1444 882 ἐών,
1477 835 1551 878 καὶ
1581 835 1690 892 ἔχων

389 904 551 949 Βούδὲν
580 909 669 948 τῶν
701 905 782 948 ὅσοι
811 907 909 961 περὶ
939 906 1019 963 τήν
1048 907 1200 964 τέχνην
1230 907 1318 950 ἐστὶ
1348 904 1570 964 ἐργαλήϊα.
1616 907 1692 950 καί

417 994 493 1033 μιν
530 977 716 1034 δευτέρῳ
761 976 845 1020 ἔτεϊ
885 978 1102 1022 ταλάντου
1132 980 1363 1035 Αἰγινῆται
1400 978 1588 1035 δημοσίῃ
1623 995 1690 1034 μι-

419 1052 652 1092 σθεῦνται·
700 1049 829 1107 τρίτῳ
871 1049 917 1093 δὲ
954 1050 1039 1094 ἔτεϊ
1064 1048 1305 1107 Ἀθηναῖοι,
1345 1049 1500 1094 ἑκατὸν
1528 1050 1689 1106 μνέων·

360 1232 400 1266 et
423 1227 545 1264 valore
568 1230 708 1264 veteres
736 1227 873 1264 faciunt
898 1239 1027 1265 aureos

361 1285 547 1329 Persicos,
580 1285 657 1321 sive
684 1288 862 1333 stateres,
894 1297 922 1321 s.
950 1284 1029 1321 Da-

359 1341 476 1388 ricos,
516 1353 671 1389 quorum
706 1340 825 1379 adhuc
864 1340 1028 1378 nonnulli

361 1401 577 1448 supersunt,
608 1397 684 1434 auri
719 1398 904 1447 probitate
941 1398 1028 1434 insi-

362 1467 466 1504 gnes.
544 1453 601 1491 lta
633 1454 775 1491 Wurm.
810 1454 857 1492 de
884 1454 1025 1505 pondd.

363 1517 433 1549 etc.
456 1514 523 1548 rat.
546 1523 634 1561 pag.
654 1510 720 1551 57.
740 1511 804 1550 58.

540 1567 650 1616 Cap.
681 1566 850 1604 CXXXI.

423 1620 679 1675 Πολυκράτεϊ
688 1621 815 1674 ὦμίλη
822 1622 876 1672 σε]
888 1621 945 1659 De
955 1622 1029 1659 Po-

362 1680 513 1730 lycrate,
535 1682 678 1731 poetas,
709 1680 881 1725 artifices,
901 1679 1027 1716 doctos

362 1739 480 1782 viros,
520 1741 561 1774 ut
596 1750 675 1774 mos
704 1736 770 1773 suit
804 1737 1028 1773 Graecorum

365 1798 624 1843 tyrannorum,
656 1792 799 1830 colente
832 1797 870 1830 et
900 1793 1028 1829 obser-

362 1854 496 1895 vante,
526 1850 622 1887 conf.
643 1853 734 1886 nott.
764 1849 811 1886 ad
842 1848 907 1895 Ill,
940 1851 1029 1889 121.

363 1906 421 1944 De
451 1906 662 1944 Democede
691 1907 735 1943 cf.
764 1906 813 1943 acl
842 1906 916 1952 ΙΙΙ,
951 1907 1030 1947 129

363 1967 456 2001 nott.

421 2017 540 2068 πατρὶ
581 2017 779 2069 συνείχετο
817 2011 1032 2071 -ῆόργήν

363 2075 532 2129 χαλεπῷ]
562 2076 584 2112 ἱ.
608 2089 640 2113 e.
660 2075 910 2126 premebatur,
939 2074 1032 2111 male

362 2133 589 2169 tractabatur
622 2145 644 2169 a
678 2136 809 2182 patre,
847 2132 910 2181 qui
940 2132 1032 2168 dura

364 2194 445 2226 erat
462 2189 583 2226 indole
602 2202 631 2226 s.
652 2189 839 2225 iracunda,
886 2187 946 2225 Ad
964 2200 1031 2223 vo-

365 2258 443 2283 cem
494 2240 616 2297 ὀργήν
667 2245 823 2282 conferri
864 2247 1031 2294 possunt,

365 2314 461 2351 quae
485 2302 533 2338 ad
555 2302 581 2348 l,
602 2302 655 2342 73
678 2302 944 2351 adscripsimus.

423 2358 594 2410 δημοσίῃ
618 2357 870 2408 μισθεῦνται]
887 2357 944 2394 De
957 2357 1032 2393 sor-

365 2427 425 2451 ma
451 2414 551 2452 verbi
581 2418 694 2463 μισθ.
724 2415 770 2450 cf.
802 2413 934 2450 Matth.
963 2413 1029 2450 Gr.

367 2472 434 2507 Gr.
462 2484 547 2521 pag.
573 2472 667 2511 516.
726 2470 784 2507 Ad
816 2482 892 2507 rem
922 2469 1032 2506 Νοε-

366 2527 495 2576 seling.
519 2540 539 2564 e
557 2527 741 2563 Strabone
763 2525 811 2563 lv
834 2539 870 2576 p.
892 2527 973 2565 273
1001 2538 1029 2562 s.

370 2586 447 2624 181
470 2584 513 2621 C.
543 2583 624 2630 (ubi
646 2583 728 2620 vide
752 2583 1032 2630 Casaubonum)

365 2643 493 2687 notat,
538 2639 699 2677 medicos
753 2638 837 2675 olim
885 2638 1030 2688 publice

366 2696 481 2734 fuisse
499 2696 710 2733 conductos.
742 2695 905 2732 Graecos
924 2707 1030 2732 num-

366 2765 458 2799 mos,
472 2753 501 2789 si
520 2753 568 2790 ad
585 2756 744 2789 nostram
768 2755 951 2788 monetam
973 2765 1031 2789 re-

367 2809 521 2855 vocaris,
543 2822 653 2846 unum
673 2810 847 2846 talentum
859 2808 1030 2854 Atticum,

370 2866 492 2916 (quod
511 2865 569 2904 hic
589 2866 736 2915 quidem
754 2864 1030 2914 intelligendum

1085 1239 1165 1265 esse
1182 1227 1259 1264 iure
1279 1227 1386 1264 nobis
1407 1240 1551 1266 sumere
1567 1241 1677 1279 posse
1694 1229 1749 1266 vi-

1085 1284 1232 1331 demur)
1260 1283 1426 1321 conficiet
1453 1282 1557 1326 1447
1579 1286 1748 1336 imperia-

1085 1339 1137 1377 les
1162 1336 1361 1392 (Saxonn.)
1394 1344 1430 1377 et
1457 1344 1507 1382 16
1528 1342 1655 1379 Gross.
1681 1343 1750 1379 Sa-

1084 1409 1208 1443 xonn.,
1241 1410 1268 1433 s.
1299 1396 1410 1437 2605
1431 1399 1558 1436 floren.
1590 1399 1644 1439 50
1670 1412 1751 1436 cru-

1085 1454 1202 1502 cigg.;
1232 1457 1377 1490 centum
1400 1454 1520 1493 minae
1542 1456 1752 1505 aequabunt

1086 1509 1198 1550 2412
1221 1509 1426 1559 imperiales
1458 1513 1508 1550 19
1529 1512 1657 1548 Gross.
1680 1512 1751 1548 Sa-

1086 1579 1198 1603 xonn.
1225 1564 1335 1604 4343
1356 1567 1508 1604 florenn.
1531 1569 1555 1607 3
1577 1569 1751 1617 crucigg.‚

1087 1627 1125 1660 et
1155 1623 1230 1659 duo
1254 1621 1392 1659 talenta
1417 1623 1528 1665 2895
1556 1624 1700 1675 impert.
1723 1625 1749 1664 9

1087 1680 1215 1716 Gross.
1237 1679 1414 1725 Saxonn„
1445 1680 1554 1721 5211
1575 1682 1674 1718 florr.
1695 1682 1749 1722 39

1086 1736 1246 1784 crucigg.
1287 1735 1341 1771 lta
1361 1735 1546 1773 Wurmius
1569 1737 1615 1775 de
1633 1737 1748 1787 pond.

1085 1796 1153 1829 rat.
1177 1806 1212 1842 p.
1238 1791 1290 1832 55
1310 1804 1367 1840 sq.
1393 1794 1475 1833 208
1493 1806 1548 1842 sq.
1614 1793 1664 1830 At
1687 1806 1750 1831 ex-

1088 1849 1181 1886 stitit
1201 1848 1377 1885 Valcken.
1391 1877 1401 1895 ‚
1432 1850 1493 1898 qui
1518 1854 1560 1886 ut
1579 1848 1751 1899 Polycra-

1087 1910 1163 1943 tem
1186 1917 1258 1941 non
1283 1905 1434 1942 miratur
1452 1906 1499 1943 de
1523 1906 1617 1944 male
1635 1919 1750 1955 quae-

1089 1962 1167 1999 sitis
1202 1961 1296 1998 adeo
1327 1962 1532 1999 munificum
1562 1964 1676 2000 fuisse
1714 1963 1752 2000 in

1087 2018 1230 2056 medico
1257 2020 1537 2065 remunerando,
1564 2019 1613 2056 ita
1638 2017 1753 2068 Aegi-

1088 2080 1254 2113 netarum
1286 2080 1399 2123 atque
1438 2075 1542 2113 istius
1578 2076 1750 2125 temporis

1088 2132 1362 2170 Atheniensium
1401 2132 1556 2169 maxime
1603 2133 1752 2169 miratur

1088 2193 1230 2225 tantam
1260 2187 1564 2236 munificentiam,
1592 2189 1751 2237 indeque

1089 2245 1314 2295 suspicatur,
1362 2256 1537 2281 summam
1575 2245 1752 2294 pecuniae

1089 2302 1146 2339 hic
1169 2301 1215 2338 ab
1237 2300 1430 2337 Herodoto
1459 2300 1563 2337 nimis
1592 2300 1748 2351 amplifi-

1088 2362 1206 2395 catam
1224 2357 1345 2402 fuisse,
1357 2357 1541 2405 quoniam,
1562 2357 1646 2394 dum
1661 2369 1750 2407 opes

1088 2413 1360 2451 Atheniensium
1388 2414 1541 2450 maxime
1563 2415 1751 2461 florerent,

1088 2470 1218 2519 legatis
1242 2470 1277 2505 in
1303 2469 1412 2514 diem,
1444 2474 1538 2507 teste
1563 2469 1750 2520 Aristoph.

1088 2526 1244 2563 Acharn-
1277 2526 1330 2565 66
1360 2526 1452 2563 duae
1480 2527 1589 2563 datae
1617 2526 1752 2564 suerint

1089 2582 1306 2628 drachmae,
1341 2580 1461 2631 (quod
1483 2595 1529 2620 ne
1559 2582 1750 2620 duodecim

1088 2639 1233 2689 quidem
1247 2651 1395 2686 grossos
1406 2640 1528 2686 efficit,
1551 2652 1581 2676 s,
1601 2640 1656 2681 52
1667 2651 1751 2676 cru-

1087 2696 1256 2744 cigeros)
1321 2700 1359 2732 et
1398 2696 1548 2734 medicis
1584 2696 1642 2732 vix
1679 2695 1751 2732 ulla

1087 2757 1162 2789 tum
1191 2751 1334 2802 publice
1362 2753 1450 2789 data
1470 2752 1578 2790 suerit
1601 2764 1752 2798 merces,

1089 2808 1167 2846 coll.
1194 2807 1377 2858 Aristoph.
1406 2808 1503 2846 Plut.
1536 2810 1630 2850 408.
1700 2807 1751 2844 Et

1090 2864 1234 2916 quaerit
1273 2865 1371 2903 idem
1405 2865 1607 2912 Valcken.‚
1656 2865 1752 2902 unde
