1904 3304
75 577 173 622 168

546 247 1101 289 MELPOMENE.

1158 245 1226 286 IV.
1393 249 1476 289 573

219 361 396 420 Λιβύων
418 360 501 416 γάρ
533 360 584 416 δὴ
616 361 744 403 ἔθνεα
774 358 910 402 πολλοὶ
938 357 1011 402 καὶ
1040 354 1226 401 παντοῖά
1256 357 1362 400 ἐστι·
1401 356 1476 398 καὶ

217 433 269 476 τὰ
305 433 383 489 μὲν
422 430 568 474 αὐτῶν
607 428 731 485 ὀλίγα
770 430 968 485 βασιλέος
1005 426 1061 486 ἦν
1097 428 1295 485 ὑπήκοα,
1336 425 1389 470 τοὶ
1429 425 1476 469 δὲ

216 502 330 546 πλέω
360 501 581 557 ἐφρόντιζε
611 503 802 555 Δαρείου
832 500 974 544 οὐδέν.

339 574 544 617 Οἰκέουσι
573 573 617 616 δὲ
646 572 754 615 κατὰ
781 572 881 616 τάδε
910 574 1078 627 Λίβυες.
1122 567 1215 613 Ἀπ’
1246 567 1502 624 ΑἰγύπτουΙ

220 643 477 700 ἀρξάμενοι,
512 647 678 698 πρῶτοι
706 641 1013 699 Ἀδυρμαχίδαι
1042 640 1221 696 Λιβύων
1251 641 1478 695 κατοίκην-

219 729 314 759 ται·
374 719 417 758 οἳ
454 713 626 769 ’νόμοισι
661 713 738 770 μὲν
777 714 828 758 τὰ
868 716 980 757 πλέω
1015 714 1290 768 Αἰγυπτίοισι
1320 710 1479 765 χρέων-

220 803 309 837 ται,
340 787 499 843 &aqva
529 786 574 830 δὲ
606 785 817 842 φορέουσι
847 788 943 844 οἴην
972 800 1052 840 περ
1084 786 1128 827 οἱ
1156 784 1280 827 ἄλλοι
1305 783 1478 838 Λίβυες.

166 974 338 1025 Aegypto
362 974 407 1012 ab
439 972 662 1022 Ammoniis,
700 971 822 1012 Nasa-

166 1031 354 1076 monibus,
393 1031 470 1069 aliis
498 1032 694 1081 Libyibus,
725 1044 820 1068 mer-

166 1092 313 1126 caturae
335 1100 444 1124 causa
468 1088 551 1124 illuc
569 1088 696 1125 delatis
710 1088 820 1136 (quos

167 1144 266 1194 ipsos
296 1143 484 1192 aliquoties
509 1145 595 1181 citat
621 1148 732 1181 testes
767 1147 823 1179 at-

169 1213 239 1248 que
277 1202 468 1248 auctores)
505 1201 672 1237 edoctum
714 1200 823 1235 fuisse

170 1256 291 1292 scribit
312 1255 470 1293 Heeren.
493 1256 604 1293 ldeen
627 1257 654 1292 ll
670 1286 681 1302 ‚
703 1256 715 1291 l
739 1268 823 1304 pag.

172 1312 263 1352 195.
303 1314 397 1352 208.
457 1312 550 1348 Cum
578 1325 664 1348 vero
690 1311 825 1348 Noster

170 1372 244 1404 tam
263 1373 427 1405 accurate
448 1372 577 1405 tractet
599 1368 645 1405 de
676 1372 825 1417 septen-

171 1423 315 1460 trionali
335 1423 474 1473 Libyae
500 1437 563 1460 ora
585 1425 825 1472 gentibusque

173 1480 249 1517 eius
279 1480 427 1528 singulis
459 1480 521 1528 (iis
552 1484 691 1516 tantum
722 1492 827 1516 exce-

171 1536 270 1586 ptis,
307 1549 400 1584 quae
424 1537 576 1572 maxime
602 1535 826 1572 occidentem

171 1604 292 1628 versus
317 1592 551 1639 habitarint),
603 1605 669 1628 nec
698 1590 827 1627 minori

171 1659 255 1684 cura
276 1660 318 1684 ac
336 1647 523 1696 diligentia
550 1647 732 1685 interioris
751 1651 827 1683 tra-

171 1708 251 1741 ctus
271 1708 398 1751 gentes
416 1708 625 1751 recenseat,
657 1703 827 1753 equidem

171 1759 270 1797 haud
299 1760 372 1796 scio
399 1774 445 1797 an
471 1759 665 1796 Mannerto
691 1758 772 1809 (X,
801 1761 828 1798 2

172 1829 207 1866 p.
233 1814 327 1865 167)
362 1820 473 1865 atque
489 1815 629 1864 Heysio
648 1817 693 1852 sit
714 1815 828 1852 adsti-

173 1871 372 1922 pulandum
388 1901 399 1919 ,
438 1873 567 1921 quibus
598 1873 656 1909 vix
678 1872 828 1908 dubium

174 1928 339 1975 videtur,
368 1929 455 1977 quin
478 1927 640 1977 Libycae
662 1941 746 1965 orae
763 1927 829 1963 ali-

176 1996 283 2032 quam
306 1989 402 2021 certe
425 1988 565 2033 partem
584 1984 722 2020 Noster
749 1985 828 2033 ipse

175 2039 307 2076 viserit.
366 2040 462 2085 Qui,
498 2052 591 2088 quae
618 2040 745 2088 Heysii
774 2042 829 2075 est

177 2096 354 2145 suspicio,
395 2097 565 2144 Cyrenen
591 2096 672 2131 navi
699 2107 742 2131 ex
759 2094 830 2132 Ae-

176 2157 290 2200 gypto
321 2152 492 2188 advectus
521 2164 562 2187 ae
591 2164 656 2200 per
682 2150 831 2199 aliquod

177 2212 322 2256 tempus
344 2208 391 2243 ibi
420 2212 658 2244 commoratus
689 2207 773 2243 inde
794 2207 831 2243 in

175 2264 313 2300 vicinas
338 2263 478 2311 Libyae
507 2264 673 2312 regiones
707 2276 833 2300 excur-

176 2320 265 2357 risse
286 2321 375 2356 sumi
397 2324 530 2369 potest.
574 2319 832 2368 Carthaginem

176 2388 262 2412 num
283 2376 434 2422 adierit,
464 2388 638 2425 perquam
661 2376 831 2420 dubium3

178 2432 316 2481 utqui,
342 2433 441 2480 quod
461 2433 536 2469 iure
557 2432 712 2476 mireris,
736 2431 832 2467 nullo

180 2488 259 2523 loco
307 2488 619 2536 Carthaginiensis
684 2488 831 2524 ditionis

181 2548 435 2581 commemoret
473 2545 563 2582 fines
590 2557 656 2581 nec
686 2544 833 2580 omnino

182 2597 287 2634 ullam
305 2600 340 2635 in
360 2600 428 2636 hoc
438 2599 655 2649 Libycarum
673 2601 833 2648 gentium

181 2666 330 2690 recensu
353 2656 458 2692 faciat
476 2657 833 2705 Carthaginiensium

182 2710 424 2755 mentionem,
465 2724 620 2761 quorum
646 2713 833 2762 imperium

181 2764 363 2801 Herodoti
392 2772 486 2804 certe
515 2773 635 2806 aetate
655 2770 832 2805 orientem

182 2832 306 2858 versus
334 2823 492 2859 nondum
524 2825 571 2860 ad
595 2825 832 2874 Cyrenaicam

183 2888 295 2927 usque
315 2878 489 2916 ditionem
513 2885 701 2918 extensum
722 2881 831 2918 fuisse

877 972 1033 1012 videtur.
1087 970 1168 1010 Nec
1198 968 1313 1019 magis
1345 967 1534 1021 probabile

878 1035 1006 1080 gentes
1025 1043 1046 1067 a
1065 1029 1291 1076 Carthagine
1309 1027 1533 1063 occidentem

877 1100 999 1124 versus
1051 1086 1256 1121 habitantes
1304 1083 1534 1120 Herodotum

878 1145 1022 1181 adiisse.
1080 1141 1142 1177 Tu
1168 1140 1239 1176 vid.
1266 1140 1312 1178 de
1335 1139 1389 1175 his
1411 1139 1536 1188 dispu-

879 1204 1014 1237 tantem
1038 1198 1162 1244 Heyse
1181 1196 1202 1234 l.
1225 1196 1246 1234 l.
1273 1209 1358 1246 pag.
1381 1195 1460 1236 115
1480 1213 1537 1221 --

884 1258 962 1296 118
982 1254 1059 1291 coll.
1078 1253 1231 1290 Rennel.
1251 1265 1286 1302 p.
1311 1253 1404 1292 670.

937 1308 983 1348 τὰ
1018 1307 1059 1348 δὲ
1090 1308 1192 1347 πλέω
1231 1303 1436 1355 ἐφρόντιζε
1469 1302 1538 1345 ου’-

884 1366 966 1417 δέν]
1017 1367 1125 1403 Conf.
1146 1366 1238 1401 infra
1259 1365 1323 1410 IV,
1353 1365 1431 1402 197
1458 1362 1537 1402 init.

883 1428 920 1461 et
942 1425 988 1461 de
1013 1422 1194 1459 locutione
1216 1420 1280 1468 IV,
1304 1422 1396 1460 198.

1035 1509 1379 1561 Cap.CLXVHL

937 1584 1022 1628 Ἀπ’
1049 1585 1257 1641 Αἰγύπτου
1296 1583 1538 1637 ἀρξάμενοι]

883 1645 1063 1685 Nimirum
1084 1658 1105 1682 a
1124 1645 1200 1682 Nili
1226 1646 1321 1682 ostio
1341 1644 1540 1690 CanobicO,

886 1707 926 1739 ut
947 1703 1069 1739 scribit
1092 1701 1224 1751 Scylax
1254 1699 1290 1751 ἓ.
1314 1703 1392 1741 106
1417 1714 1453 1750 p.
1485 1697 1540 1738 44

885 1759 1003 1795 Huds.
1024 1771 1059 1808 p.
1078 1760 1160 1798 306
1182 1757 1299 1805 Gaih,
1336 1756 1393 1793 vel
1418 1757 1539 1805 potius

885 1828 907 1851 a
936 1815 1015 1851 sinu
1044 1814 1284 1859 Plinthinete,
1324 1813 1385 1850 ubi
1414 1812 1541 1849 Hero-

884 1871 995 1908 dotus
1023 1869 1183 1920 Aegypti
1224 1870 1315 1908 fines
1353 1869 1540 1906 constituit

883 1927 929 1974 11,
953 1930 998 1973 63
1037 1939 1059 1963 a
1087 1939 1160 1975 quo
1186 1926 1291 1975 primi
1319 1938 1540 1963 commemo-

883 1988 1007 2019 rantur
1025 1982 1322 2032 Adyrmachidae,
1343 1994 1436 2029 quos
1457 1993 1540 2017 eos-

887 2039 969 2076 dem
1001 2040 1100 2075 novit
1126 2038 1262 2074 Plinius
1293 2038 1341 2074 H.
1373 2036 1421 2073 N.
1441 2036 1487 2082 V,
1514 2038 1541 2078 6

887 2099 999 2143 atque
1026 2094 1133 2130 Silius
1169 2093 1311 2130 Italicus
1343 2093 1416 2139 111,
1456 2094 1539 2132 278

888 2164 989 2199 seqq.
1026 2151 1101 2196 IX,
1129 2151 1210 2190 223
1245 2162 1343 2198 seq.,
1388 2152 1541 2197 uterque

889 2207 1018 2244 citatus
1064 2207 1109 2242 ab
1155 2205 1430 2242 Schlichthorst.
1463 2204 1485 2240 l.
1517 2205 1540 2240 l.

889 2275 974 2313 pag.
998 2264 1097 2308 119,
1138 2263 1198 2311 qui
1226 2263 1326 2311 quod
1353 2262 1389 2298 in
1418 2260 1542 2298 Ptole-

889 2332 994 2356 maeo
1026 2322 1144 2355 exstat
1169 2313 1474 2369 Ἀδυρμαχίτας,
1504 2316 1544 2353 id

889 2376 926 2411 in
961 2370 1245 2425 Ἀδυρμαχίδας
1285 2377 1544 2410 commutatum

888 2431 985 2477 vult,
1014 2431 1192 2481 probante
1203 2430 1376 2467 Larcher.
1400 2430 1435 2466 in
1447 2429 1542 2467 Tab.

891 2500 1042 2536 geogr.,
1081 2491 1301 2535 gentemque
1336 2486 1373 2522 in
1404 2485 1546 2534 Libyae

888 2544 1064 2580 tractibus
1094 2549 1331 2581 memoratam
1365 2541 1547 2578 interiori-

889 2600 958 2637 bus
979 2613 1001 2637 a
1020 2599 1228 2637 Ptolemaeo
1248 2599 1356 2636 sedes
1386 2602 1545 2634 mutasse

890 2656 1108 2702 arbitratur,
1157 2669 1179 2693 a
1225 2655 1315 2692 mari
1361 2655 1543 2703 repulsam

891 2712 1040 2749 Graecis
1080 2711 1215 2748 colonis
1253 2710 1541 2747 advenientibus

889 2768 996 2804 Conf.
1034 2767 1187 2804 Bennel.
1220 2766 1242 2802 l.
1277 2766 1299 2802 l.
1332 2779 1417 2816 pag.
1447 2765 1540 2804 652.

887 2823 1069 2861 Mannert.
1088 2824 1146 2869 X,
1173 2825 1198 2861 2
1221 2835 1257 2871 p.
1278 2824 1330 2863 20
1351 2821 1431 2859 coll.
1449 2823 1541 2857 nott.

887 2880 935 2918 ad
956 2879 1096 2918 Herod.
1115 2877 1178 2924 lv,
1204 2880 1295 2920 191.

1534 571 1649 606 Libyae
1688 570 1809 606 populo-

1535 615 1599 632 rum
1631 604 1810 638 descriptio:

1551 638 1798 673 Adyrmachidae,

1535 673 1620 707 primi
1648 672 1685 698 ab
1715 674 1810 705 Aegy-

1569 710 1617 740 pto
1632 712 1724 738 usque
1741 706 1777 731 ad

1533 744 1651 775 portum
1674 738 1809 774 l'lynum.
