1904 3304
438 266 524 306 626

831 262 1303 301 HERODoTl

443 377 648 429 γυναῖκες
696 370 919 427 ἡνιοχεῦσι
967 370 1019 414 τοὶ
1071 371 1244 426 ἅρματα
1293 370 1336 422 ἐς
1385 369 1464 414 τόν
1503 370 1708 426 πόλεμον.

282 442 381 488 194
444 442 628 487 Τούτων
669 441 714 485 δὲ
761 440 976 494 Γύζαντες
1015 442 1209 497 ἔχονται,
1260 439 1306 483 ἐν
1344 445 1456 484 τοῖσι
1492 442 1586 497 μέλι
1628 441 1765 496 μὲνὲδ

145 509 169 535 G
174 511 308 544 yzautea.

444 511 609 557 πολλὸν
630 512 826 568 μέλισσαι
848 511 1210 567 κατεργάζονται,
1239 514 1386 570 πολλῷ
1416 510 1461 554 δ’
1491 513 1552 556 ἔτι
1578 513 1713 556 πλέον

416 584 617 639 Ξλέγεται
638 582 936 638 δημιουργούς
965 582 1130 638 ἄνδρας
1157 582 1343 627 ποιέεινι·
1391 585 1646 637 μιλτοῦνται
1675 581 1712 626 δ’

446 650 507 698 ὦν
540 652 700 705 πάντες
729 649 878 706 οὗτοι,
921 654 994 697 καὶ
1023 653 1425 710 πιθηκοφαγέουσι’
1483 654 1526 696 οἱ
1556 652 1601 697 δέ
1632 665 1712 708 σφι

395 932 640 971 Amazonibus
660 931 806 980 Libycis
827 932 896 968 rite
921 930 1053 968 inteili-

395 990 554 1038 gendam
596 1000 796 1037 sanequam
833 988 948 1025 teneri
988 988 1054 1024 de-

397 1047 494 1084 bent.
535 1045 593 1082 Cf.
615 1045 775 1083 Heeren.
804 1044 916 1081 Ideen
942 1042 995 1090 11,
1029 1046 1051 1084 1

395 1115 482 1153 pag.
510 1103 575 1142 37.

562 1157 593 1194 C
609 1168 679 1206 ap.
711 1155 878 1192 CXCIV.

457 1209 664 1262 Γύζαντες]
685 1213 747 1248 Sic
767 1213 934 1248 meliores
954 1209 1056 1256 libri;

400 1269 458 1308 alii
480 1265 701 1321 Ζύγαντες,·
733 1268 860 1317 Steph.
874 1268 965 1317 Byz.
978 1262 1057 1305 Βύ-

400 1328 552 1374 ζαντες,
602 1324 769 1373 maleque
807 1325 908 1375 apud
935 1324 1058 1361 Hero-

399 1384 527 1420 dotum
560 1382 667 1419 scribi
700 1382 750 1417 ait
774 1377 967 1427 Γύζαντες
991 1380 1055 1424 (cf.

399 1440 580 1477 Hecataei
599 1440 764 1486 fragmm.
779 1450 815 1486 p.
832 1437 940 1484 134).
960 1437 1057 1473 Add.

399 1495 571 1546 Aponon.
605 1493 717 1544 Dysc.
748 1493 843 1531 Hist.
880 1495 956 1530 mir.
989 1494 1056 1533 38,

400 1551 675 1590 Schlichthorst.
704 1563 741 1600 p.
771 1552 845 1590 161
877 1551 915 1587 in
936 1549 1059 1601 Hero-

394 1609 484 1645 doto
528 1620 639 1645 unum
680 1606 812 1656 probat
849 1600 1057 1652 Βύζανῗτες.

394 1665 444 1702 At
472 1669 572 1702 recte
602 1667 761 1700 statuere
789 1663 932 1700 videtur
951 1662 1060 1698 Man-

395 1725 487 1758 nert.
508 1722 556 1767 X,
580 1722 606 1759 2
627 1733 664 1770 p.
681 1720 763 1758 216
783 1732 884 1768 seq.,
917 1723 1057 1756 utram—

403 1790 477 1826 que
495 1776 580 1813 olim
597 1776 644 1812 de
660 1788 732 1811 una
748 1775 949 1824 eademque
969 1787 1060 1823 gen-

404 1838 443 1871 te
472 1832 625 1869 valuisse
657 1832 881 1881 scripturam.
940 1832 1060 1881 Ipsam

405 1893 555 1939 gentem
579 1887 680 1924 haud
713 1888 838 1937 procul
866 1901 887 1925 a
906 1887 1061 1924 Cartha-

406 1947 493 1994 gine
522 1944 680 1982 abfuisse
711 1949 834 1981 censet
857 1943 1060 1980 Larcherus

405 2003 443 2038 in
455 2000 544 2038 Tab.
568 1999 793 2050 geograph,
823 2012 932 2049 quam
954 1999 1061 2036 latius

406 2058 489 2096 oiim
516 2056 668 2106 Byzazii
694 2058 842 2093 nomine
877 2060 1062 2093 extensam

405 2127 474 2166 per
526 2113 700 2164 optimam
748 2112 1064 2161 Carthaginiensis

406 2171 553 2207 ditionis
573 2172 714 2219 partem
737 2182 847 2219 quum
869 2169 956 2206 satis
977 2181 1064 2206 con-

405 2232 499 2273 stet,
532 2226 762 2263 Herodotum
787 2226 896 2262 modo
924 2226 971 2262 de
993 2238 1066 2262 una

404 2283 591 2331 alteraque
614 2282 718 2318 huius
736 2283 854 2332 gentis
873 2283 970 2319 tribu
988 2295 1066 2319 ma-

405 2340 500 2377 xime
537 2343 677 2376 remota
716 2340 918 2388 eademque
947 2338 1065 2375 minus

408 2396 506 2433 culta
551 2394 709 2430 locutum
749 2408 829 2433 esse
879 2395 1066 2432 contendit

410 2451 568 2489 Heeren.
593 2450 702 2487 ldeen
724 2450 769 2497 11,
794 2455 814 2492 1
838 2465 873 2502 p.
895 2453 960 2492 39.

467 2505 509 2546 ἐν
530 2509 631 2545 τοῖσι
655 2504 739 2556 μέλι
766 2505 837 2557 μὲν
861 2504 1009 2546 πολλόν
1029 2522 1065 2545 κ.

410 2577 441 2601 τ.
461 2560 511 2612 λ.]
541 2562 600 2600 De
620 2575 755 2611 magna
782 2563 895 2600 mellis
916 2577 982 2614 per
1000 2564 1066 2601 has

409 2619 578 2668 regiones
624 2619 730 2669 copia
768 2624 925 2657 testatur
964 2619 1069 2658 Deila

411 2675 537 2722 Cella,
571 2678 610 2711 ut
626 2675 766 2712 monuit
785 2675 944 2713 Heeren.
967 2677 1012 2723 11,
1045 2679 1064 2716 1

410 2745 447 2782 p.
471 2733 536 2770 39.
576 2731 673 2769 Nam
694 2737 836 2769 montes
854 2732 983 2782 apibus
1002 2733 1068 2769 ab·

410 2788 572 2834 undant,
601 2800 753 2837 quarum
775 2787 844 2825 mel
869 2788 1066 2826 etiamnum

409 2842 534 2881 incolis
556 2844 687 2882 victum
709 2845 864 2896 praebet
888 2845 1067 2895 simulque

408 2904 634 2952 exportatur.

291 733 389 780 195
449 724 647 780 ἄφθονοι
678 724 777 769 ὅσοι
802 725 849 769 ἐν
878 729 991 769 τοῖσι
1020 724 1172 780 οὔρεσι
1200 726 1408 780 γίνονται.
1463 722 1588 766 Κατὰ
1616 722 1767 766 τού-30

1168 931 1299 984 πολλῷ
1325 924 1364 968 δ’
1397 928 1450 968 ἔτι
1475 927 1597 968 πλέον
1619 926 1767 980 λέγεται

1112 983 1382 1037 δημιουργούς
1414 983 1563 1035 ἄνδρας
1600 983 1767 1035 ποιέειν]

1111 1044 1265 1081 Videtur
1300 1044 1367 1079 hoc
1404 1042 1473 1080 mel
1512 1056 1531 1080 e
1568 1042 1770 1093 palmarum

1113 1113 1216 1137 succo
1238 1100 1359 1150 parari
1391 1113 1433 1137 eo
1456 1099 1587 1145 modo,
1628 1111 1701 1147 quo
1727 1097 1771 1134 il-

1112 1156 1177 1193 lud
1206 1156 1244 1191 in
1272 1156 1378 1192 terris
1405 1155 1610 1203 Algerianis
1631 1167 1674 1191 ae
1692 1154 1770 1192 Tu-

1113 1212 1213 1249 nisiis
1240 1211 1317 1248 fieri
1345 1212 1467 1247 scribit
1492 1211 1622 1256 Shaw,
1662 1222 1771 1258 quem

1112 1273 1243 1305 testem
1269 1267 1402 1304 excitat
1431 1267 1591 1304 Heeren.
1616 1267 1638 1303 1.
1666 1265 1689 1302 1.
1715 1287 1771 1293 ——-

1114 1319 1355 1374 δημιουργός
1375 1327 1428 1360 est
1444 1323 1588 1373 opifex,
1612 1323 1674 1372 qui
1685 1335 1773 1359 con-

1114 1381 1258 1418 ficiendi
1296 1379 1411 1417 mellis
1454 1387 1568 1417 artem
1617 1382 1773 1416 exercet.

1115 1438 1173 1475 Cf.
1198 1437 1280 1482 Vll,
1301 1438 1366 1477 31.
1398 1436 1529 1474 Athen.
1550 1436 1613 1482 lv,
1635 1438 1716 1475 172
1729 1434 1772 1471 A.

1115 1493 1209 1532 Plat.
1233 1493 1327 1542 Rep.
1351 1492 1398 1529 lv
1430 1505 1515 1543 pag.
1537 1491 1617 1532 421
1641 1505 1671 1528 s,
1693 1492 1775 1531 168

1114 1551 1234 1587 Bekk.
1265 1549 1425 1585 Plurima
1445 1549 1490 1586 de
1508 1549 1578 1586 hoc
1595 1547 1773 1585 vocabulo

1114 1619 1211 1643 nunc
1230 1605 1443 1642 exhibentur
1462 1606 1498 1641 in
1522 1605 1664 1653 Angiic.
1684 1604 1773 1642 edit.

1115 1663 1227 1700 Thes.
1247 1661 1427 1711 Stephan.
1452 1661 1499 1697 T.
1523 1661 1571 1697 111
1591 1675 1626 1710 p.
1650 1661 1773 1701 3293.

1114 1719 1173 1756 De
1205 1731 1293 1755 voce
1326 1714 1477 1767 ἄνδρας
1503 1717 1650 1754 adiecta
1678 1717 1773 1754 conf.

1116 1775 1181 1822 111,
1202 1776 1293 1815 125.
1322 1773 1384 1818 ιν,
1412 1774 1502 1814 151.
1523 1776 1618 1814 200.

1152 1888 1403 1943 ἡμιλτοῦνται
1443 1880 1484 1925 δ’
1532 1878 1589 1924 οἶν
1629 1879 1778 1931 πάντες

1119 1942 1253 1993 οὑτοι]
1314 1943 1524 1980 Nomadum
1570 1954 1616 1979 ex
1661 1953 1777 1987 more,

1119 2012 1228 2049 quem
1268 2000 1366 2050 apud
1394 1999 1548 2048 Maxyes
1588 1998 1661 2047 lv,
1696 1999 1775 2039 191

1118 2057 1189 2094 iam
1209 2056 1422 2093 invenimus.

1178 2166 1219 2207 οἵ
1247 2165 1290 2207 δέ
1319 2179 1392 2217 σφι
1411 2163 1594 2217 ἄφθονοι
1622 2162 1711 2207 ὅσοι
1734 2165 1778 2206 ἐν

1119 2228 1221 2264 τοῖσι
1245 2221 1382 2275 οὔρεσι
1411 2222 1614 2275 γίνονται]
1664 2223 1706 2263 οἱ
1734 2220 1778 2262 δὲ

1118 2282 1348 2319 referendum
1369 2282 1417 2318 ad
1430 2278 1778 2333 πιθηκοφαγέουσι

1120 2338 1218 2375 unde
1253 2342 1377 2375 mente
1415 2343 1584 2388 repetere
1617 2337 1699 2374 licet
1738 2334 1780 2374 οἷ

1120 2395 1302 2444 πίθηκοι.
1341 2394 1449 2430 Cous.
1472 2393 1603 2430 Matth.
1625 2393 1690 2429 Gr.
1711 2392 1777 2429 Gr.

1122 2450 1158 2501 5.
1181 2450 1287 2497 435,
1327 2463 1433 2499 quem
1458 2450 1613 2486 eundem
1636 2447 1673 2499 5.
1694 2447 1777 2489 445

1121 2521 1158 2558 p.
1177 2509 1257 2548 831
1278 2506 1414 2544 consul.
1438 2506 1486 2542 ad
1507 2506 1619 2543 verba
1641 2501 1778 2553 ἄφθο-

1124 2579 1187 2602 νοι
1206 2558 1304 2601 ὅσοι.
1350 2562 1408 2599 De
1426 2562 1608 2598 simiarum
1628 2574 1695 2612 per
1713 2560 1778 2598 Li-

1124 2621 1230 2668 byam
1279 2617 1508 2656 multitudine
1552 2624 1680 2654 auctor
1722 2620 1779 2654 est

1123 2688 1270 2725 quoquc
1291 2674 1475 2712 Diodorus
1494 2674 1583 2719 XX,
1610 2675 1686 2719 58,
1717 2673 1779 2710 ubi

1123 2734 1216 2769 conf.
1239 2730 1458 2778 Wesseiing.
1485 2730 1532 2767 T.
1561 2730 1593 2767 11
1625 2743 1660 2780 p.
1682 2728 1778 2770 449.

1124 2788 1271 2825 Montes
1284 2815 1294 2832 ‚
1336 2799 1428 2835 quos
1447 2786 1534 2824 dicit
1552 2787 1779 2831 Herodotus,

1123 2845 1172 2880 ad
1206 2843 1381 2879 Atlantem
1427 2844 1613 2893 pertinere
1656 2846 1779 2879 monet

1122 2901 1282 2937 Heeren.
1303 2899 1325 2936 l.
1345 2900 1367 2936 1.
