1904 3304
491 238 1057 279 MELPOMENE.
1118 242 1177 278 IV.
1385 243 1469 283 373

166 347 381 401 5Σοὲρδισι
423 347 570 404 φυλήν
609 352 849 404 κεκλῆσθαι
882 348 1072 393 Ἀσιάδα.
1128 348 1185 392 Ἡ
1217 348 1264 394 δὲ
1295 349 1349 405 δὴ
1380 347 1466 392 Εὐ-

193 418 317 473 ρώπη
341 416 441 462 οὔτε
473 421 510 462 εἰ
525 419 790 474 περίῤῥυτός
813 421 902 464 ἐστι
925 417 1183 477 γινώσκεται
1203 419 1315 475 πρὸς
1332 419 1466 464 οὐδα-

190 493 285 544 μῶν
336 487 614 544 ἀνθρώπων·
677 489 778 534 οὔτε
827 490 991 535 ὁκόθεν
1038 490 1086 534 τὸ
1129 488 1301 548 οὕνομα
1341 492 1522 549 {karieffi

188 563 339 611 τοῦτο,
374 559 474 604 οὔτε
505 561 624 612 ὅστις
657 562 700 605 οἵ
730 557 784 617 ἦν
817 560 839 604 ὁ
865 562 1051 618 θέμενος
1081 564 1305 618 φαίνεται·
1337 564 1374 606 εἰ
1403 562 1463 620 μὴ

189 629 274 673 ἀπὸ
298 633 371 685 τῆς
397 624 560 687 Τυρῖης
581 631 782 687 φήσομεν
802 631 1025 688 Εὐρώπης
1047 635 1198 688 λαβεῖν
1218 633 1266 677 τὸ
1288 632 1461 690 οὕνομα

186 700 266 758 τὴν
295 701 464 758 χώρην,
494 702 711 756 πρότερον
743 704 788 746 δὲ
819 699 874 758 ἦν
904 704 992 759 ἄρα
1024 703 1276 762 ἀνώνυμος,
1315 705 1460 760 ὥσπερ

158 775 238 815 (iai
267 773 422 827 ἕτεραι.
484 772 577 817 ἄλλ’
612 773 721 830 αὕτη
752 791 799 829 γε
830 774 877 817 ἐκ
907 779 983 830 τῆς
1014 775 1153 832 Ἀσίης
1182 792 1227 819 τε
1259 778 1462 832 φαίνεται

184 844 340 895 ἐοῦσα,
374 845 446 888 καὶ
478 843 561 888 οὐκ
580 843 823 901 ἀπικομένη
846 847 887 898 ές
906 846 988 904 τὴν
1016 850 1100 902 γῆν
1129 844 1316 903 ταύτην,
1348 847 1377 903 ἥ
1398 865 1463 899 τις

185 919 270 958 νῦν
298 913 387 959 ὑπὸ
412 914 630 973 Ἑλλήνων
660 915 860 972 Εὐρώπη
891 917 1112 970 καλέεται,
1145 915 1244 960 ἄλλ’
1278 916 1387 961 ὅσον
1417 919 1520 963 {amo

189 988 400 1043 Φοινίκης
448 987 491 1038 ἐς
528 986 744 1044 Κρήτην,
801 988 848 1032 ἐκ
888 988 1063 1046 Κρήτης
1108 988 1154 1032 δὲ
1195 988 1239 1039 ές
1279 991 1461 1046 Λυκίην.

156 1062 341 1101 ΊΤαῦτα
378 1059 459 1114 μέν
495 1075 580 1102 νυν
618 1059 687 1102 ἐπὶ
716 1063 932 1104 τοσοῦτον
971 1059 1184 1116 εἰρήσθω·
1233 1065 1346 1104 τοῖσι
1372 1060 1458 1116 γὰρ

183 1130 505 1187 νομιζομένοισι
535 1128 683 1173 αὐτῶν
711 1130 975 1188 χρησόμεθα.
1424 1121 1427 1123 “

291 1201 340 1245 Ὁ
382 1202 427 1247 δὲ
459 1200 636 1253 Πόντος
668 1201 691 1246 ὁ
722 1202 958 1255 Εὔξεινος,
995 1200 1064 1246 ἐπ’
1096 1200 1150 1244 ὃν
1179 1201 1456 1256 ἐστρατεύετο

185 1279 392 1329 Δαρεῖος,
422 1274 600 1331 χωρέων
629 1272 805 1317 πασέων
832 1273 1085 1330 παρέχεται,
1116 1272 1195 1324 ἔξω
1225 1277 1306 1317 τοῦ
1338 1277 1456 1317 Σκυ-

1531 1206 1621 1233 Ponti
1666 1207 1776 1234 Euxini

1513 1244 1620 1275 gentes
1663 1249 1729 1267 omn
1713 1242 1795 1269 ιιίιιιιι

1536 1273 1680 1309 stupidiss
1682 1276 1774 1309 imae,

1514 1313 1638 1343 praeter
1673 1296 1793 1344 Scythi-

56 1201 123 1246 46

93 2703 96 2706 ’
133 2707 231 2743 dicta
251 2710 363 2751 sunto,

129 1412 235 1449 codd.
273 1406 352 1449 οἷπό
372 1405 555 1460 Λιβύης;
599 1404 694 1458 quae
726 1421 789 1446 ea—

129 1469 214 1506 dem
264 1468 420 1504 varietas
464 1467 501 1502 in
556 1466 676 1503 verbis
724 1463 789 1504 ἐπὶ

126 1520 264 1562 Ἀσὶεω
291 1528 329 1560 et
359 1522 424 1561 ἐπὶ
450 1523 521 1571 τῆς
542 1520 789 1572 Προμηθέος

126 1585 258 1618 exstat.
300 1579 395 1616 Add.
434 1579 506 1625 lv,
559 1580 651 1618 107.
694 1577 787 1619 148.

129 1637 208 1678 149
234 1635 313 1674 coll.
341 1633 430 1676 184.
502 1637 504 1640 ’

182 1695 404 1743 κεκλῆσθαι
446 1685 632 1740 Ἀσιάδα]
681 1690 786 1735 Inde,

125 1751 244 1788 iudice
264 1750 422 1786 Heeren.
443 1749 568 1785 Ideen.
589 1748 623 1793 I,
654 1749 676 1787 1
698 1759 786 1797 pag.

130 1805 231 1853 154⁷,
273 1807 362 1842 Asia
402 1806 510 1851 urbs,
558 1816 654 1853 quae
687 1804 788 1853 apud

127 1863 356 1913 Stephanum
392 1862 482 1910 Byz.
527 1872 789 1897 commemora-

127 1925 206 1966 tur,
257 1931 330 1955 non
380 1917 448 1954 alia
485 1922 572 1967 atqu
577 1930 597 1954 e
634 1917 787 1954 Sardes.

186 1972 277 2013 οὔτε
318 1971 415 2041 όκιὶ
434 1978 520 2013 θεν
557 1996 613 2000 —-
671 1972 787 2022 ε’λαβε

128 2033 257 2077 τοῦτο,
278 2028 367 2069 οὕτε
387 2046 406 2069 ο
423 2042 497 2069 στι
514 2046 532 2076 ς
552 2029 592 2068 οἷ
607 2050 662 2056 -ν-
693 2029 787 2078 φαί-

128 2104 169 2127 νε
158 2087 260 2138 rtet]
292 2088 410 2123 Sola
402 2100 438 2124 ιιι
458 2087 513 2124 his
536 2091 660 2123 noster
679 2086 786 2122 adhi-

127 2145 206 2182 buit
244 2144 392 2181 relativa
428 2143 667 2193 pronomina,
726 2143 788 2190 qui

126 2201 233 2248 alias,
263 2205 439 2238 monente
460 2200 595 2236 Strui-e
616 2199 645 2244 Ι,
675 2212 712 2248 p.
733 2198 787 2239 49

126 2262 217 2303 not,
236 2259 442 2307 promiscue
462 2262 498 2293 et
518 2254 788 2303 interrogativis

128 2318 166 2351 et
193 2314 350 2352 relatixis
381 2314 493 2350 utitur
521 2314 557 2349 in
581 2313 787 2360 interroga-

127 2371 285 2408 tionibus
312 2370 480 2419 obliquis.
509 2390 566 2396 --
605 2368 646 2404 In
679 2380 785 2416 seqq.

128 2440 192 2475 pro
218 2426 284 2465 καὶ
306 2442 380 2465 ουκ
398 2422 423 2464 εἷ
428 2440 567 2476 τικομε
560 2423 619 2473 ’νη
640 2425 787 2473 Steger.

129 2482 248 2519 Praef.
271 2496 355 2533 pag
379 2483 466 2520 XIV
492 2482 693 2520 rescribere
713 2480 789 2518 vult

135 2534 191 2576 ου’
205 2535 245 2575 δ’
275 2553 340 2589 pro
373 2535 473 2578 ου’κ.

195 2597 323 2633 Ταῦτα
343 2595 412 2644 μέν
429 2612 503 2634 νυν
517 2593 580 2634 ἐπὶ
597 2596 790 2634 τοσοῦτον

133 2646 337 2701 εἰρήσθω]
369 2653 393 2689 i.
428 2666 459 2689 e.
493 2644 593 2689 Haec
622 2652 790 2688 hactenus

394 2709 441 2746 de
462 2713 580 2746 terrae
602 2709 677 2745 scil.
698 2708 790 2744 divi-

130 2765 232 2801 sione
253 2765 288 2800 in
315 2768 387 2800 tres
405 2769 529 2814 partes
548 2769 585 2802 et
597 2765 643 2803 de
666 2777 790 2802 earum

129 2821 407 2869 uniuscuiusque
419 2822 591 2858 terminis.
609 2822 672 2858 Sic
682 2822 790 2872 plane

130 2874 193 2915 ἐπὶ
220 2879 410 2916 τοσοῦτον
430 2877 501 2926 IV,
528 2879 608 2919 199
637 2877 793 2916 Aristot.

847 1409 906 1448 De
928 1422 1005 1460 rep.
1025 1408 1058 1445 ΙΙ
1073 1437 1084 1455 ,
1114 1410 1152 1449 9.
1183 1407 1278 1445 Plut.
1302 1407 1465 1447 Marcell.
1486 1411 1512 1449 8

846 1467 908 1503 fin.
959 1466 1126 1502 Imitatur
1151 1465 1351 1502 Pausanias
1382 1466 1453 1510 Vl,
1483 1465 1510 1507 4

847 1521 883 1573 ᾗ.
905 1521 944 1570 4,
968 1522 1030 1559 ubi
1050 1522 1122 1558 vid.
1145 1521 1313 1559 Siebelis.
1335 1544 1391 1549 —
1420 1522 1509 1559 Mox

846 1579 933 1616 dedi
958 1573 1092 1618 αὐτῶν
1108 1591 1177 1628 pro
1195 1573 1361 1616 αὐτέων.

1038 1635 1146 1684 Cap.
1178 1634 1312 1671 XLVI.

903 1688 923 1731 ὃ
962 1688 1005 1730 δὲ
1040 1686 1192 1737 Πόντος
1232 1689 1255 1730 ὁ
1281 1686 1506 1743 Εὔξεινος]

845 1749 929 1786 Hoc
960 1761 1003 1785 ex
1027 1747 1107 1785 loco
1131 1751 1166 1784 et
1189 1760 1293 1797 seqq.
1323 1748 1409 1784 satis
1433 1760 1509 1785 ma-

846 1806 1019 1842 nifestum
1046 1804 1124 1842 fieri
1144 1804 1269 1841 scribit
1290 1804 1415 1854 Heyse
1437 1804 1460 1841 l.
1485 1804 1510 1842 l.

844 1874 930 1912 pag.
970 1863 1045 1902 131
1090 1873 1157 1907 ea,
1203 1874 1299 1910 quae
1336 1861 1422 1898 inde
1461 1861 1509 1899 de

844 1918 1061 1967 Scytharum
1118 1922 1216 1954 terra
1261 1918 1508 1967 gentibusque

844 1975 995 2023 singulis
1015 1979 1253 2018 enarrantur,
1276 1987 1319 2011 ex
1337 1975 1508 2024 autopsia

845 2031 1004 2080 quadam
1021 2031 1178 2067 fluxisse.
1209 2030 1289 2067 Nee
1308 2030 1458 2067 dubium
1470 2031 1506 2066 in

846 2089 934 2124 istas
966 2087 1135 2135 regiones
1154 2087 1364 2135 pervenisse
1385 2087 1507 2124 Hero-

845 2145 989 2189 dotum,
1019 2156 1128 2192 quem
1154 2156 1394 2192 quaecunque
1410 2143 1505 2180 refe-

845 2204 904 2236 rat
951 2199 1005 2235 vel
1054 2200 1172 2249 ipsum
1209 2200 1345 2236 vidisse
1372 2199 1429 2237 vel
1459 2200 1506 2236 ab

845 2256 1029 2305 indigenis
1065 2256 1266 2293 Graecisve
1296 2255 1406 2293 Ponti
1446 2268 1507 2292 ac-

845 2313 932 2349 colis
950 2313 1134 2361 accepisse
1156 2317 1252 2349 recte
1273 2316 1432 2350 statuere
1451 2313 1506 2348 vi-

844 2370 952 2407 detur
979 2368 1155 2406 Niebuhr.
1188 2369 1329 2416 (Verm.
1359 2368 1506 2406 Schrift.

845 2427 885 2473 I,
923 2440 960 2477 p.
986 2426 1113 2471 355);
1147 2438 1303 2474 quocum
1333 2425 1506 2463 Herodo-

845 2487 921 2519 tum
950 2483 1119 2533 ponimus
1147 2483 1205 2519 vix
1231 2481 1328 2519 ultra
1358 2482 1505 2519 Olbiam

845 2551 1077 2590 progressum
1099 2551 1204 2586 esse,
1232 2551 1299 2576 nec
1319 2539 1355 2575 in
1371 2538 1506 2576 Tauri-

847 2609 925 2633 cam
954 2595 1203 2646 paeninsulam
1228 2595 1511 2645 Bosporumque

847 2653 1001 2690 venisse.
1050 2652 1099 2688 Et
1138 2652 1306 2688 laudibus
1336 2652 1423 2689 inde
1454 2652 1510 2688 di-

848 2722 959 2758 gnum
992 2708 1196 2745 iudicarunt
1223 2712 1366 2758 patrem
1396 2708 1510 2744 histo-

848 2767 923 2803 riae
959 2766 1147 2803 Mannert.
1184 2765 1235 2801 IV
1270 2779 1307 2815 p.
1349 2766 1414 2806 63.
1454 2766 1508 2804 67

848 2821 945 2868 (coll.
982 2821 1138 2859 Rennel.
1181 2835 1220 2872 p.
1253 2819 1354 2872 403)
1396 2827 1507 2869 atque

848 2878 1067 2916 Dahlmann.
1090 2878 1230 2916 Herod.
1252 2890 1337 2928 pag.
1361 2877 1441 2918 159
1459 2876 1514 2912 ob.
