1904 3304
435 243 518 282 294
851 235 1321 275 HERODOTI

104 359 143 386 tis
157 358 235 386 beno
251 365 381 397 pressos,

106 395 201 432 Araxe
228 395 382 418 transmis-

104 434 155 459 σιο,
183 434 212 453 ιη
237 433 303 452 eain
321 429 382 452 ter-

435 348 608 404 Ἀράξεα
644 347 712 391 ἐπὶ
749 350 833 403 γῆν
873 345 952 401 τὴν
982 346 1247 401 Κιμμερίην·
1301 343 1379 400 τὴν
1411 343 1494 398 γὰρ
1525 344 1608 385 νῦν
1635 341 1701 386 νέ-

440 437 597 477 μονται
618 418 822 470 Σκύθαι,
854 416 963 472 αὕτη
994 417 1159 472 λέγεται
1186 414 1235 459 τό
1261 414 1446 458 παλαιὸν
1471 411 1581 456 εἶναι
1597 416 1702 469 Κιμ-

105 467 169 486 ram
185 461 321 486 venisse:
348 458 383 485 il-

105 493 164 519 lam
209 492 383 519 Cimmerio-

105 534 169 553 rum
179 530 268 553 antea
278 525 382 553 sufuso:

131 559 358 587 cimmeriorum

122 594 231 627 populo
261 592 364 627 fugam

105 635 226 662 pugna,
261 627 383 661 regibus

106 665 232 688 mortem
250 659 322 695 fuga
333 668 383 695 po-

105 694 215 721 tiorem
230 693 323 720 visam
337 701 383 720 es-

107 736 157 754 ne:
185 728 317 754 tumulus
337 735 381 754 re-

106 769 175 795 gum
199 761 383 794 sepultorum

106 794 145 822 ad
164 794 277 830 'syram
291 815 299 828 ,

412 501 432 533 3
445 494 616 548 μερίων.

677 488 782 540 τούς
820 488 866 532 δὲ
895 486 1184 542 Κιμμερίους,
1233 482 1443 528 ἐπιόντων
1472 485 1758 534 Σκυθέων,75

441 561 756 620 βουλεύεσθαι,
794 556 852 610 ὡς
881 560 1068 612 στρατοῦ
1089 553 1288 606 ἐπιόντος
1308 555 1521 611 μεγάλου·
1552 557 1625 600 καὶ
1648 556 1701 613 δὴ

439 634 516 686 τάς
545 631 722 690 γνώμας
752 631 899 686 σφέων
928 627 1260 684 κεχωρισμένας,
1292 626 1498 678 ἐντόνους
1520 627 1599 683 μὲν
1623 626 1703 683 ἆμ-

441 705 653 762 φοτέρας,
700 700 863 758 ἀμείνω
903 701 949 745 δὲ
985 699 1066 755 τὴν
1101 702 1190 741 τῶν
1228 698 1467 753 βασιλέων·
1517 698 1596 755 τὴν
1626 701 1704 754 μὲν

440 776 521 832 γὰρ
553 774 605 832 δὴ
633 777 713 818 τοῦ
745 773 887 829 δήμου
918 772 1069 829 φέρειν
1097 768 1297 826 γνώμην,
1343 767 1402 820 ὠς
1440 767 1702 814 ἀπαλλάσσε-

439 853 546 892 σθαι
574 849 754 904 πρῆγμα
785 846 874 901 εἰἠ,
906 843 1012 900 μηδὲ
1041 840 1150 897 πρὸς
1179 839 1369 891 πολλοὺς
1389 839 1597 897 δεόμενον
1618 859 1705 886 κιν-
1718 848 1762 882 80

386 1019 463 1056 rimi
483 1019 540 1055 hic
560 1019 753 1067 accipiunt.
794 1018 853 1054 Cf.
874 1021 967 1054 nott.
997 1017 1044 1052 ad

390 1076 417 1122 Ι,
439 1078 532 1117 202.
572 1074 779 1112 Tzschuck.
800 1074 847 1110 ad
870 1074 946 1111 Mel
982 1072 1046 1118 ΙΙΙ,

387 1133 426 1178 5,
449 1133 485 1173 5.
512 1135 605 1168 nott.
638 1144 768 1180 exegg.
797 1144 832 1180 p.
865 1130 942 1169 148
964 1128 1045 1166 Vol.

387 1189 436 1225 ΙΙΙ
468 1189 507 1226 Ρ.
532 1187 595 1224 ΙΙΙ.
644 1188 805 1225 Heeren.
834 1186 946 1223 Ideen
977 1191 1047 1222 etc.

385 1245 416 1292 Ι,
438 1247 464 1284 2
483 1258 517 1295 p.
541 1245 623 1283 269
641 1244 720 1281 coll.
750 1244 912 1292 Koppen
926 1241 1048 1279 Nord-

387 1306 479 1350 gest.
501 1302 538 1337 d.
559 1301 666 1337 Pont.
685 1312 773 1350 pag.
791 1300 857 1339 73.
887 1299 936 1335 At
946 1298 1050 1335 Brei—

388 1370 454 1406 ger
474 1357 553 1405 (De
575 1356 635 1393 As.
654 1356 797 1393 Herod.
819 1368 905 1405 pag.
928 1357 980 1394 60
994 1367 1049 1403 sq.

387 1414 474 1463 66.)
497 1414 545 1450 ad
566 1414 706 1459 Oxum,
737 1414 799 1462 qui
820 1425 916 1449 nunc
933 1412 1051 1449 Gilwn

388 1474 548 1517 vocetur,
570 1475 733 1508 veterum
754 1469 852 1506 locos
870 1469 916 1506 de
934 1469 1051 1505 Araxe

388 1527 523 1565 relatos
556 1527 641 1563 vult.
673 1549 728 1555 »-
768 1525 826 1563 De
857 1525 1051 1562 Cimmeriis

390 1584 462 1620 vid.
493 1588 586 1620 nott.
615 1583 663 1619 ad
686 1583 712 1630 Ι,
739 1584 775 1622 6.
799 1582 848 1623 15
871 1587 907 1619 et
929 1582 1050 1619 Ukert

390 1641 529 1689 Geogr.
559 1640 594 1676 d.
616 1640 683 1679 Gr.
715 1651 748 1674 u.
767 1639 875 1675 Rom.
898 1638 926 1684 Ι,
958 1641 974 1677 1
1012 1651 1048 1688 p.

391 1699 456 1737 26.
510 1696 578 1732 Pro
605 1695 789 1743 BIongolis
818 1694 928 1732 habet
958 1694 1050 1732 Nie-

388 1753 492 1789 buhr.
511 1752 737 1789 vermischte
754 1751 899 1787 schrift.
920 1751 933 1787 Ι
961 1764 1049 1801 pag.

388 1811 482 1849 361.
498 1809 592 1850 364.
623 1809 930 1856 Herodotumque
945 1820 1050 1856 egre-

388 1866 448 1914 gie
469 1864 608 1915 lapsum
624 1879 703 1902 esse
715 1865 939 1915 pronuntiat,
952 1865 1051 1900 Cim-

388 1923 520 1958 merios
556 1922 772 1959 scribentem
812 1933 834 1957 a
868 1921 1051 1970 Bosporo,

390 1978 515 2028 Caspii
536 1979 646 2016 maris
664 1978 769 2015 litora
788 1978 967 2026 legenteS,
988 1990 1052 2013 au-

390 2036 528 2084 fugisse
574 2041 688 2083 atque
733 2047 800 2084 per
840 2033 1052 2071 Colchidem

391 2096 524 2129 terram
539 2119 550 2137 ‚
620 2091 742 2139 Halyn
803 2095 1054 2138 transgressos

393 2147 517 2184 Asiam
551 2148 750 2193 invasisse,
794 2160 876 2183 cum
904 2148 970 2183 hac
996 2147 1055 2184 via

393 2204 685 2252 ingredientibus
714 2216 806 2253 opus
832 2204 961 2241 fuisset
986 2216 1054 2241 na-

393 2261 495 2297 vibus
530 2261 692 2309 itemque
723 2260 881 2297 Caucasi
912 2265 1055 2298 montes

396 2317 595 2366 superandi
624 2317 771 2353 minime
801 2317 1056 2362 accessibile53

395 2385 515 2421 neque
537 2373 683 2409 omnino
708 2376 838 2420 gentes
867 2373 1056 2418 nomadas,

394 2433 576 2478 quotquot
617 2429 802 2477 Scythiam
849 2430 1058 2479 occuparint

395 2489 433 2522 et
452 2484 531 2522 aliis
552 2485 726 2535 deinceps
747 2497 768 2520 a
791 2485 964 2532 gentibus
978 2485 1057 2522 loco

394 2540 520 2592 pulsae
546 2541 701 2587 suerint,
732 2541 909 2577 orientem
931 2555 1056 2578 versus

395 2596 602 2634 discessisse
623 2597 758 2642 videri,
796 2598 861 2632 scd
890 2598 1056 2635 occiden-

394 2659 469 2690 tem
488 2666 612 2690 versus
632 2653 678 2689 ad
696 2652 853 2689 Danubii
874 2656 1055 2702 regiones,

393 2710 488 2746 idem
507 2709 729 2746 Niebuhrius
752 2715 887 2746 monet.
938 2710 1055 2747 Nam-

395 2779 467 2814 que
505 2766 782 2802 Cimmcriorum
821 2767 982 2814 vestigiis
1021 2768 1057 2803 iu

398 2822 567 2872 Bosporo
619 2822 823 2872 conspicuis
874 2823 918 2859 ab
970 2823 1057 2872 ipsis

399 2878 603 2916 Cimmeriis
634 2879 868 2916 denominato
898 2878 1059 2928 (quibus

1101 1014 1189 1064 ipsis
1208 1014 1440 1051 Herodotum
1459 1015 1495 1051 in
1514 1027 1673 1053 errorem
1694 1029 1762 1066 pu-

1103 1074 1158 1108 tat
1177 1083 1256 1108 esse
1275 1071 1442 1118 ductum)
1470 1071 1555 1108 nihil
1584 1072 1680 1108 atiud
1708 1073 1762 1110 es-

1103 1128 1162 1164 fici
1183 1140 1308 1176 posse,
1339 1128 1407 1164 nisi
1427 1134 1464 1164 ut
1481 1132 1621 1177 partem
1643 1142 1762 1178 quan-

1105 1184 1189 1220 dam
1209 1185 1328 1231 gentis
1349 1185 1416 1221 hac
1435 1186 1470 1220 in
1489 1189 1585 1221 terra
1603 1185 1763 1223 relictam

1105 1240 1216 1277 fuisse
1249 1241 1378 1277 credas
1407 1240 1534 1287 liceat,
1574 1254 1648 1290 quo
1671 1246 1765 1279 tem-

1106 1309 1197 1346 pore
1226 1297 1358 1334 Graeci
1389 1296 1508 1333 coloni
1537 1298 1764 1336 advenerint.

1109 1352 1175 1390 Cr.
1211 1353 1258 1389 de
1290 1353 1482 1390 Cimmeriis
1515 1353 1572 1390 hic
1609 1356 1765 1393 conferri

1107 1409 1185 1446 vult
1205 1409 1463 1447 Sehbnemann
1485 1410 1624 1460 Geogr.
1647 1411 1768 1461 Argo-

1108 1470 1226 1503 nautt.
1249 1479 1335 1516 pag.
1357 1469 1408 1507 29
1423 1479 1526 1516 seqq.
1573 1468 1767 1518 Sprengel.

1107 1522 1265 1572 Apolog.
1285 1525 1321 1560 d.
1340 1524 1556 1574 Hippocrat.
1580 1524 1611 1560 ΙΙ
1625 1527 1765 1574 p.619.

1107 1580 1290 1616 Mannerti
1312 1581 1501 1630 disputata
1515 1581 1562 1617 de
1574 1580 1641 1617 hac
1655 1586 1766 1629 gente

1106 1635 1274 1673 fabulosa
1293 1636 1464 1685 leguntur
1485 1637 1520 1672 in
1542 1637 1679 1686 Geogr.
1698 1639 1766 1676 Gr.

1107 1698 1143 1730 et
1160 1692 1302 1729 Romm.
1327 1693 1375 1730 lV
1393 1706 1428 1743 p.
1453 1695 1513 1732 10.
1538 1693 1592 1734 34
1611 1706 1690 1743 seq.
1711 1695 1765 1736 58

1108 1762 1208 1798 seq.,
1254 1751 1308 1786 cui
1350 1750 1436 1786 add.
1469 1749 1588 1786 Ukert
1625 1751 1765 1801 Geogr.

1109 1806 1174 1842 Gr.
1196 1810 1231 1843 et
1250 1806 1396 1845 Romm.
1417 1805 1445 1852 Ι,
1468 1808 1489 1846 1
1510 1818 1596 1856 pag.
1620 1809 1686 1848 26.

1167 1857 1353 1908 ἐντόνους
1400 1859 1471 1911 μὲν
1519 1858 1763 1914 α’μφοτέρας]

1110 1918 1129 1954 i.
1151 1932 1182 1956 e.
1212 1922 1396 1968 utramque
1423 1918 1681 1970 (sententiam)
1710 1922 1767 1957 in-

1110 1978 1255 2022 tentam,
1283 1977 1305 2012 i.
1324 1989 1355 2013 e.
1373 1978 1514 2022 acriter,
1537 1975 1685 2025 fortiter
1709 1976 1769 2014 de-

1101 2031 1254 2082 fensam.
1285 2033 1346 2070 Sic
1363 2033 1455 2070 infra
1475 2032 1535 2077 lV,
1562 2032 1635 2074 14:
1667 2031 1769 2073 ἐντε-

1109 2087 1286 2140 ταμένως
1307 2084 1608 2140 ἅμφισβητέειν.

1169 2143 1221 2192 ὥς
1252 2141 1580 2185 ἀπαλλάσσεσθαι
1606 2147 1769 2197 πρῆγμα

1114 2201 1191 2253 εἴη]
1224 2203 1282 2240 De
1300 2202 1481 2240 locutione
1500 2203 1594 2239 conf.
1610 2207 1703 2240 nott.
1719 2203 1766 2239 ad

1113 2259 1142 2306 Ι,
1162 2261 1228 2300 79.
1268 2260 1373 2303 Quae
1404 2263 1605 2308 sequuntur
1636 2259 1766 2296 verba:

1115 2313 1215 2366 μηὸὲ
1246 2312 1346 2365 πρὸς
1375 2311 1547 2360 πολλούς
1578 2312 1769 2365 δεόμενον

1115 2367 1387 2417 κινδυνεύειν,
1425 2372 1613 2419 negotium
1653 2373 1770 2409 faces-

1115 2434 1200 2466 sunt
1220 2429 1486 2477 interpretibus.
1533 2428 1585 2465 Ut
1605 2429 1699 2465 enim
1722 2429 1770 2466 de

1114 2497 1226 2536 prava
1248 2485 1422 2520 Gronovii
1443 2490 1579 2521 taceam
1603 2484 1771 2532 lectione,

1114 2555 1221 2591 quum
1263 2540 1450 2577 Modiceus
1464 2568 1474 2585 ,
1524 2541 1769 2586 Florentinus,

1114 2598 1172 2634 alii
1197 2604 1363 2633 tuentur:
1397 2595 1496 2647 μηὺὲ
1519 2594 1596 2648 πρὸ
1619 2599 1772 2637 πολλοῦ

1115 2648 1282 2703 δεόμενα
1308 2655 1426 2696 (cuius
1450 2653 1528 2690 loco
1551 2654 1628 2692 aliis
1648 2655 1771 2704 placu-

1114 2711 1185 2747 isse
1205 2711 1311 2747 video
1333 2708 1521 2759 δεομένου
1544 2713 1618 2748 sive
1639 2708 1770 2761 δεομέ-

1116 2766 1235 2814 νων);
1266 2780 1388 2804 vocem
1407 2763 1599 2817 δεόμενον
1619 2769 1698 2806 sine
1718 2766 1771 2803 ul-

1115 2823 1149 2859 lo
1169 2836 1294 2860 sensus
1308 2824 1528 2861 detrimento
1547 2825 1676 2862 abesse
1686 2836 1772 2874 pos-

1117 2892 1156 2915 si·
1195 2880 1329 2917 iudicat
1365 2880 1582 2931 Wesseling.
1619 2891 1772 2930 eamque
