1904 3304
423 273 508 313 574

819 267 1285 308 HERODOTI

394 381 471 424 Ξαὶ
516 379 561 423 δὲ
606 381 809 434 γυναῖκες
857 374 1003 421 αὐτῶν
1047 377 1200 428 ψέλιον
1238 376 1335 431 περὶ
1373 376 1552 434 ἑκατέρῃ
1592 381 1711 420 τῶν5

423 451 623 506 κνημέων
668 448 884 504 φορέουσι
930 447 1130 503 χάλκεον·
1189 447 1264 498 τὰς
1301 447 1492 502 κεφαλάς
1532 449 1576 492 δὲ
1611 464 1683 491 κο-

426 525 593 575 μῶσαι,
640 519 744 570 τούς
793 524 981 574 φθεῖρας
1020 519 1146 563 ἐπεάν
1185 517 1350 574 λάβωσι
1385 518 1486 570 τούς
1524 519 1684 574 ἑωυτῆς

396 589 586 644 3ἑκάστη
613 587 878 642 ἀντιδάκνει,
913 591 986 635 καὶ
1016 591 1129 634 οὕτω
1160 591 1308 645 ῥίπτει.
1352 584 1474 632 οὗτοι
1504 590 1548 633 δὲ
1579 594 1684 644 μοῦ-

424 677 496 704 νοι
540 659 719 716 Λιβύων
768 665 899 705 τοῦτο
950 661 1224 717 ἐργάζονται·

1292 660 1364 703 καὶ
1411 663 1474 716 τῷ
1521 660 1687 716 βασιλέϊ

424 734 587 786 μοῦνοι
616 731 694 782 τας
722 733 974 786 παρθένους
1003 730 1241 786 μελλούσας
1271 732 1512 773 συνοικέειν
1535 732 1685 774 ἐπιδει-

421 800 629 845 κνύουσι·
682 802 709 859 ἢ
743 803 788 846 δὲ
819 803 874 845 ἂν
902 807 962 861 τῷ
992 802 1161 858 βασιλέϊ
1190 802 1346 859 ἅρεστή
1376 802 1566 857 γένηται,
1596 801 1684 844 ὑπό
1699 810 1742 842 10

393 872 587 916 4τούτου
635 873 1032 928 διαπαρθενεύεται.

1099 873 1346 928 παρήκουσι
1397 873 1441 915 δὲ
1483 868 1604 916 οὗτοι
1645 873 1687 915 οἱ

420 941 727 1000 Ἀδυρμαχίδαι
769 942 845 986 ἀπ’
876 943 1104 999 Αἰγύπτου
1139 943 1261 999 μέχρι
1290 943 1482 999 λιμένος,
1522 947 1583 1000 τῷ
1613 941 1687 985 οὔ·

430 1153 589 1205 ψέλιον]
619 1154 880 1202 Significantnr
907 1154 1030 1190 armila

374 1211 450 1257 lae,
483 1215 629 1260 torquex.
671 1212 777 1247 Conf.
798 1211 957 1247 l'ierson.
982 1211 1029 1246 ad

371 1266 490 1304 Moer.
519 1281 556 1317 p.
585 1268 666 1307 420
691 1279 767 1314 seq.
801 1270 838 1302 et
871 1266 918 1302 de
944 1267 1030 1302 scri-

372 1327 481 1373 ptura
498 1323 596 1359 vocis
625 1325 727 1367 (nam
753 1322 810 1358 alii
844 1320 1029 1370 ψέλλιον)

373 1384 466 1416 nott.
498 1380 547 1415 ad
573 1380 754 1416 Herodot.
789 1377 859 1425 ΙΙΙ,
889 1380 954 1418 20.
974 1399 1030 1405 -—-

375 1434 543 1472 Eundem
563 1449 650 1472 vero
675 1447 810 1471 morem
838 1434 956 1471 adhuc
979 1435 1035 1471 in-

374 1495 431 1528 ter
457 1493 610 1529 feminas
644 1492 747 1540 regni
775 1489 942 1538 Angolae
972 1503 1036 1527 va-

374 1547 461 1595 lere,
486 1561 505 1585 e
525 1549 763 1585 recentiorum
784 1547 1035 1596 peregrinato-

371 1616 451 1641 rum
469 1605 660 1641 itinerariis
682 1604 844 1641 enotavit
861 1603 1033 1639 Larcher.

430 1657 525 1706 rotig-
559 1664 733 1710 φθεῖρας
772 1655 842 1698 ἐὰν
880 1655 1033 1709 λάβωσι

375 1730 410 1754 κ.
430 1731 460 1753 τ.
484 1715 533 1766 λ.]
576 1717 683 1752 Conf.
709 1716 770 1762 lV,
799 1717 878 1756 109
909 1716 1032 1763 ibique

375 1777 469 1809 nott.
511 1772 601 1808 Mox
633 1785 758 1810 omnes
788 1771 866 1808 libri
893 1771 1032 1821 ῥίπτει.

375 1828 459 1865 vid.
482 1833 575 1865 nott.
598 1830 646 1865 ad
670 1829 740 1875 lv,
774 1828 837 1868 94.
857 1849 912 1855 —
942 1827 1034 1864 Ver-

375 1885 461 1921 bum
489 1881 868 1933 διαπαρθενεύεται,
899 1884 968 1921 hoc
992 1895 1034 1919 ex

375 1941 456 1978 loco
487 1942 577 1978 citat
606 1941 730 1977 Pollux
759 1940 826 1986 ΙΙΙ,
850 1938 916 1980 42.
974 1939 1035 1976 Ad

375 1998 495 2047 ipsum
533 2003 784 2045 argumentum
816 1997 913 2046 quod
950 1996 1037 2032 atti-

375 2058 460 2099 net,
492 2053 601 2090 ltalus
622 2055 818 2102 interpres,
850 2052 962 2089 simile
981 2052 1037 2088 in-

377 2111 536 2146 stitutum
558 2111 593 2145 in
615 2109 926 2146 insula'scnerill'a
938 2121 1037 2145 com-

375 2171 554 2203 memorat
569 2167 729 2215 itemque
746 2166 800 2202 ius
820 2165 918 2211 illud,
936 2165 1037 2213 quod

378 2222 500 2258 medio
548 2235 639 2259 aevo
693 2223 850 2259 valuisse
899 2222 1036 2267 dicunt,

379 2278 473 2314 droit
509 2278 550 2314 tle
580 2280 764 2326 cm‘ssage,
818 2277 874 2315 vel
913 2278 1035 2327 potius

379 2334 469 2370 droit
491 2334 531 2370 de
556 2335 705 2382 cnloge,
747 2337 804 2370 ius
819 2336 957 2384 primae
975 2346 1037 2369 ηο-

380 2392 465 2433 ct2·s;
505 2391 553 2427 de
585 2404 656 2439 quo
687 2391 776 2439 quid
805 2390 1036 2427 statuendum

378 2447 444 2491 sit,
482 2459 577 2482 nunc
600 2448 757 2482 omnium
782 2447 919 2495 optime
945 2446 1036 2482 edo-

378 2503 450 2539 cuit
472 2503 726 2547 Mittermaior,
746 2503 979 2539 Grundsiitze
1001 2502 1036 2538 d.

380 2559 538 2606 gemein.
571 2559 768 2595 deutschen
795 2558 1038 2595 Privatrechts

383 2618 464 2653 lste
484 2614 591 2651 Abth.
615 2613 650 2664 ᾗ.
665 2618 716 2653 77
730 2628 766 2664 p.
788 2616 958 2663 213seq.
981 2615 1038 2651 ed.

379 2674 544 2719 quartae.
582 2670 701 2706 Alium
721 2683 856 2706 morem
877 2683 948 2706 non
971 2671 1039 2706 mi-

380 2740 449 2764 nus
470 2731 613 2777 turpem
631 2727 717 2763 Her.
739 2726 924 2774 referth‚
950 2728 1037 2766 172.

438 2784 496 2835 τῷ
541 2779 694 2832 οὕνομα
737 2777 895 2828 Πλυνός
933 2780 1037 2831 ἐστι]

385 2839 480 2875 Olim
503 2840 694 2884 ΙΙλεῦνος.
737 2837 892 2876 Πλυνοὶ
913 2843 1038 2887 portus

385 2895 483 2946 apud
513 2894 649 2944 Scyluc.
690 2893 726 2946 ὃ.
760 2897 837 2937 107
869 2906 956 2945 pag.
983 2893 1038 2936 45

265 1016 366 1062 169
423 1033 539 1071 νομα
570 1015 744 1066 Πλυνός
774 1016 872 1058 ἐστι.
925 1013 1105 1058 Τούτων
1134 1015 1179 1058 δὲ
1211 1015 1381 1070 ἔχονται
1415 1014 1686 1070 Γιλιγάμμαι,

1086 1153 1202 1189 Huds.
1222 1166 1258 1202 p.
1279 1154 1358 1192 308
1380 1153 1476 1189 Gail.
1508 1151 1554 1188 At
1579 1148 1744 1190 Πλυνόν

1086 1209 1226 1257 Libyae
1274 1209 1399 1245 urbem
1448 1213 1624 1245 memorat
1669 1208 1744 1255 Ly·-

1087 1265 1210 1313 coplir.
1250 1264 1353 1301 Alex.
1395 1265 1496 1307 149,
1552 1264 1613 1300 ubi
1648 1264 1744 1301 conf.

1087 1321 1220 1357 'l'zetZ.
1271 1320 1568 1357 Schliclithorslio
1597 1333 1631 1370 p,
1664 1322 1744 1360 120

1089 1378 1184 1414 idem
1217 1378 1362 1414 videtur
1389 1390 1467 1414 esse
1495 1381 1644 1426 portus,
1682 1376 1746 1424 qui

1095 1433 1265 1470 Panormi
1280 1434 1425 1470 nomine
1442 1434 1599 1469 obvenit.
1638 1431 1748 1468 Man-

1090 1494 1183 1527 nert.
1206 1490 1238 1525 X
1269 1504 1304 1539 p.
1325 1492 1396 1534 20,
1439 1489 1495 1525 hic
1524 1489 1570 1525 dc
1596 1487 1747 1525 convalli

1090 1558 1244 1582 arenosa
1257 1546 1490 1583 Catabathmi
1511 1545 1748 1593 cogitandum

1091 1607 1226 1640 censet.

1261 1658 1374 1707 Cap.
1415 1656 1578 1694 CLXIX.

1149 1709 1404 1765 Γιλιγάμμαι]
1443 1713 1639 1750 Fluctuant
1666 1712 1747 1749 libri

1091 1772 1213 1821 scripti
1234 1773 1269 1807 in
1287 1770 1353 1806 liac
1374 1782 1474 1806 voce.
1530 1769 1637 1818 Apud
1665 1769 1749 1805 Ste-

1090 1828 1201 1877 plian.
1226 1827 1316 1875 Byz.
1344 1838 1427 1874 pag.
1448 1827 1529 1866 273
1562 1819 1749 1875 Γιλιγάμ-

1093 1885 1184 1934 βαι,
1223 1895 1314 1932 gens
1332 1882 1473 1929 Libyae
1495 1895 1537 1918 ex
1555 1881 1748 1918 Herodoto

1091 1941 1241 1985 citatur,
1272 1951 1379 1987 quam
1401 1938 1641 1974 Marmaricae
1662 1949 1749 1973 orae

1093 2001 1130 2033 et
1159 1996 1381 2044 Cyrenaicae
1411 1999 1553 2043 partem
1588 1994 1748 2030 tenuisse

1093 2056 1267 2089 statuunt.
1301 2051 1358 2087 Cf.
1377 2050 1645 2086 Schliehthorst.
1663 2061 1749 2099 pag.

1096 2111 1175 2148 120
1197 2121 1273 2156 seq.
1304 2106 1459 2143 Rennel.
1478 2120 1513 2156 p.
1537 2107 1629 2146 (552.

1151 2164 1385 2213 Aphrodisias
1414 2162 1530 2199 insula
1557 2163 1655 2198 iuxta
1672 2160 1749 2209 Cy-

1094 2233 1207 2257 renen
1247 2223 1467 2257 memoratur
1510 2231 1530 2255 a
1561 2217 1749 2267 Stephano

1094 2278 1185 2325 B)z.
1204 2290 1288 2326 pag.
1309 2278 1386 2316 201
1408 2280 1445 2311 et
1465 2276 1613 2323 Scylace
1642 2287 1677 2323 p.
1695 2271 1748 2311 45

1092 2333 1213 2370 Huds.
1242 2346 1280 2382 p.
1312 2333 1393 2373 309
1414 2331 1531 2377 Gail.;
1572 2341 1679 2378 quam
1701 2328 1749 2364 ad

1094 2389 1319 2426 occidentem
1343 2389 1505 2436 Cyrenes
1537 2386 1640 2421 sitam
1662 2396 1750 2421 ean-

1094 2446 1178 2482 dem
1226 2449 1336 2493 atque
1380 2444 1583 2492 Drepanum
1633 2452 1748 2490 prope

1094 2501 1254 2539 Dernam
1280 2513 1359 2537 esse
1382 2501 1576 2536 arbitratur
1596 2496 1748 2533 Renncl.

1095 2558 1117 2594 l.
1151 2557 1173 2593 l.
1222 2557 1271 2593 At
1299 2557 1378 2592 mezi
1406 2567 1448 2592 ex
1486 2554 1668 2590 sententia
1702 2552 1748 2589 ab

1096 2614 1227 2650 orienti
1277 2613 1438 2661 Cyrenes
1497 2611 1586 2645 haec
1634 2607 1749 2645 insula

1097 2669 1308 2719 quaerenda
1350 2667 1445 2702 intra
1482 2666 1750 2702 Cherronesum

1097 2730 1134 2763 et
1162 2724 1450 2762 Naustatlimum.
1501 2722 1606 2758 Cous.
1642 2720 1752 2757 Man-

1096 2786 1186 2818 nert.
1207 2781 1252 2825 X,
1273 2784 1298 2821 2
1321 2792 1405 2829 pag.
1427 2780 1490 2818 60.
1519 2777 1657 2825 Thrige
1682 2776 1702 2812 Ι.
1725 2776 1748 2812 Ι.

1095 2851 1131 2888 p-
1166 2836 1256 2876 147.
1318 2836 1402 2878 Quo
1430 2834 1544 2882 magis
1572 2833 1749 2878 dolemus,

1095 2892 1344 2932 recentissimo
1381 2889 1646 2943 peregrinatori
1678 2888 1750 2926 Pa-
