1904 3304
494 232 1053 272 MELPOMENE.

1111 233 1174 271 IV.
1394 234 1475 275 281

207 342 359 402 γιτοῖου
389 342 552 387 τούτου
581 342 684 394 τοὺς
713 343 866 394 τοκέας
897 343 1071 398 λέγουσι
1102 340 1234 393 εἶναι,
1275 340 1373 397 ἐμοὶ
1400 342 1479 397 μὲν

208 414 261 459 οὐ
296 413 424 458 πιστοὶ
456 414 676 471 λέγοντες,
707 415 883 470 λέγουσι
914 413 956 458 δ’
987 409 1074 468 ὦν,
1105 415 1192 456 Δία
1221 428 1264 456 τε
1294 412 1367 456 καὶ
1396 415 1479 455 Βο-

178 486 446 540 Βρυσθένεος
475 490 557 530 τοῦ
587 491 787 542 ποταμοῦ
816 487 1051 542 θυγατέρα.

1110 485 1256 541 γένεος
1285 484 1363 540 μὲν
1393 501 1478 528 τοι·

208 556 344 600 ούτου
375 555 428 613 δή
458 574 575 608 τινος
604 556 808 614 γενέσθαι
838 557 916 601 τόν
940 558 1205 612 Ταργίταον·
1250 553 1413 599 τούτου
1433 555 1478 599 δὲ

207 627 412 684 γενέσθαι
447 631 606 679 παῖδας
643 634 776 683 τρεῖς,
822 627 1082 681 Λειπόξαϊν,
1122 628 1196 671 καὶ
1228 625 1478 683 Ἀρπόξαϊν,

179 701 284 744 4καὶ
324 699 541 745 νεώτατον
581 699 814 753 Κολάξαϊν.

150 905 200 943 sci
221 917 330 955 posse
356 893 547 943 statuentis
561 934 572 952 ,
614 905 643 941 si
662 905 810 954 quidem

157 961 276 1008 Turk,
308 961 449 1012 Iapheti
478 962 570 998 filius
591 961 812 998 'furcarum-

152 1032 223 1067 que
260 1018 394 1055 abavus
426 1031 500 1055 non
527 1018 690 1055 diversus
716 1020 762 1055 sit
791 1031 812 1054 a

157 1075 333 1123 Targitao
359 1075 550 1111 Herodoti.
599 1074 681 1112 Nec
709 1075 814 1112 aliter

153 1132 322 1168 statuisse
342 1132 447 1168 video
469 1131 537 1168 los.
558 1132 606 1168 de
626 1131 813 1168 Hzimmer.

153 1188 306 1232 (Gesch.
330 1188 365 1223 d.
379 1188 555 1225 Osmann.
578 1188 591 1224 l
610 1201 646 1238 p.
663 1190 718 1236 1),
740 1201 813 1237 quo

153 1250 300 1282 auctore
344 1243 462 1291 Turk,
502 1245 600 1281 unde
636 1245 814 1293 originem

154 1302 291 1337 ducunt
327 1300 487 1347 thrcae,
532 1301 634 1338 idem
665 1314 814 1351 prorsus

155 1363 266 1406 atque
291 1356 507 1406 TargitaztS,
537 1357 599 1406 qui
620 1357 656 1393 in
677 1358 813 1395 Genes.

154 1414 203 1460 X,
224 1415 247 1452 3
266 1420 415 1451 vocetur
442 1413 658 1462 Togharma.
700 1413 815 1451 Addit

154 1469 348 1507 Reichard.
382 1470 405 1508 l.
435 1470 457 1506 l.
493 1483 578 1520 pag.
611 1473 663 1510 12
695 1470 815 1507 adhuc

158 1525 333 1575 Targz'tai
358 1526 513 1563 nominis
543 1539 738 1576 superesse
763 1527 814 1562 vi-

155 1583 232 1620 deri
264 1583 445 1632 quaedam
475 1584 632 1631 vestigia
658 1583 694 1619 in
716 1583 814 1620 loco-

154 1652 231 1676 rum
252 1640 482 1688 quorundam
496 1639 814 1689 appellationibus,

154 1709 188 1733 v.
201 1710 230 1732 c.
245 1694 477 1744 Targowstza
499 1702 534 1733 et
550 1695 814 1733 Taraschtscha

155 1753 193 1790 in
215 1753 390 1802 gubernio
413 1753 540 1799 Kiew,
584 1752 619 1789 T
618 1754 754 1790 archan
777 1754 815 1790 in

157 1809 383 1846 Chersoneso
417 1809 597 1856 Taurica,
646 1809 815 1859 Tar-czyn

158 1867 194 1903 in
213 1866 393 1914 Volhynia
412 1878 453 1902 ac
475 1865 640 1904 Polonia.
672 1867 729 1904 De
742 1879 815 1915 quo

157 1921 267 1959 nolim
287 1934 356 1970 ego
377 1922 470 1959 serre
491 1922 672 1959 iudicium.
702 1922 816 1959 Barth

159 1978 249 2024 (Die
268 1977 432 2014 Kabiren
456 1978 491 2014 in
509 1978 758 2015 Deutschland
780 1993 815 2028 p.

162 2036 253 2075 168.
277 2035 379 2081 399)
404 2033 620 2082 Targitaum
641 2037 688 2072 ad
700 2036 818 2072 Grae-

159 2102 280 2127 corum
303 2091 412 2127 refert
430 2091 643 2138 Herculem,
680 2098 817 2128 utrum-

160 2159 231 2196 que
255 2146 301 2183 ad
322 2147 430 2183 deum
450 2147 566 2194 Thor,
598 2161 704 2197 quem
722 2148 819 2185 Ger-

159 2203 303 2240 maniae
325 2204 489 2240 nationes
507 2204 707 2241 coluerunt.

216 2258 374 2310 λέγουσι
405 2255 438 2298 ὁ’
467 2254 537 2310 ὦν]
579 2260 638 2297 Ad
668 2260 817 2298 locutio-

160 2329 242 2353 nem
268 2316 361 2353 conf.
392 2317 456 2363 ΙΙΙ,
481 2318 546 2361 80,
578 2318 699 2366 ibique
724 2322 816 2354 nott.

161 2372 215 2409 Ex
236 2373 304 2409 hoc
323 2377 445 2410 autem
465 2373 544 2410 loco
560 2375 691 2411 Ritter.
707 2372 819 2423 (Vor-

162 2428 255 2466 halle
283 2432 350 2466 etc.
377 2443 411 2479 p.
438 2430 535 2481 173>
565 2430 682 2480 colligi
710 2443 819 2480 posse

163 2489 307 2531 censet,
333 2485 459 2536 populi
480 2487 570 2524 hanc
591 2492 689 2524 certe
709 2487 819 2524 fuisse

164 2541 315 2588 famam,
346 2543 438 2579 inter
457 2543 694 2591 Borysthenis
715 2556 818 2580 acco-

166 2595 218 2632 las
245 2597 473 2646 divulgatam.
531 2601 603 2644 Qui
629 2601 723 2637 idem
748 2600 771 2637 l.
797 2599 819 2636 l.

166 2665 252 2702 pag.
267 2655 358 2700 172,
381 2654 457 2691 coll.
477 2654 568 2695 174.
593 2659 671 2697 177
694 2656 819 2704 Iouem,

168 2709 229 2756 qui
250 2709 306 2745 hic
326 2716 566 2759 memoratur,
598 2726 628 2750 s.
652 2714 731 2751 Δία
753 2726 819 2763 pro

167 2764 338 2802 indorum
357 2765 457 2803 Deva
475 2767 598 2816 habet,
618 2770 821 2818 Borysthe-

168 2822 297 2868 nisque
343 2822 431 2870 (qui
459 2836 559 2861 sacer
588 2826 633 2861 sit
661 2827 819 2875 fluvius)

170 2876 296 2924 filiam,
324 2890 344 2915 e
364 2890 435 2928 qua
455 2879 589 2930 Iupiter
603 2882 820 2931 Scytharum

884 699 976 742 Ἐπὶ
1019 699 1188 743 τούτων
1235 697 1472 755 ἀρχόντων,
1488 704 1534 739 70

869 908 1060 956 parentem
1076 904 1255 953 genuerit,
1278 904 1431 942 eandem
1452 916 1534 942 esse

869 962 944 998 vult
988 966 1101 1009 atque
1134 962 1286 1010 Apiam,
1337 974 1365 998 s.
1399 961 1534 997 Gaeam

870 1019 971 1066 (lv,
999 1018 1102 1065 59),
1142 1016 1305 1055 Maeotin
1336 1017 1435 1067 (lv,
1465 1018 1534 1066 3),

870 1088 1042 1124 maguam
1065 1075 1186 1111 Derim
1211 1080 1386 1121 matrem,
1424 1088 1444 1112 e
1467 1076 1534 1110 flu-

871 1133 929 1168 vio
961 1144 1086 1177 sacr0,
1115 1136 1152 1167 ut
1182 1132 1370 1178 ferebant,
1401 1136 1533 1177 ortam,

871 1201 953 1226 cum
984 1201 1079 1237 aqua
1107 1187 1179 1225 scil.
1218 1189 1378 1225 omnium
1408 1200 1534 1224 rerum

870 1245 1067 1282 haberetur
1091 1245 1318 1295 principium.
1372 1245 1535 1294 Koppen

872 1300 1152 1351 (Nordgestade
1175 1302 1209 1337 d.
1233 1301 1342 1338 Pont.
1362 1314 1447 1351 pag.
1470 1302 1534 1341 13.

875 1357 941 1405 14)
978 1357 1243 1407 Borysthenem
1275 1358 1431 1408 explicat
1464 1359 1535 1394 flu-

871 1415 967 1450 vium
998 1414 1343 1464 septentrionalem,
1385 1415 1449 1462 qui
1478 1426 1537 1450 se-

872 1470 1125 1520 ptentrionalis
1145 1472 1193 1507 sit
1212 1471 1348 1508 Avater
1361 1500 1371 1516 ,
1392 1470 1536 1507 Diodo-

872 1540 1024 1575 rumque
1064 1527 1175 1574 citat,
1236 1528 1297 1576 qui
1344 1527 1533 1577 Scytham,

872 1585 991 1632 gentis
1032 1588 1190 1620 satorem
1232 1596 1253 1620 a
1293 1584 1380 1621 Iove
1420 1588 1533 1632 atque

871 1640 1037 1677 Echidna
1060 1640 1201 1688 virgine
1222 1641 1332 1676 tradit
1360 1640 1536 1690 progeni-

871 1701 960 1733 tum.
1002 1696 1158 1746 Legitur
1188 1696 1287 1733 locus
1310 1696 1464 1734 Diodori
1490 1696 1534 1744 ll,

871 1752 948 1797 433
989 1767 1096 1802 quem
1124 1755 1349 1804 proferemus
1381 1754 1429 1790 ad
1456 1753 1534 1790 He-

871 1811 950 1846 rod.
970 1810 1032 1858 lV,
1055 1812 1092 1850 8.
1150 1810 1368 1859 Scytharum
1399 1811 1534 1847 famam

871 1879 952 1903 cum
974 1867 1016 1902 iis
1034 1879 1248 1915 congruere,
1283 1880 1379 1916 quae
1399 1866 1534 1903 Sinen-

872 1923 965 1959 sium
990 1924 1187 1973 scriptores
1209 1925 1384 1970 reserant,
1408 1926 1535 1960 monet

874 1980 1012 2016 G'otres
1033 1980 1314 2029 Mythengesch.
1337 1981 1352 2016 I
1380 1994 1417 2030 p.
1443 1980 1534 2020 199.

929 2031 1073 2074 τούτου
1106 2033 1147 2075 δὲ
1174 2035 1362 2087 γενέσθαι
1390 2035 1538 2081 παῖδας

874 2095 998 2142 τρεῖς,
1029 2089 1276 2140 Λειπόξαϊν,
1309 2091 1375 2130 καὶ
1397 2087 1536 2142 'Agund-

875 2149 964 2194 ξαϊν
995 2147 1062 2186 καὶ
1093 2145 1290 2187 νεώτατον
1313 2143 1534 2197 Κολάξαϊν]

876 2204 1082 2251 Pelloutier‚
1115 2219 1223 2254 quem
1243 2205 1349 2243 affert
1364 2205 1535 2242 Larcher.

876 2262 912 2297 in
932 2261 1030 2299 Hist.
1055 2263 1089 2298 d.
1113 2262 1206 2300 Celt.
1231 2263 1247 2298 Ι
1270 2277 1305 2313 p.
1328 2263 1429 2308 136,
1462 2265 1537 2299 ter-

875 2318 1072 2356 minatione
1115 2320 1228 2364 xaz'n,
1287 2332 1381 2368 quae
1418 2319 1535 2355 tribus

875 2374 972 2412 hisce
1001 2375 1205 2412 nominibus
1238 2375 1436 2412 communis
1474 2375 1535 2421 sit,

867 2431 991 2480 filium
1011 2431 1160 2469 indicari
1180 2433 1329 2478 statuit,
1367 2431 1474 2482 plane
1498 2435 1537 2467 ut

877 2489 913 2523 in
944 2486 1111 2525 Nostris:
1152 2488 1384 2534 Amlersolm,
1425 2487 1534 2525 John-

877 2544 984 2591 solm,
1024 2544 1113 2581 aliis.
1170 2544 1229 2581 Ad
1266 2546 1534 2583 Germanorum

877 2601 967 2638 deos
995 2601 1284 2650 antiquissimos,
1323 2614 1416 2651 quos
1439 2601 1534 2637 Asen

876 2656 986 2706 vulgo
1025 2662 1177 2703 vocant,
1232 2659 1369 2696 referre
1412 2657 1534 2708 placet

877 2713 1020 2751 Rittero
1045 2714 1216 2751 Vorhalle
1242 2728 1276 2765 p.
1308 2716 1398 2755 173.
1430 2714 1533 2759 3463

877 2783 951 2818 quo
990 2775 1137 2808 auctore
1171 2771 1270 2808 dicas
1302 2770 1533 2821 Lz'p-Asaz's,

881 2826 1091 2871 Kal-Asaak,
1114 2829 1136 2864 i.
1159 2841 1190 2864 e.
1208 2840 1347 2864 sacrum
1366 2827 1451 2864 solis
1470 2827 1534 2863 he-

878 2896 991 2922 roem.
1050 2884 1105 2920 Ex
1132 2884 1304 2933 indigena
1333 2883 1532 2921 Turcarum

1536 348 1619 383 xais,
1644 355 1662 374 a
1680 355 1738 383 quo
1757 348 1814 376 Ca-

1536 382 1607 409 tiari
1617 385 1647 408 et
1657 381 1815 417 Traspies;

1538 415 1695 450 Colania,
1728 417 1815 450 regni

1537 457 1703 482 successor,
1722 458 1740 477 a
1757 458 1815 485 quo

1536 483 1714 511 Paralatae:
