1904 3304
372 254 449 293 AD
499 253 836 292 HERODOT.
868 253 938 299 111,
974 255 1050 295 119
1079 252 1158 290 coll.
1189 252 1266 299 lv,
1299 255 1389 294 129,
1557 254 1642 294 657

131 382 175 406 ex
194 369 309 407 altero
325 379 400 405 non
424 367 551 417 possit.
609 367 712 404 Bene
741 366 837 403 enim
862 365 1012 404 Wexius
1041 366 1077 402 in
1100 363 1306 413 Prolegom.
1328 362 1398 409 lv,
1430 366 1484 405 22
1513 368 1588 402 not.
1613 368 1641 405 2

130 435 234 486 (T.1
262 449 298 487 p.
322 436 418 483 73):
476 435 600 485 „quid
635 435 806 481 tandem,
845 434 982 483 inquit,
1020 436 1099 480 est,
1143 445 1207 468 cur
1237 432 1335 468 dicat
1365 424 1440 468 ἀπ’
1483 427 1641 471 ἄλλον

133 500 290 553 φωτός,
324 515 454 552 quum,
485 504 514 540 si
534 503 626 540 filius
651 502 853 550 interisset,
882 515 955 539 non
976 512 1128 539 necesse
1151 502 1256 546 erat,
1292 502 1334 536 ut
1362 502 1401 535 et
1424 498 1552 535 coniux
1578 499 1641 537 de-

131 575 294 608 mortuus
314 575 431 618 esset,
469 572 578 608 immo
599 574 744 621 poterat
769 582 813 607 ex
836 569 968 608 eodem
993 568 1126 606 marito
1157 565 1247 603 alios
1274 565 1405 604 liberos
1429 565 1642 616 suscipere?

131 640 288 676 Causam
313 639 405 675 hanc
426 651 506 676 esse
523 639 768 688 suspicamur,
807 638 891 687 quia
912 636 1084 688 Sophocli
1111 634 1203 671 illius
1225 633 1382 671 feminae
1403 634 1643 673 Herodoteae

132 707 335 758 exemplum
365 707 599 744 obversatum
629 710 705 749 est,
745 706 803 742 cui
832 706 862 742 si
892 707 1040 742 fratrem
1072 702 1295 753 praeferret,
1339 714 1413 739 non
1446 701 1561 739 solum
1595 703 1643 741 de

129 772 346 821 liberorum,
389 775 454 811 sed
478 773 581 810 simul
600 774 647 811 de
674 773 838 822 coniugis
871 773 1010 810 iacturz'i
1038 770 1314 822 periclitandum
1346 773 1435 806 erat.
1447 769 1473 789 “
1531 768 1643 808 Prae-

130 845 231 878 terea
260 842 353 878 adeo
377 841 464 878 illud
488 846 614 890 argute
640 841 775 878 dictum
802 844 859 878 est
886 844 1035 889 tamque
1060 839 1170 886 longe
1198 850 1219 874 a
1249 836 1429 874 communi
1458 836 1643 874 hominum

130 921 238 946 sensu
265 911 438 947 recedere
466 910 631 954 videtur,
674 912 714 944 ut
742 909 833 944 duos
861 907 899 944 in
926 908 1021 944 idem
1045 919 1113 956 pro
1134 918 1173 943 se
1194 917 1377 953 quemque
1396 904 1566 942 incidisse
1586 905 1644 942 vix

130 977 282 1025 cogitari
301 978 427 1027 possit.
470 975 714 1019 *Exstiternnt
735 987 842 1020 sane,
881 978 924 1010 ut
944 986 976 1010 v.
996 987 1027 1011 c.
1049 972 1224 1020 Solgerus
1257 972 1318 1019 (cf.
1344 971 1645 1020 Nachgelassene

129 1044 311 1081 Schriften
340 1045 415 1081 und
442 1041 718 1089 Briefwechsel,
760 1042 978 1090 herausgeg.
1007 1054 1039 1077 v.
1059 1039 1104 1078 L.
1131 1039 1250 1077 Tieck
1279 1052 1315 1076 u.
1338 1039 1400 1075 Fr.
1417 1051 1451 1075 v.
1470 1040 1645 1088 Raumer,

132 1112 240 1152 1826
262 1111 307 1149 T.
326 1111 341 1148 Ι
361 1125 398 1162 p.
421 1113 564 1151 162-
580 1110 679 1157 166)
692 1139 701 1156 ,
734 1110 796 1159 qui
819 1109 931 1147 multo
950 1109 1122 1145 maiorem
1139 1107 1238 1157 apud
1256 1110 1398 1144 veteres
1417 1107 1569 1144 fratrum
1586 1120 1645 1144 so-

130 1191 325 1228 rorumque
346 1191 454 1228 quam
475 1179 670 1226 coniugum
690 1178 859 1226 adeoque
875 1176 1071 1214 liberorum
1094 1175 1403 1212 necessitudinem
1423 1175 1536 1213 fuisse
1558 1188 1644 1213 con-

129 1246 343 1292 tenderent3
365 1247 504 1296 optime
516 1250 638 1283 tamen
659 1245 740 1283 mezi
753 1245 899 1293 quidem
920 1243 1101 1281 sententia
1113 1242 1456 1279 God.Hermannus
1477 1243 1513 1280 in
1526 1243 1645 1281 Praef.

131 1315 221 1352 edit.
242 1318 327 1353 tert.
348 1313 496 1362 Antig.:
528 1326 648 1360 „nam
667 1318 704 1350 et
718 1312 944 1361 Antigonae,
973 1312 1112 1362 inquit,
1142 1309 1200 1347 illa
1218 1314 1256 1347 et
1274 1310 1504 1360 Intaphernis
1526 1311 1645 1348 uxoris

131 1382 334 1432 disputatio
358 1382 446 1430 quid
477 1382 575 1419 aliud
598 1393 707 1430 quam
728 1382 836 1419 etiam
852 1381 1033 1419 veteribus
1059 1380 1096 1415 id
1121 1377 1248 1414 mirum
1274 1390 1317 1414 ac
1351 1390 1469 1427 paene
1502 1379 1646 1416 inaudi-

131 1453 206 1486 tum
224 1449 340 1486 visum
361 1461 442 1486 esse
461 1449 647 1496 ostendit,
678 1450 706 1485 si
726 1448 854 1486 mulier
875 1449 1005 1486 marito
1028 1447 1184 1496 filiisque
1201 1446 1382 1496 potiorem
1404 1445 1555 1484 haberet
1573 1448 1647 1483 sra-

130 1514 286 1554 trem‘?“
342 1516 474 1564 Longe
497 1529 600 1553 secus
621 1520 678 1553 est
703 1517 739 1553 in
758 1517 901 1553 duobus
925 1517 1002 1553 aliis
1026 1516 1136 1562 locis,
1175 1514 1306 1564 quibus
1326 1513 1511 1550 Herodoti
1533 1513 1645 1550 libros

131 1583 324 1634 Sophoclis
355 1584 476 1620 animo
495 1584 712 1621 obversatos
733 1597 814 1622 esse
833 1583 942 1633 vulgo
964 1585 1177 1635 opinantur,
1217 1582 1351 1632 Oedip.
1375 1580 1461 1629 Tyr.
1483 1593 1516 1618 v.
1539 1580 1647 1623 1528

130 1671 178 1679 ·-
210 1651 340 1693 1530:

350 1721 443 1760 ὥστε
465 1724 610 1770 θνητὸν
635 1722 717 1760 ὅντ’
744 1724 884 1771 ἐκείνην
908 1726 978 1771 τὴν
1002 1727 1216 1761 τελευταίαν
1243 1726 1335 1760 ἰδεῖν

348 1779 491 1826 ἡμέραν
515 1781 809 1827 ἐπισκοποῦντα,
833 1783 969 1828 μηδέν’
995 1782 1151 1829 ὀλβίζειν
1175 1782 1261 1827 πρὶν
1287 1778 1334 1814 ἒὶν

349 1837 465 1883 τέρμα
488 1841 556 1874 τοῦ
582 1841 667 1886 βίου
691 1840 834 1888 περάσῃ
857 1839 974 1886 μηδὲν
999 1839 1170 1885 α’λγεινὸν
1194 1837 1352 1874 παθών.-

133 1916 170 1949 et
185 1911 319 1963 Oedip.
339 1911 468 1949 Colon.
492 1925 525 1950 v.
549 1915 654 1954 337:

351 1979 383 2020 (ὅ
406 1984 521 2020 πάντ’
548 1983 672 2021 ἐκείνω
696 1989 776 2027 τοῖς
800 1986 838 2022 ἓν
860 1987 1031 2033 Αἰγύπτῳ
1055 1985 1185 2030 νόμοις

353 2041 467 2087 φύσιν
492 2042 776 2079 κατεικασθέντε
800 2045 862 2080 καὶ
887 2046 971 2091 βίου
995 2043 1141 2090 τροφάς
1164 2057 1196 2078 κ.
1220 2045 1253 2079 ὲ.
1278 2046 1328 2086 λ.,

65 2164 68 2169 ,
134 2139 287 2176 quorum
306 2125 459 2164 alterum
488 2140 561 2164 non
589 2127 753 2177 intelligo
773 2143 838 2167 cur
863 2130 981 2167 minus
1008 2128 1155 2166 aliunde
1179 2140 1287 2177 quam
1316 2140 1360 2166 ex
1380 2126 1574 2166 Herodoto
1597 2131 1645 2178 II,

136 2194 190 2235 35
221 2198 387 2244 repetere
417 2196 527 2244 po'eta
556 2197 738 2245 potuerit,
779 2198 846 2233 nisi
876 2198 912 2234 in
944 2200 1046 2233 tanto
1082 2196 1296 2234 commercio
1329 2208 1395 2246 per
1416 2196 1647 2236 Herodotum

132 2262 287 2312 primum
302 2262 567 2312 Aegyptiorum
589 2275 710 2301 mores
728 2263 878 2302 Graecis
905 2265 1108 2302 innotuisse
1130 2268 1358 2310 statuamus3
1398 2263 1551 2303 alterum
1581 2278 1646 2303 au-

132 2332 207 2366 tem
226 2330 320 2367 adeo
340 2334 624 2368 consentaneum
645 2335 700 2369 est
720 2332 818 2370 vitae
838 2333 1017 2370 humanae
1038 2331 1262 2377 rationibus,
1290 2335 1330 2369 ut
1348 2333 1481 2369 multos
1501 2332 1588 2370 illud
1608 2337 1645 2371 et

134 2400 221 2434 ante
239 2397 415 2434 Solonem
435 2402 470 2436 et
489 2398 567 2437 sine
586 2412 630 2437 eo
648 2399 869 2438 intellexisse
884 2401 1047 2438 arbitrer.
1105 2400 1335 2449 Quamquam
1360 2399 1508 2436 minime
1526 2413 1642 2450 nega-

135 2465 268 2511 verim,
297 2464 441 2502 Solonis
462 2467 687 2516 potissimum
710 2468 821 2519 opera
851 2469 983 2506 sactum
1012 2480 1114 2515 esse,
1153 2470 1197 2504 ut
1219 2467 1318 2505 velut
1346 2467 1383 2503 in
1411 2467 1642 2516 proverbium

136 2531 254 2569 abiret
280 2534 519 2583 certatimque
544 2534 678 2572 deinde
706 2548 729 2572 a
755 2535 873 2585 poetis
901 2540 1158 2586 usurparetur3
1195 2540 1234 2572 at
1254 2534 1341 2571 illud
1359 2534 1475 2584 ipsum
1497 2535 1642 2572 Solonis

137 2612 219 2637 cum
237 2599 376 2638 Croeso
398 2601 616 2651 colloquium
629 2632 640 2650 ,
669 2603 768 2652 quod
790 2607 829 2640 ut
848 2616 871 2640 a
890 2603 1072 2642 Grauerto
1100 2604 1168 2652 (de
1186 2602 1333 2652 Aesopo
1360 2605 1397 2638 et
1420 2601 1550 2639 fabulis
1567 2601 1641 2640 Ae·

138 2666 252 2718 sopiis
270 2680 307 2717 p-
326 2666 380 2708 44
397 2669 521 2718 seqq.)
549 2682 667 2721 nuper
693 2671 730 2707 in
752 2670 1012 2709 dubitationem
1033 2674 1239 2708 revocatum
1259 2673 1336 2715 est,
1374 2668 1427 2705 ita
1448 2682 1470 2706 a
1491 2668 1645 2708 voeme-

138 2734 186 2772 lio
204 2739 330 2772 nostro
356 2737 570 2786 propediem
597 2739 767 2776 victriciis
797 2740 1019 2787 argumentis
1051 2739 1288 2784 defendetur,
1326 2735 1397 2773 alia
1418 2748 1565 2786 quoque
1586 2737 1644 2773 via

138 2806 285 2852 praeter
302 2803 482 2841 Herodoti
501 2807 746 2844 narrationem
764 2805 800 2854 I,
824 2807 877 2845 32
908 2805 957 2842 ad
975 2805 1167 2857 Sophoclis
1186 2804 1350 2841 notitiam
1367 2804 1558 2854 pervenire
1576 2816 1644 2854 po-

139 2869 219 2908 tuit.
276 2869 382 2909 Haec
406 2874 530 2909 tamen
558 2877 639 2911 utut
666 2874 760 2922 sint,
799 2873 848 2911 ad
876 2877 1039 2911 nostram
1068 2870 1318 2922 quaestionem
1346 2871 1464 2908 minus
1493 2869 1642 2916 faciunt,

224 2937 436 2974 HERODOT.
467 2938 514 2975 11.
1328 2936 1383 2979 42
