1904 3304
488 285 571 326 562

489 392 588 448 νέης
616 395 690 448 τῆς
718 390 940 446 Ἀρκάδων
971 399 1285 451 καταρτιστῆρα
1314 397 1565 453 ἀγαγέσθαι.
1604 400 1746 443 αἴτεον
1808 405 1890 448 353

884 284 1349 326 HERODOTI

489 458 552 504 ὧν
592 464 635 505 οἱ
666 465 933 520 Κυρηναῖοι,
972 465 1044 508 καὶ
1083 468 1126 508 οἵ
1153 468 1392 518 Μαντινέες
1420 469 1578 512 ἔδοσαν
1605 470 1745 524 ἄνδρα

488 537 577 575 τῶν
606 533 749 576 ἀστῶν
778 534 1079 590 δοκιμώτατον
1091 570 1100 586 ,

1144 539 1204 591 τῷ
1235 536 1404 592 οὔνομα
1433 533 1487 594 ἦν
1513 539 1745 597 Δημῶναξ.

460 598 631 654 4Οὗτος
669 598 732 647 ὦν
774 604 891 661 ὡνὴρ
933 603 1194 661 ἀπικόμενος
1226 606 1269 657 ἐς
1298 607 1375 663 τήν
1404 609 1632 667 Κυρήνην,
1673 611 1801 654 καὶ95

487 672 646 728 μαθών
670 675 839 728 ἕκαστα,
868 680 1000 720 τοῦτο
1026 677 1119 732 μὲν,
1145 677 1385 734 τριφύλους
1406 679 1576 736 ἐποίησέ
1596 694 1743 736 σφεας,

432 842 508 878 seq.
538 830 695 867 Kortiim
713 831 896 879 Beytriige
915 844 946 867 z.
961 831 1094 868 Gesch.

431 892 501 924 etc.
525 898 609 935 pag.
635 890 707 927 131
734 900 811 936 seq.
856 888 987 924 Incidit
1007 901 1091 925 vero

433 943 502 979 huc
520 943 557 978 in
578 955 662 979 ann.
688 944 769 984 550
790 957 822 980 a.
847 944 933 981 Chr.
957 957 992 980 n.

486 998 795 1051 καταρτιστῆρα]
865 1000 888 1036 i.
920 1012 951 1038 e.
989 1002 1090 1049 pacis

433 1055 753 1101 reconciliatorem,
825 1058 887 1106 qui
936 1058 1090 1106 ipsorum

435 1112 586 1148 dissidia
609 1115 828 1161 componeret.
874 1112 971 1149 Hinc
989 1113 1088 1162 apud

429 1167 585 1205 Diodor.
637 1169 827 1218 Excerptt.
868 1181 953 1218 pag.
1005 1169 1086 1209 550

430 1224 613 1271 (sragmm.
647 1224 727 1260 libri
748 1224 832 1261 vlu
854 1225 889 1260 in
908 1224 990 1272 fin.)
1012 1224 1088 1261 De-

429 1292 562 1316 monax
593 1280 721 1317 dicitur
748 1281 820 1329 τῆς
847 1282 928 1317 τῶν
953 1283 1086 1330 Κυρη-

429 1335 557 1373 ναίων
627 1331 800 1382 στοὶσεως
868 1334 1087 1385 διαιτητής,

431 1389 585 1430 συνέσει
603 1391 670 1430 καὶ
690 1390 926 1446 δικαιοσύνῃ
955 1393 1087 1432 δοκῶν

429 1446 649 1499 διαφέρειν.
697 1449 797 1485 infra
814 1449 861 1495 V,
882 1450 935 1489 39
956 1449 1088 1486 Milesii

431 1504 499 1540 sibi
523 1504 662 1551 eligunt
686 1505 811 1540 Parios
832 1505 1086 1553 καταρτιστῆ-

430 1574 512 1610 ρας.
560 1560 685 1610 Ipsum
712 1559 936 1596 Demonactc's
972 1558 1086 1611 (cuius

429 1616 538 1653 etiam
560 1617 659 1665 apud
681 1615 812 1653 Athen.
826 1615 889 1661 lv,
909 1618 960 1656 13
982 1629 1013 1653 S.
1030 1617 1081 1654 41

428 1685 516 1722 pag·
540 1672 619 1712 154
641 1672 687 1710 Ι).
712 1672 850 1710 mentio
871 1672 930 1718 fit)
952 1683 1086 1708 nomen

429 1728 595 1776 insigne,
634 1728 772 1778 quippe
790 1741 864 1776 quo
888 1740 950 1764 'rex
974 1728 1086 1776 signi-

430 1784 557 1820 ficatur
582 1785 726 1833 populi,
767 1783 871 1821 demi.
927 1782 981 1821 Ac
1010 1797 1086 1821 me-

428 1844 576 1877 morant
605 1840 890 1889 antiquissimum
921 1840 1085 1888 Cyrenes

428 1908 600 1942 numum,
629 1897 664 1932 in
685 1897 784 1933 cuius
803 1909 875 1933 una
896 1900 1000 1946 parte
1021 1908 1086 1933 ex-

429 1956 504 1988 stat
524 1953 945 1998 ΔΗΜΩΝΑΚΤΟΣ,
974 1953 1012 1989 in
1031 1951 1085 1989 al-

428 2011 506 2045 tera
538 2010 857 2055 ΚΓΡΑΝΙΩΝς
901 2021 1086 2057 quemque

428 2063 466 2100 in
492 2063 595 2100 huius
625 2065 736 2114 ipsius
758 2065 992 2102 Demonactis
1020 2065 1087 2101 ho-

426 2132 552 2156 norem
568 2134 760 2170 procusum
780 2134 859 2158 esse
870 2121 1087 2169 quibusdam

426 2176 570 2225 placuit.
621 2176 708 2213 Aliis
734 2178 959 2228 probabilius
984 2176 1086 2214 vide-

426 2237 508 2278 tur,
538 2245 704 2279 numum,
743 2234 806 2281 qui
831 2235 944 2270 multo
961 2237 1086 2283 poste-

425 2288 580 2324 rioribus
598 2291 821 2338 temporibus
836 2290 943 2327 suerit
961 2290 1084 2337 signa-

426 2347 505 2389 tus,
537 2357 611 2380 non
631 2346 677 2381 ad
695 2346 788 2382 hunc
805 2345 1083 2392 Demonactem,

426 2400 493 2435 sed
529 2400 578 2435 ad
614 2402 865 2449 magistratum
900 2402 1083 2450 quendam

426 2454 463 2491 in
484 2468 522 2492 rc
542 2455 684 2504 publica
715 2457 826 2493 libera
851 2459 1083 2495 constitutum

426 2512 572 2549 referre.
621 2513 703 2549 Yid.
734 2513 875 2562 'l'hrige
900 2513 923 2550 l.
945 2513 967 2550 l.
995 2527 1082 2564 pag.

429 2570 519 2607 173.
550 2567 639 2608 174.

482 2627 699 2674 τριφυλους
741 2622 903 2674 ἐποίησέ
943 2625 1080 2676 σφεας]

424 2678 509 2716 Hoc
530 2693 607 2716 eam
637 2682 706 2716 vim
732 2679 902 2718 habuisse
923 2683 1081 2727 videtur,

426 2740 467 2772 ut
496 2735 597 2785 plebs
627 2749 693 2786 per
726 2737 839 2773 tribus
872 2742 982 2787 atque
1015 2741 1082 2785 (ut

423 2790 639 2829 Aristoteles
660 2793 764 2829 Polit.
786 2793 859 2840 VI,
891 2794 916 2834 4
938 2792 1079 2844 adiicit)

421 2847 600 2896 phratrias
638 2849 820 2899 descripta
853 2850 979 2886 molius
1013 2863 1080 2887 sua

424 2903 500 2940 iura
525 2905 618 2941 tueri
645 2909 774 2955 posset
800 2910 925 2943 contra
950 2919 1079 2955 regum

1150 831 1335 870 arbitrium
1365 833 1542 884 simulque
1573 835 1669 873 cives
1694 839 1799 872 aute-

1149 889 1215 926 hac
1244 890 1412 927 disiuncti
1443 892 1569 938 (cum,
1612 892 1673 940 qui
1700 893 1798 941 prius

1148 946 1372 983 advenerant
1392 947 1521 992 coloni,
1552 949 1607 993 iis,
1636 949 1697 996 qui
1715 951 1800 997 post

1147 1008 1394 1048 accesserant,
1433 1004 1556 1039 maiori
1589 1005 1801 1040 auctoritate

1146 1058 1183 1094 in
1205 1059 1311 1095 rebus
1332 1059 1483 1108 publicis
1503 1060 1799 1096 administrandis

1144 1114 1299 1151 valuisse
1339 1115 1569 1163 videantur),
1618 1116 1688 1151 iam
1730 1115 1797 1151 sibi

1145 1182 1268 1206 omnes
1287 1183 1393 1220 pares
1408 1172 1564 1220 indeque
1579 1172 1800 1208 coniunctio-

1144 1238 1201 1261 res
1223 1226 1372 1273 fierent,
1399 1229 1556 1263 omnium
1579 1228 1715 1264 iuribus
1737 1239 1799 1263 ae-

1144 1282 1288 1330 quatis,
1325 1295 1442 1331 eoque
1467 1284 1670 1320 discordiae
1693 1283 1800 1319 semi-

1142 1350 1190 1373 na
1240 1339 1556 1386 exstinguerentur
1609 1340 1801 1385 omnisque

1142 1394 1362 1443 reipublicae
1397 1396 1512 1432 forma
1550 1396 1597 1432 ad
1626 1396 1798 1430 maiorem

1142 1450 1437 1498 aequabilitatem
1511 1448 1797 1499 popularemque

1144 1510 1277 1540 statum
1311 1505 1550 1552 redigeretur.
1603 1506 1660 1542 Cf.
1683 1505 1725 1541 C.
1749 1505 1798 1542 Ο.

1142 1558 1283 1596 Miiller.
1303 1560 1390 1597 Dor.
1414 1561 1445 1597 ll
1471 1574 1505 1611 p.
1529 1563 1594 1602 63.
1623 1560 1687 1601 64.
1745 1559 1800 1598 Ac

1142 1615 1257 1652 simile
1275 1617 1361 1664 quid
1381 1617 1416 1652 in
1435 1618 1545 1665 Syme
1574 1617 1689 1653 insula
1706 1618 1800 1654 acci-

1143 1671 1240 1708 disse
1258 1672 1370 1708 tradit
1388 1672 1538 1709 Diodor.
1560 1674 1604 1719 V,
1626 1675 1692 1714 53.
1737 1673 1798 1710 lu-

1142 1731 1237 1763 stum
1257 1740 1342 1764 vero
1363 1728 1398 1764 in
1417 1742 1461 1765 eo
1480 1742 1519 1766 se
1538 1729 1708 1779 praebuit
1722 1729 1798 1766 De-

1141 1796 1273 1820 monax
1289 1814 1299 1831 ‚
1334 1785 1456 1832 quod,
1486 1787 1547 1834 qui
1569 1786 1674 1834 primi
1698 1785 1796 1822 urbis

1143 1844 1268 1876 essent
1298 1840 1434 1886 coloni,
1483 1854 1546 1878 eos
1574 1843 1611 1877 in
1642 1842 1796 1891 primam

1142 1897 1322 1933 conferret
1341 1897 1472 1933 tribum
1503 1896 1601 1948 (una
1627 1910 1704 1934 cum
1731 1910 1797 1947 pe-

1142 1951 1270 1988 rioecis
1288 1953 1373 2000 suis,
1394 1953 1422 1989 si
1442 1954 1588 2002 quidem
1607 1954 1795 1991 'Pheraeos

1142 2008 1190 2044 ad
1211 2007 1363 2057 Libyam
1383 2011 1568 2059 profectos
1596 2010 1704 2047 etiam
1731 2023 1796 2059 pe·

1141 2065 1281 2101 rioecos
1320 2077 1404 2102 suos
1444 2079 1564 2103 secum
1602 2067 1796 2103 adduxisse

1142 2133 1221 2156 cum
1235 2121 1277 2157 C.
1293 2121 1338 2157 O.
1360 2122 1513 2159 Miillero
1537 2122 1558 2159 l.
1579 2122 1599 2159 l.
1621 2123 1795 2169 statuas),

1141 2177 1293 2214 ditiores
1313 2178 1392 2215 illos
1415 2179 1580 2227 quidem,
1610 2184 1647 2214 ut
1661 2179 1795 2228 proba-

1140 2232 1211 2270 bile
1231 2238 1308 2280 est,
1342 2240 1378 2272 et
1406 2234 1672 2284 opulentiores,
1711 2234 1794 2271 reli-

1139 2301 1232 2337 quos
1250 2302 1334 2326 vero
1356 2290 1502 2327 colonos
1524 2292 1652 2326 mixtos
1673 2302 1701 2326 s.
1723 2286 1792 2328 τόν

1141 2342 1280 2395 ὅμιλον
1299 2343 1428 2385 πολύν
1454 2347 1567 2393 (conf.
1589 2346 1650 2391 lv,
1678 2346 1790 2393 159),

1141 2415 1250 2450 quem
1280 2403 1357 2440 sine
1386 2403 1559 2453 perioecis
1597 2403 1792 2439 accessisse

1140 2459 1216 2494 vult
1242 2457 1381 2496 Miiller.
1404 2459 1424 2494 Ι.
1445 2458 1491 2503 l.‚
1528 2459 1564 2494 in
1593 2459 1792 2495 secundam

1140 2527 1182 2551 ac
1213 2515 1353 2551 tertiam
1387 2515 1519 2551 tribum
1549 2515 1791 2552 distribueret.

1139 2569 1273 2618 Neque
1299 2570 1402 2607 aliter
1423 2584 1488 2620 per
1505 2570 1687 2607 Arcadum
1708 2571 1794 2607 civi-

1138 2631 1231 2663 tates
1252 2626 1403 2672 liberas,
1433 2626 1685 2673 Mantineam,
1716 2627 1793 2664 'se-

1138 2695 1244 2730 geam
1276 2683 1542 2720 nuiltitudineui
1581 2697 1645 2732 per
1679 2684 1792 2720 tribus

1139 2739 1288 2774 divisam
1311 2739 1439 2785 fuisse,
1475 2739 1581 2777 valde
1600 2740 1639 2776 fit
1657 2740 1791 2789 proba-

1137 2794 1218 2831 bile.
1247 2794 1303 2831 Cf.
1328 2796 1480 2832 Kortiim
1501 2795 1523 2832 l.
1547 2795 1569 2832 l.
1591 2809 1678 2845 pag.
1698 2796 1789 2836 152.

1135 2849 1189 2886 Ac
1211 2851 1473 2900 Spartanorum
1495 2852 1698 2898 civitatem,
1723 2863 1789 2900 per

1136 2911 1208 2943 tres
1230 2908 1342 2944 tribus
1363 2908 1602 2959 descriptam,
1641 2912 1682 2944 ut
1700 2905 1786 2944 alias
