1904 3304
509 251 1077 291 MELPOMENE.
1138 251 1198 288 lV.

1402 251 1482 291 587

187 363 445 407 ςίθάλασσαν
491 362 666 405 ἐκδιδοῖ.
726 361 750 404 ὁ
790 361 835 405 δὲ
875 360 1013 416 λόφος
1052 355 1183 410 οὗτος
1223 358 1246 402 ὁ
1280 360 1488 411 Χαρίτων

217 433 352 484 δασύς
392 435 510 489 ἴδῃσί
551 433 662 485 ἐστι,
702 432 863 488 ἐούσης
900 435 976 487 τῆς
1006 431 1138 487 ἄλλης
1166 435 1240 487 τῆς
1269 446 1487 485 προκατα-

217 507 436 561 λεχθείσης
466 505 635 560 Λιβύης
673 508 816 560 ψιλῆς.

73 576 170 621 1Ἰ6
215 576 295 620 τόν
323 576 492 619 στάδιοι
524 576 738 632 διηκόσιοί
767 576 858 619 εἰσι.
898 573 1092 618 Μακέων
1122 575 1168 618 ὁὲ
1198 572 1365 617 τούτων
1386 573 1530 629 {xo-80

877 502 963 546 ἀπὸ
1001 502 1225 558 θαλάσσης
1264 503 1310 545 δὲ
1340 501 1382 552 ἐς
1413 500 1487 544 αὐ-

216 664 341 703 μενοι
372 647 583 698 Γίνδανές
620 649 724 690 εἰσι·
780 651 869 689 τῶν
904 648 949 688 αἱ
989 651 1192 701 γυναῖκες
1221 642 1489 700 περισφύρια

221 718 446 774 δερμάτων
483 718 623 761 πολλὰ
667 717 823 774 ἑκάστη
863 716 1036 772 φορέει,
1074 719 1184 762 κατὰ
1224 715 1394 760 τοιόνδε
1434 731 1489 767 τι,

217 789 275 840 ὠς
305 790 491 845 λέγεται·
522 786 620 831 κατ’
653 788 796 843 ἄνδρα
827 789 1011 832 ἕκαστον
1041 788 1248 844 μιχθέντα
1278 785 1490 842 περισφύ-

216 877 316 914 ριον
347 860 608 914 περιδέεται·
646 859 675 915 ἢ
706 859 746 903 δ’
780 859 834 903 ἂν
867 864 1043 902 πλεῖστα
1074 859 1163 914 ἔχη,
1197 858 1306 914 αὕτη
1337 857 1490 914 ἀρίστη

217 930 417 975 δέδοκται
464 929 596 983 εἶναι,
647 930 707 981 ὥς
754 929 841 974 ὑπὸ
887 931 1098 973 πλείστων
1143 926 1321 982 ἀνδρῶν
1362 934 1488 985 φιλη-

70 1002 167 1048 177
217 1007 357 1046 θεῖσα.
412 1000 566 1059 Ἀκτήν
606 1002 651 1046 δὲ
687 1001 963 1057 προέχουσαν
1000 1000 1043 1052 ἐς
1078 998 1158 1043 τόν
1185 999 1350 1045 πόντον
1378 999 1485 1044 τού-

161 1204 287 1254 nypsis
325 1205 534 1242 extenditur
571 1205 692 1241 adhuc
727 1205 822 1241 bene

163 1261 334 1309 irriguam
373 1262 533 1310 indeque
567 1262 696 1299 eximie
723 1261 824 1298 ferti-

163 1317 233 1354 lem
267 1330 346 1355 esse
386 1322 561 1365 testatur,
603 1318 663 1354 ubi
694 1317 825 1364 olivae,

161 1372 328 1424 palmae,
366 1373 456 1421 alia,
502 1375 581 1412 sine
607 1373 680 1410 ullo
709 1373 827 1410 homi-

161 1443 248 1466 num
283 1430 380 1467 cultu
410 1435 601 1477 crescant,
641 1443 825 1479 quamque

161 1486 267 1531 olim,
313 1487 373 1523 ubi
404 1487 528 1537 procul
556 1487 667 1524 dubio
697 1486 824 1524 melius

160 1543 270 1579 fuerit
310 1542 425 1589 culta,
477 1542 687 1580 fertiliorem
729 1543 823 1580 adeo

160 1599 272 1635 fuisse
292 1599 417 1635 credas
438 1598 542 1643 lieet3
572 1604 610 1635 ut
625 1611 714 1636 sane
727 1611 823 1647 quae

159 1654 299 1692 Noster
318 1654 380 1702 lV,
405 1656 483 1696 198
501 1656 657 1702 referat,
691 1656 740 1699 ad
758 1668 822 1692 ve-

162 1724 239 1748 rum
273 1712 436 1761 proxime
466 1713 641 1749 accedere
671 1712 824 1749 videan-

162 1773 230 1804 tur.
266 1789 312 1795 -
359 1767 418 1804 Ad
449 1767 667 1806 locutionem
701 1765 825 1815 δασύς

162 1823 271 1878 ἴδῃσι
294 1825 388 1863 conf.
409 1829 498 1861 nott.
521 1825 567 1861 ad
586 1825 649 1871 IV,
676 1828 766 1866 109.

316 1880 426 1930 Cap.
467 1880 666 1918 CLXXVI.

223 1936 437 1987 Γίνδανες]
480 1938 520 1973 ln
545 1951 616 1974 uno
642 1937 824 1975 Herodoti

164 1992 255 2028 libro
284 1993 497 2038 Γινδᾶνες,
527 1994 627 2042 quod
653 1995 748 2030 idem
771 1994 826 2029 as-

164 2050 234 2086 fert
256 2050 435 2099 Stephan.
455 2050 543 2097 Byz.
571 2063 598 2086 s.
618 2063 651 2086 v.
682 2063 718 2100 p.
742 2051 822 2089 273

165 2118 185 2143 e
208 2106 285 2141 solo
307 2105 370 2141 loti
395 2107 515 2142 fructu
543 2107 706 2143 victitare
734 2118 825 2154 gen-

164 2166 236 2199 tem
261 2163 446 2199 adiicienS.
486 2161 615 2207 Nulla,
647 2168 824 2211 quantum

165 2219 262 2267 scio,
301 2220 401 2268 apud
426 2219 515 2255 alios
535 2225 701 2256 auctores
723 2232 825 2256 men-

164 2276 214 2311 tio
250 2276 392 2323 gentis,
456 2288 564 2324 quam
605 2276 823 2312 maritimam

164 2332 276 2369 fuisse
299 2336 399 2369 recte
419 2337 533 2380 negat
550 2332 825 2369 Sehlichthorst.

165 2401 200 2437 p.
222 2386 300 2428 144
325 2401 367 2424 ac
383 2388 537 2425 Rennel.
560 2402 596 2438 p.
618 2391 722 2434 661,
763 2388 825 2437 qui

165 2445 356 2482 interiores
385 2449 519 2481 tractus
556 2445 651 2481 circa
687 2445 825 2490 urbem,

168 2512 260 2548 quae
281 2501 365 2537 olim
382 2501 562 2551 Cydamus
580 2500 692 2549 (teste
708 2501 826 2538 Plinio

169 2556 216 2591 H.
236 2556 284 2593 N.
303 2556 348 2602 V,
367 2558 412 2603 5)
433 2571 530 2595 nunc
551 2558 725 2595 Gadamis
744 2570 827 2608 per-

170 2612 312 2649 hibetur
346 2626 374 2649 s.
412 2615 636 2661 Gadzames,
676 2619 826 2663 gentem

169 2668 329 2705 tenuisse
374 2672 576 2720 suspicatur
629 2671 678 2708 ad
719 2672 826 2717 viam,

170 2737 264 2772 quae
286 2725 332 2760 ab
355 2726 442 2763 urbe
460 2727 616 2765 Tunisia
638 2740 734 2764 nunc
757 2728 826 2764 du-

171 2781 217 2816 cit
236 2781 283 2816 ad
296 2780 448 2828 Agadez
465 2788 500 2820 et
511 2784 676 2830 Kashna,
706 2784 826 2820 XXlll

171 2840 232 2872 aut
267 2836 390 2874 XXIV
432 2838 570 2876 dierum
609 2841 740 2879 itinere
780 2841 826 2877 ab

173 2893 261 2930 urbe
280 2892 459 2941 Tunisia3
495 2895 542 2933 ibi
571 2896 665 2934 enim
697 2897 828 2935 rudera

881 1201 1074 1252 grandium
1119 1201 1367 1239 aedificiorum
1406 1201 1546 1239 Roma-

881 1272 951 1296 nae
1003 1258 1133 1296 aetatis
1178 1258 1339 1308 conspici
1389 1262 1547 1295 testatur

883 1314 1078 1352 Abulseda.
1108 1314 1289 1351 Rennelio
1307 1314 1548 1364 adstipulatur

882 1371 1054 1410 Larcher.
1102 1372 1140 1408 in
1185 1371 1281 1408 Tab.
1324 1383 1452 1420 geogr.
1493 1393 1545 1397 -—

882 1424 1039 1468 τούτων
1076 1441 1156 1464 cum
1188 1428 1304 1464 Gaisf.
1346 1433 1383 1465 et
1411 1427 1545 1465 Matth.

885 1485 972 1523 dedi
993 1498 1060 1535 pro
1079 1482 1265 1522 τουτέων.

939 1543 1021 1579 τῶν
1047 1540 1091 1579 αἱ
1111 1545 1295 1591 γυναῖκες
1314 1561 1369 1568 -
1391 1537 1542 1590 φορέει]

882 1598 906 1634 i.
930 1610 961 1634 e.
995 1610 1139 1646 quorum
1170 1598 1331 1633 mulieres
1356 1595 1501 1645 fascias
1529 1609 1546 1633 e

878 1654 1031 1704 pellibus
1057 1654 1106 1690 ad
1125 1654 1254 1703 pedum
1281 1653 1458 1689 malleolos
1484 1666 1545 1701 ge—

881 1714 1000 1757 stant,
1030 1723 1264 1760 unaquaeque
1285 1709 1425 1747 multas.
1468 1711 1543 1747 Re-

881 1768 1022 1817 spexit,
1054 1768 1206 1817 opinor,
1249 1768 1347 1804 Sext.
1372 1767 1543 1817 Empiric.

880 1824 1048 1874 Hypoth.
1066 1824 1131 1870 Ill,
1159 1825 1212 1864 24
1233 1837 1269 1874 p.
1293 1825 1372 1863 177
1401 1824 1448 1861 de
1472 1823 1544 1860 Ae-

881 1881 1019 1930 gyptiis
1058 1880 1188 1917 similia
1222 1880 1394 1918 scribens.
1454 1879 1542 1917 Non

880 1938 976 1985 sugit
1008 1937 1189 1974 Herodoti
1233 1936 1333 1973 locus
1375 1936 1542 1973 doctissi-

882 2006 980 2029 mum
1049 1993 1364 2042 peregrinatorem
1430 1992 1542 2029 Pach.

882 2048 1044 2098 (Voyag.
1065 2054 1133 2086 etc.
1154 2062 1241 2098 pag.
1260 2050 1355 2094 71),
1395 2049 1455 2085 ubi
1475 2062 1543 2085 no-

882 2107 1051 2150 madum,
1095 2106 1156 2154 qui
1185 2118 1282 2142 nunc
1302 2104 1544 2142 Marmaricae

881 2162 1014 2198 veteris
1033 2166 1165 2199 terram
1188 2166 1433 2211 occuparunt,
1464 2175 1545 2198 rnu-

881 2217 987 2255 lieres
1004 2219 1128 2254 scribit
1144 2218 1262 2255 multis
1276 2218 1431 2265 annulis,
1452 2231 1544 2267 quos

883 2280 1034 2310 ornatus
1074 2287 1184 2311 causa
1230 2276 1335 2311 variis
1380 2275 1543 2325 corporis

882 2332 1048 2382 partibus
1068 2332 1227 2376 addunt,
1258 2331 1443 2369 delectari.

1035 2388 1146 2438 Cap.
1177 2387 1396 2425 CLXXVII.

938 2438 1077 2494 Ἀκτην
1126 2441 1168 2483 δὲ
1217 2443 1466 2495 προέχουσαν
1486 2467 1541 2472 -

882 2497 1144 2552 Λωτοφάγοι]
1191 2501 1307 2539 Sedes
1339 2502 1458 2550 gentis
1491 2502 1541 2538 ita

883 2557 1013 2594 definit
1042 2558 1173 2607 Scylax
1203 2571 1241 2608 p.
1265 2560 1319 2598 47
1355 2557 1475 2594 Huds.
1502 2571 1540 2608 p.

884 2615 967 2655 312
1003 2614 1118 2652 Gail.:
1176 2610 1261 2661 »τοὶ
1292 2611 1333 2652 δὲ
1365 2613 1436 2660 ἔξω
1469 2616 1542 2664 τῆς

884 2666 1081 2721 Σύρτιδος
1117 2672 1355 2719 παροικοῦσι
1389 2671 1543 2721 Λίβυες

881 2722 1128 2780 Λωτοφάγοι
1152 2727 1293 2774 ἔθνος,
1338 2725 1449 2778 μέχρι
1469 2728 1544 2765 τοῦ

884 2779 1073 2834 στὸματος
1130 2786 1204 2834 τῆς
1252 2781 1384 2833 ἑτέρας
1435 2779 1542 2834 Σύρ-

883 2841 1031 2887 τιδος.“
1060 2840 1151 2877 Plin.
1175 2841 1224 2877 H.
1244 2839 1296 2877 N.
1317 2839 1362 2887 V,
1385 2842 1430 2880 4:
1471 2840 1540 2885 „ln

885 2898 1011 2935 intimo
1030 2898 1110 2934 sinu
1123 2897 1260 2946 (Syrtis
1282 2897 1355 2934 scil.
1375 2896 1541 2943 maioris)

1546 432 1626 473 359

1542 570 1696 598 Gindanes
1705 592 1713 605 ,
1738 572 1821 598 iuxta

1544 604 1660 632 Macae.

1498 1005 1541 1040 85
1561 996 1745 1038 Lotopffgagi⁷
1768 996 1799 1022 in

1578 1036 1725 1058 maritima
1736 1039 1789 1058 Osa

1544 1065 1727 1093 Gindauum.
