1904 3304
404 236 489 276 286
803 231 1276 271 HERODOTI

405 342 568 400 μένων·
621 345 795 396 πτερῶν
833 340 919 397 γάρ
969 341 1045 385 καὶ
1083 341 1162 399 τήν
1207 345 1292 399 γῆν
1330 341 1404 385 καὶ
1445 340 1521 386 τὸν
1561 339 1702 397 ἠέραὸ

406 413 518 459 εἶναι
558 413 714 464 πλέον,
751 413 826 457 καὶ
867 416 1003 456 ταῦτα
1044 410 1158 457 εἶναι
1187 412 1239 456 τοὶ
1272 410 1567 470 ἄποκληῒοντα
1596 412 1676 469 τήν

406 485 523 536 ὄψιν.

312 550 345 594 8
522 554 699 600 Σκύθαι
739 555 818 611 μὲν
857 550 942 599 ὦδε
979 554 1088 610 ὑπὲρ
1129 555 1277 611 σφέων
1312 571 1357 599 τε
1397 552 1564 608 αὐτῶν,
1605 555 1679 599 καὶ

75 617 158 644 Grae
160 623 261 642 ccccc
277 614 352 642 Pon·
444 632 462 640 ι·
560 627 572 642 t
719 631 738 638 ›-
889 625 899 639 ι
1099 626 1108 639 e
1310 624 1321 640 r
1425 625 1435 639 r
1587 626 1598 640 x
1666 628 1679 642 ρ

74 649 352 689 monimum-ratio
411 646 486 686 της
514 644 656 684 χωρης
684 644 761 683 της
789 631 1037 681 κατυπερθε
1064 631 1241 682 λεγουσι
1261 641 1271 652 ·
1316 630 1527 682 Ελληνων
1557 628 1603 670 δε
1635 643 1677 670 οι

74 682 354 778 ξὲωίιῖὲιέἶέξιῖῗξέἶ
382 699 497 744 Ξτὸν
526 698 702 743 Πόντον
732 698 968 750 οἰκέοντες,
1007 692 1102 741 ὧδε.
1155 695 1395 752 Ἡρακλέα,
1437 695 1680 740 ἐλαύνοντα

89 760 106 778 e
162 760 170 777 ι
344 770 352 783 ,

77 785 220 820 Geryone
259 783 354 811 inter-

356 960 423 1000 31.
453 956 590 1007 Attigit
609 971 758 1008 quoque
778 956 899 994 Wahl.
922 956 1017 993 Erd-

357 1015 559 1053 besehreib.
575 1028 608 1052 v.
621 1016 772 1053 Ostind.
793 1028 829 1064 p.
845 1013 926 1057 495
940 1018 1014 1050 not.

567 1106 676 1156 Cap.
706 1106 803 1143 v111.

415 1184 456 1224 οἷ
491 1181 561 1223 τόν
603 1180 763 1223 Πόντον
806 1181 1020 1233 οἰκέοντες]

361 1241 515 1280 Pontum
541 1240 731 1280 Euxinum
763 1241 820 1278 hic
855 1240 1020 1289 intelligi,

358 1299 497 1337 monitu
524 1299 583 1335 vix
618 1311 721 1348 opus.
779 1297 896 1335 Paulo
938 1301 1022 1335 ante

360 1351 493 1394 αὐτῶν
546 1355 674 1405 scripsi
725 1368 793 1406 pro
854 1348 1021 1401 αὐτέων,

360 1411 613 1450 Gaisfordium
653 1424 696 1449 ac
735 1411 917 1451 Matthiae
964 1423 1022 1448 se-

361 1472 479 1507 cutus.

416 1522 608 1576 Ἡρακλέα
627 1521 845 1564 ἐλαύνοντα
865 1520 936 1570 τὰς
948 1526 1024 1573 Γη-

363 1577 513 1634 ρυόνεω
544 1580 664 1632 βοῦς]
720 1582 828 1632 Apud
867 1580 1023 1630 Dionys.

362 1638 544 1687 Perieget.
567 1639 648 1680 561
677 1639 795 1676 forma
820 1641 938 1676 exstat
959 1650 1025 1685 ge-

362 1695 468 1734 nitivi
497 1697 534 1732 Γ
528 1691 724 1745 ηρυόνος,
764 1695 825 1732 ubi
860 1693 917 1731 alii
948 1695 1025 1742 Γη-

365 1748 513 1804 ρύονος
539 1751 662 1801 (quod
684 1752 818 1802 probat
836 1749 1026 1788 Elmsleius

365 1810 414 1847 ad
456 1807 646 1858 Aristoph.
688 1808 842 1845 Acharn.
886 1803 1028 1854 1082),

365 1865 424 1903 alii
448 1867 485 1903 Γ
479 1860 675 1914 ηρυόνουε
706 1878 816 1914 quam
835 1863 1027 1901 formatio-

365 1935 450 1960 nem
471 1920 600 1959 Atticis
619 1935 700 1959 cum
721 1921 855 1959 labenti
875 1920 1028 1958 Graeci-

365 1983 445 2017 tate
465 1991 690 2016 communem
716 1979 829 2015 fuisse
857 1978 1029 2027 opinatur

366 2035 583 2085 Bernhardy
600 2036 648 2072 ad
667 2034 834 2083 Dionysii
857 2033 880 2071 l.
899 2033 922 2070 l.
940 2045 1027 2083 pag.

368 2094 463 2134 679.
518 2091 558 2129 ln
588 2092 805 2129 Herodoteo
835 2091 914 2128 loco
946 2089 1028 2126 libri

369 2149 492 2199 scripti
516 2161 590 2186 non
609 2150 796 2186 fluctuant.
827 2147 881 2184 Ac
896 2144 1028 2196 triplex

367 2205 524 2243 nominis
562 2205 744 2242 invenitur
774 2205 910 2241 forma:
950 2204 988 2240 Γ
982 2217 1028 2252 η-

369 2257 500 2313 ρυών,
552 2257 765 2311 Γηρυόνης
806 2265 845 2298 et
875 2262 1028 2309 Γηρυο-

368 2313 482 2365 νεύς,
521 2321 694 2355 monente
725 2316 946 2355 Tzschucke
981 2315 1030 2352 ad

366 2373 455 2412 Mel.
487 2374 559 2420 111,
593 2377 619 2415 6
648 2378 741 2410 nott.
777 2386 906 2422 exegg.
942 2384 1028 2422 pag.

369 2433 464 2473 182.
479 2452 530 2458 -
543 2430 726 2467 Observat
735 2429 938 2467 Larcherus
960 2424 1030 2473 τοὶς

369 2487 468 2538 βοῦς
489 2499 562 2523 non
582 2498 710 2523 vaccas
739 2486 809 2522 dici
833 2486 899 2523 sed
918 2484 1028 2530 boves,

372 2544 448 2581 sive
466 2544 565 2580 boum
580 2555 743 2591 gregem;
774 2541 854 2579 coll.
874 2540 1032 2590 Etymol.

374 2613 496 2648 magn.
525 2612 609 2649 pag.
634 2601 715 2639 473
746 2598 806 2634 lin.
828 2597 894 2637 34.
955 2596 1034 2635 Nec

375 2656 479 2694 aliter
499 2656 628 2693 eadem
652 2655 689 2691 in
712 2668 750 2691 re
771 2654 929 2703 loquitur
947 2653 1035 2690 Phi-

374 2713 514 2750 lostrat.
555 2712 591 2748 in
626 2711 790 2748 Heroicc.
829 2722 913 2760 pag.
957 2711 1035 2750 108

376 2769 544 2806 Boisson.
608 2767 669 2806 Tu
690 2767 763 2804 vid.
791 2766 952 2804 Fischer.
985 2766 1035 2802 ad

378 2825 527 2864 Weller.
547 2825 562 2861 1
579 2836 666 2875 pag.
690 2825 783 2865 369.
802 2825 897 2864 370.
939 2823 1037 2860 Infra

378 2883 535 2921 eundem
565 2881 602 2919 in
628 2880 777 2919 modum
799 2879 939 2918 Noster
966 2875 1036 2925 τοὶς

409 770 486 822 τὰς
508 774 551 814 Γ
546 769 744 825 not-oveco
775 772 905 826 βοῦς,
937 768 1172 814 ἀπικέσθαι
1203 769 1246 821 ἐς
1273 772 1359 825 γῆν
1387 767 1554 824 ταύτην
1582 768 1679 813 ἑοῦ·
1695 776 1737 809 10

1074 955 1234 1002 ἵππους.
1265 956 1306 992 ln
1325 969 1406 1005 sqq.
1427 955 1546 993 verbis
1571 951 1624 1002 ἤν
1648 970 1737 994 τινα

1075 1015 1153 1051 νῦν
1181 1008 1341 1051 Σκύθαι
1364 1011 1571 1062 νέμονται,
1602 1026 1739 1063 prono-

1075 1083 1160 1107 men
1182 1065 1289 1115 ὅστις
1311 1083 1378 1120 pro
1401 1069 1553 1119 simplici
1573 1065 1616 1116 ὅς
1637 1069 1738 1120 poni,

1076 1132 1117 1164 ut
1146 1127 1217 1174 lV,
1252 1129 1319 1167 41.
1354 1125 1430 1172 45,
1488 1126 1572 1163 alibi
1614 1130 1739 1163 monet

1080 1184 1215 1221 Struve
1254 1184 1363 1233 Spec.
1391 1182 1543 1225 Quaest.
1576 1184 1623 1220 de
1654 1181 1737 1219 dial.

1078 1240 1223 1278 Herod.
1252 1239 1268 1275 I
1299 1253 1335 1290 p.
1358 1241 1395 1278 6.
1438 1238 1497 1276 De
1516 1240 1596 1290 ipsa
1615 1238 1740 1277 fabula

1078 1296 1240 1347 pluribus
1289 1307 1474 1346 exponere
1518 1296 1675 1333 alienum
1718 1306 1740 1332 a

1078 1358 1204 1391 nostro
1228 1353 1406 1390 instituto.
1438 1352 1540 1390 Fecit
1560 1353 1641 1400 hoc,
1662 1363 1742 1390 mo-

1078 1414 1192 1448 nente
1206 1409 1287 1457 Cr„
1318 1410 1450 1458 Heyne
1468 1409 1516 1446 ad
1528 1408 1739 1460 Apollodor.

1079 1467 1126 1512 ΙῘ,
1151 1466 1189 1513 5,
1221 1469 1272 1507 10
1300 1478 1387 1516 pag.
1420 1464 1519 1513 159,
1551 1466 1608 1503 cui
1632 1466 1739 1504 adiic-

1079 1522 1297 1561 Tzschucke
1315 1522 1337 1559 l.
1354 1523 1378 1559 l.
1412 1523 1606 1572 ipsumque
1626 1523 1741 1560 Creu-

1080 1593 1152 1618 zer.
1167 1581 1203 1617 in
1216 1579 1380 1629 Symbol.
1393 1578 1424 1614 11
1441 1592 1476 1629 p.
1490 1579 1572 1621 250
1590 1592 1644 1628 sq.
1659 1576 1742 1620 434-

1081 1650 1136 1686 sq.
1162 1636 1224 1682 lV,
1251 1639 1318 1677 91.
1340 1637 1406 1677 93.
1440 1635 1670 1673 Add.Sturz.
1693 1635 1741 1672 ad

1082 1692 1281 1730 Hellanicc.
1299 1693 1466 1740 fragmm.
1484 1706 1519 1743 p.
1533 1695 1587 1732 20
1609 1706 1664 1742 sq.
1682 1691 1741 1730 ed.

1084 1763 1155 1787 sec.
1168 1771 1222 1777 —-
1233 1749 1340 1793 Quae
1356 1751 1528 1786 continuo
1546 1749 1744 1787 subiiciun—

1083 1811 1142 1844 tur
1177 1806 1224 1843 de
1255 1806 1437 1855 Geryonis
1478 1806 1651 1852 sedibus,
1701 1805 1744 1842 iis

1084 1863 1265 1900 contraria
1294 1862 1378 1898 olim
1403 1862 1606 1900 tradiderat
1622 1862 1745 1899 Heca-

1084 1924 1210 1965 taens,
1241 1923 1338 1956 teste
1347 1918 1501 1955 Arriano
1519 1920 1556 1957 in
1573 1918 1744 1968 Expedit.

1085 1976 1279 2014 Alexandr.
1311 1975 1357 2022 ll,
1390 1977 1441 2015 16
1474 1976 1538 2023 (cf.
1570 1974 1746 2013 Creuzeri

1084 2033 1282 2070 Historicc.
1303 2033 1494 2081 antiquiss.
1515 2033 1680 2082 fragmm.
1708 2044 1745 2081 p.

1086 2089 1139 2129 50
1160 2090 1280 2138 seq.)‚
1326 2089 1536 2138 Geryonem
1569 2099 1746 2138 regnasse

1086 2146 1247 2183 scribens
1258 2146 1353 2183 circa
1362 2144 1591 2183 Ambraciam
1607 2152 1646 2182 et
1658 2144 1746 2181 Am-

1086 2202 1321 2253 philochiam,
1356 2202 1455 2240 unde
1478 2206 1646 2239 armenta
1662 2200 1747 2248 My-

1087 2271 1195 2296 cenas
1226 2258 1371 2296 duxerit
1392 2257 1582 2295 Hercules.
1624 2257 1744 2300 Quam

1086 2315 1295 2366 opinionem
1323 2315 1371 2351 de
1392 2314 1573 2362 Geryonis
1601 2324 1747 2351 armen-

1087 2373 1135 2409 tis
1162 2384 1208 2409 ex
1233 2371 1438 2408 Acarnania
1468 2370 1606 2407 abactis
1635 2369 1748 2406 stabi-

1087 2428 1152 2465 lire
1173 2425 1491 2464 studetAristotel.
1516 2426 1575 2464 De
1594 2425 1745 2463 mirabb.

1089 2484 1292 2522 auscultatt.
1313 2495 1394 2533 cap.
1417 2481 1496 2523 145
1526 2496 1561 2533 p.
1583 2482 1666 2524 295
1687 2481 1747 2520 ed.

1089 2541 1335 2585 Beckmann.‚
1356 2539 1418 2576 ubi
1438 2539 1603 2577 diversae
1621 2551 1749 2576 recen-

1090 2598 1220 2634 tiorum
1240 2609 1284 2633 ea
1313 2596 1360 2633 de
1391 2608 1431 2632 re
1448 2596 1636 2645 opiniones
1659 2607 1748 2633 enu-

1092 2657 1288 2690 merantur.
1337 2649 1433 2688 Add.
1463 2652 1602 2701 Scylac.
1631 2650 1668 2703 ἓ.
1694 2652 1748 2691 26

1093 2710 1180 2758 ibiq.
1205 2709 1249 2745 ls.
1268 2708 1372 2745 Voss.
1401 2708 1500 2755 (vol.
1522 2709 1536 2746 I
1561 2721 1644 2759 pag.
1665 2709 1749 2749 367

1096 2766 1153 2803 ed.
1172 2765 1299 2811 Gaii).
1331 2766 1407 2802 Sed
1421 2765 1599 2803 Hecataei
1620 2765 1751 2802 adver-

1092 2822 1224 2859 sarium
1245 2821 1422 2859 Nostrum
1449 2822 1648 2868 exstitisse,
1687 2821 1748 2870 qui

1093 2878 1170 2916 eius
1189 2879 1338 2917 decreta
1356 2878 1455 2917 haud
1469 2891 1553 2916 raro
1570 2879 1680 2916 tacita
1691 2890 1749 2916 re-
