1904 3304
443 257 527 298 276

847 254 1326 293 HERODOTI

443 382 493 410 το
522 365 703 410 ποιέειν·
744 364 819 416 τὰς
847 363 1011 419 φλέβας
1039 379 1083 406 τε
1120 363 1395 419 πίμπλασθαι
1433 362 1714 419 φυσεωμένας

415 440 525 493 3τῆς
570 438 731 487 ἵππου,
786 434 860 478 καὶ
905 433 954 478 τὸ
1001 429 1148 489 οὖθαρ
1197 435 1435 477 κατίεσθαι.
1492 433 1622 477 ἐπεάν
1664 434 1712 478 δὲ

443 506 656 562 ἀμέλξωσι
677 505 725 549 τό
746 504 879 561 γάλα,
910 504 1129 561 ἐσχέαντες
1151 505 1192 556 ἐς
1216 503 1365 556 ξύλινα
1387 503 1543 562 ἀγγήϊα
1568 509 1708 558 κοῖλα,

442 578 516 622 καὶ
552 578 870 633 περιστίξαντες
913 575 1022 619 κατὰ
1064 575 1117 619 τὰ
1163 574 1321 632 ἅγγήϊα
1360 576 1463 628 τούς
1500 577 1709 633 τυφλούς,
1724 583 1769 618 30

415 649 653 693 4δονέουσι
680 647 729 691 τὸ
757 646 883 704 γάλα.
942 646 1016 690 καὶ
1052 645 1102 690 τὸ
1139 648 1218 702 μὲν
1248 643 1388 690 αὐτοῦ
1428 646 1711 704 ἐπιστάμενον

444 864 514 913 τοὶς
544 865 694 918 φλέβας
720 882 761 907 τε
787 867 1045 920 πίμπλασθαι

390 921 650 974 φυσεωμὲνας
682 927 753 976 τῆς
788 925 936 972 ἵππου,
977 926 1046 962 καὶ

387 977 432 1019 τό
465 974 598 1031 οὖθαρ
625 981 849 1032 κατίεσθαι]
893 981 1046 1018 Valcke-

387 1050 487 1074 naer.
509 1037 615 1074 scribi
634 1038 767 1076 mavult
787 1036 1047 1088 φυσεωμὲνης

387 1096 458 1143 τῆς
475 1092 601 1132 ἵππον
621 1108 664 1133 ex
682 1095 886 1141 Athenaeo,
917 1096 978 1143 qui
999 1095 1046 1131 ob

388 1163 512 1187 vocem
533 1143 667 1202 οὖθαρ
689 1152 778 1188 haec
797 1153 884 1188 citat
904 1151 970 1197 IX,
993 1153 1046 1191 60

387 1219 474 1256 pag.
504 1208 584 1247 399
618 1209 660 1244 C.
718 1208 817 1245 Libri
844 1208 1047 1244 Herodotei

389 1275 462 1299 non
480 1262 664 1300 addicunt.
708 1264 775 1300 Est
791 1277 879 1301 vero
899 1257 1047 1313 οὖθαρ,

388 1319 489 1367 quod
512 1319 558 1356 de
573 1319 689 1357 bobus
713 1320 865 1369 aliisque
886 1320 1049 1357 animali-

389 1376 456 1411 bus
472 1375 585 1411 rarius
604 1376 810 1421 adhibetur,
831 1376 925 1423 uber,
938 1389 1048 1412 mam-

388 1443 459 1478 ma,
495 1444 627 1479 sumen,
656 1433 754 1481 quod
779 1434 808 1469 si
836 1433 1048 1470 demittatur

388 1487 638 1537 (κατίεσθαι)
659 1488 713 1526 lac
734 1489 870 1527 facilius
886 1489 1046 1538 emulge-

386 1545 416 1581 ri
435 1557 545 1594 posse
576 1549 741 1596 apparet.
800 1546 925 1583 Simile
957 1547 1045 1594 quid

386 1601 422 1637 in
442 1599 575 1637 Arabia
601 1615 640 1638 se
659 1602 791 1639 vidisse
811 1607 934 1638 narrat
957 1601 1046 1639 Nie-

386 1656 480 1694 buhr
501 1656 700 1707 (Descript.
721 1658 767 1695 de
787 1657 807 1693 l'
826 1656 934 1694 Arab.
959 1671 1044 1709 pag.

389 1715 483 1760 146,
512 1718 606 1751 teste
626 1713 850 1762 Larchero);
880 1714 1044 1751 ubimul-

386 1773 497 1819 gente
531 1769 644 1808 altero
674 1770 767 1807 alter
795 1783 941 1807 manum
958 1771 1044 1808 bra-

381 1825 573 1875 chiumque
590 1827 626 1863 in
647 1839 778 1864 vaccae
789 1827 931 1864 vulvam
950 1828 1044 1865 inse-

382 1882 450 1928 rit,
483 1883 582 1931 quod
610 1881 705 1920 illam
734 1883 802 1920 hac
834 1883 1043 1921 titillatione

384 1939 576 1976 excitatam
606 1938 689 1989 plus
724 1939 825 1976 lactis
861 1940 1043 1977 edituram

383 1998 527 2045 putant.
546 1995 687 2038 Quibus
698 1997 842 2033 subiicit
854 1996 1044 2046 Schweig-

386 2051 604 2098 haeuserus,
642 2065 736 2101 quae
764 2052 891 2089 similia
921 2054 958 2089 in
981 2065 1046 2089 au-

388 2106 490 2144 strali
515 2107 658 2145 Africae
685 2110 933 2159 promontorio
963 2122 1045 2146 vac-

387 2164 438 2200 cis
460 2163 564 2209 fiant,
579 2177 686 2214 quae,
705 2171 898 2215 postquam
918 2166 1045 2203 adem-

388 2224 446 2256 tus
480 2220 526 2256 sit
554 2221 705 2267 vitulus,
744 2221 798 2258 lac
824 2222 912 2260 dare
942 2235 1044 2259 recu-

387 2280 489 2320 sent,
528 2281 675 2314 auctore
692 2277 826 2314 Kolbio
851 2279 887 2314 in
908 2279 1042 2328 Capite

381 2332 509 2368 Bonae
541 2333 629 2382 Spei
658 2334 834 2370 hodierno
871 2334 1042 2382 (Norim-

383 2387 484 2436 berg.
509 2390 636 2436 1719)
661 2402 743 2439 pag.
766 2389 858 2430 460.
892 2411 948 2417 ——
989 2391 1040 2427 Ac

383 2445 569 2494 pertinent
589 2444 658 2481 huc
676 2446 855 2494 Scythae,
899 2447 961 2495 qui
983 2447 1040 2483 di-

384 2503 517 2536 cuntur
537 2499 789 2552 Ἱππημολγοὶ
803 2529 814 2549 ,
844 2505 1040 2541 Γαλακτο-

383 2551 530 2607 φάγοις
570 2557 617 2594 de
638 2557 769 2606 quibus
790 2559 885 2595 conf.
904 2559 1040 2596 Strabo

385 2611 453 2648 Vll
475 2625 511 2662 p.
533 2613 614 2653 300
633 2626 659 2649 s.
678 2626 714 2664 p.
728 2614 809 2654 460
827 2615 870 2650 Β.
892 2616 1039 2663 Scymni

386 2667 471 2704 Chii
499 2669 663 2718 sragmm.
690 2682 741 2706 vs.
773 2673 863 2710 116.
919 2670 1038 2708 Nicol.

384 2723 554 2761 Damaso.
574 2726 739 2773 fragmm.
758 2739 793 2776 p.
816 2725 895 2766 140
912 2727 1037 2774 Orell.,

385 2792 431 2817 ne
450 2779 565 2831 plura.
597 2782 655 2818 Cf.
679 2781 740 2830 lv,
758 2781 822 2823 46.
854 2782 951 2826 Quin
971 2783 1038 2819 ho-

383 2836 517 2886 dieque
539 2838 636 2887 apud
658 2838 836 2875 Tartaros
860 2851 1035 2887 equarum

382 2891 438 2929 lac
463 2895 638 2943 praeferri
659 2907 849 2932 vaccarum
867 2894 951 2932 lacti
979 2899 1036 2932 te-

1102 870 1258 904 stantur.
1293 868 1400 904 Conf.
1422 867 1562 906 Coraes
1583 868 1664 905 loco
1684 881 1767 905 mox

1102 924 1288 961 laudando
1310 936 1395 974 pag.
1418 927 1512 965 280.
1537 926 1614 966 281
1645 937 1722 973 seq.

1160 979 1225 1019 καὶ
1254 979 1558 1031 περιστίξαντες]
1602 981 1655 1017 Ita
1685 981 1767 1018 Me-

1103 1037 1226 1074 ‹liceus
1239 1037 1402 1086 aliusque
1418 1038 1542 1075 codex.
1567 1037 1608 1073 In
1621 1035 1766 1084 Aldina,

1102 1094 1335 1139 Florentino,
1366 1093 1467 1130 aliis:
1507 1090 1763 1144 περιστήξαν-

1104 1164 1178 1196 τες,
1196 1150 1231 1186 in
1244 1150 1320 1186 aliis
1335 1148 1652 1199 περιστήσαντες,
1664 1150 1765 1198 quod

1104 1206 1150 1243 ab
1169 1207 1284 1243 Henr.
1304 1207 1494 1256 Stephano
1514 1208 1696 1244 invectum
1714 1206 1765 1243 sic

1104 1262 1414 1312 interpretantur:
1476 1262 1524 1298 ad
1558 1262 1766 1299 mulctmlz'a

1105 1332 1220 1355 caecos
1245 1318 1459 1355 collocantes.
1502 1319 1552 1356 At
1571 1319 1676 1356 nobis
1695 1319 1766 1356 hoc

1104 1375 1315 1412 vocabulum
1334 1376 1380 1412 ab
1400 1388 1443 1413 eo
1464 1376 1642 1413 intrusum
1661 1375 1765 1413 vide-

1103 1436 1183 1478 tur,
1224 1432 1285 1480 qui
1316 1445 1441 1469 vocem
1474 1432 1764 1480 περιστίξαντες

1104 1488 1304 1538 explicare,
1335 1493 1398 1525 aut
1420 1489 1524 1525 huius
1546 1490 1658 1539 ipsius
1682 1488 1762 1525 loco

1102 1544 1201 1581 aliud
1227 1545 1337 1593 idque
1361 1545 1428 1581 sibi
1456 1546 1578 1581 notius
1601 1545 1762 1582 vocabu-

1101 1601 1174 1637 lum
1197 1601 1415 1638 substituere
1444 1600 1616 1648 voluerit,
1656 1601 1763 1649 igno-

1100 1669 1185 1693 rans
1207 1657 1341 1694 scilicet
1367 1657 1458 1693 illius
1481 1659 1552 1694 vim
1576 1670 1618 1694 ac
1641 1657 1763 1693 notio-

1100 1726 1195 1751 nem.
1230 1713 1355 1762 ltaque
1374 1714 1506 1750 retinui
1518 1713 1762 1762 περιστίξαν-

1099 1784 1182 1816 τες,
1223 1770 1334 1818 idque
1362 1771 1491 1807 eodem
1518 1783 1651 1816 sensu,
1687 1782 1761 1819 quo

1099 1823 1461 1878 περικυκλώσαντες
1481 1824 1760 1877 (ci'rcwmlantes

1101 1887 1139 1920 et
1157 1881 1402 1933 collocantes),
1444 1895 1466 1920 a
1497 1883 1608 1920 verbo
1648 1897 1761 1933 περι-

1102 1939 1264 1986 στίζειν,
1295 1940 1394 1988 quod
1415 1939 1533 1989 ipsum
1557 1939 1759 1988 Schweigh.

1101 1997 1136 2032 in
1168 1995 1290 2032 Lexic.
1328 1996 1469 2033 Herod.
1501 1996 1650 2045 exponit
1679 2009 1760 2033 con-

1105 2055 1209 2089 tinuo
1227 2054 1313 2089 serie
1335 2054 1464 2089 circum
1487 2052 1666 2099 collocare,
1697 2065 1759 2089 ac-

1101 2108 1253 2147 cedente
1291 2108 1515 2146 Schneidero
1561 2110 1598 2146 in
1633 2107 1758 2146 Lexic.

1101 2166 1166 2202 Gr.
1198 2165 1299 2202 Idem
1315 2166 1463 2203 verbum
1480 2166 1575 2202 infra
1586 2163 1649 2208 IV,
1662 2167 1756 2206 202.

1156 2220 1223 2260 καὶ
1245 2218 1289 2260 τό
1310 2218 1382 2271 μὲν
1403 2216 1529 2260 αὐτοῦ
1554 2215 1756 2270 ἐπιστάμε-

1099 2277 1188 2329 νον]
1230 2273 1492 2327 ἐπιστάμενον
1518 2277 1575 2314 hic
1606 2282 1756 2313 vocatur

1097 2334 1206 2381 illud,
1255 2334 1355 2383 quod
1396 2335 1430 2370 in
1469 2333 1562 2369 laete
1598 2345 1755 2381 superne

1098 2395 1169 2428 stat
1188 2391 1262 2427 sive
1279 2393 1512 2439 supernatat,
1540 2390 1641 2437 quod
1655 2388 1751 2425 Galli

1097 2451 1229 2484 vocant
1248 2447 1286 2482 la
1305 2446 1413 2481 creme
1426 2475 1435 2490 ,
1460 2445 1559 2482 unde
1579 2444 1752 2482 Latinam

1097 2515 1220 2540 vocem
1263 2515 1392 2538 cremae
1426 2503 1602 2538 formasse
1640 2503 1752 2539 sertur

1094 2559 1334 2603 Fortunatus,
1372 2558 1464 2595 sexti
1498 2557 1631 2595 saeculi
1667 2562 1752 2608 post

1096 2615 1180 2652 Chr.
1203 2627 1235 2650 n.
1257 2619 1379 2664 poeta.
1427 2613 1536 2651 Italus
1558 2614 1750 2664 interpres,

1094 2671 1328 2721 Hippocratis
1371 2670 1479 2707 affert
1529 2671 1645 2708 locum
1692 2669 1750 2708 De

1094 2740 1165 2764 aer.
1189 2739 1246 2775 aq.
1268 2731 1303 2763 et
1323 2726 1409 2763 loce.
1430 2724 1465 2777 §.
1479 2725 1532 2767 94
1553 2725 1627 2774 [ubi
1645 2726 1748 2777 plura

1094 2796 1187 2819 nunc
1217 2782 1338 2819 attulit
1363 2784 1501 2821 Coraes
1530 2783 1577 2820 T.
1602 2783 1630 2819 11
1660 2795 1747 2833 pag.

1093 2841 1170 2880 281
1205 2837 1322 2888 seq.],
1363 2840 1492 2877 eadem
1532 2839 1748 2885 enarrantis,

1092 2896 1249 2943 itemque
1268 2896 1457 2943 observat,
1498 2907 1672 2945 equarum
1691 2894 1747 2931 lac
