1904 3304
253 281 338 322 650
723 279 1296 317 EXCURSUSIV

253 393 347 429 kaur
369 396 406 430 et
423 391 542 430 Cabul
556 421 567 440 ,
600 393 758 440 indeque
780 391 1025 429 Gandaricam
1046 392 1230 442 pertinere
1256 392 1331 428 vult
1356 393 1404 429 ad
1422 392 1644 443 provinciam
1667 390 1760 429 Can-

253 460 391 504 dalem,-
420 473 513 510 quae
534 459 733 510 appellatio
753 472 980 497 communem
1007 460 1165 509 prodere
1186 460 1352 497 videatur
1379 460 1576 508 originem,
1620 460 1761 510 Caspa-

253 531 372 578 tyrum
391 528 518 565 urbem
539 528 699 576 denique
726 528 773 563 ad
803 528 900 577 ripas
925 527 1104 578 Choaspis
1133 527 1222 577 (qui
1247 528 1486 564 recentiorum
1513 532 1569 565 est
1596 527 1759 565 Causch-

254 594 372 646 kaur)
405 596 512 632 sitam
544 596 657 633 suisse
689 595 912 645 suspicatur,
951 595 1112 643 quamvis
1138 595 1175 631 in
1204 600 1310 632 tanto
1337 600 1539 645 temporum
1571 595 1759 633 intervallo

253 676 445 712 rerumque
469 662 676 700 discrimine
696 664 753 700 vix
772 663 861 700 certi
882 663 969 712 quid
996 663 1107 699 statui
1128 663 1256 712 possit.
1314 663 1542 700 Hodiernum
1564 662 1761 713 Kaschmyr

251 730 466 768 Herodoteo
492 730 689 781 Caspatyro
720 731 873 768 indicari
903 742 1020 780 nuper
1045 731 1171 767 statuit
1201 730 1229 768 Ι.
1257 731 1304 768 de
1327 731 1515 768 Hammer.
1543 732 1580 768 in
1613 731 1759 768 Annall.

252 797 466 836 Viennenss.
485 797 563 835 Vol.
585 798 635 836 LI
656 812 691 849 p.
712 801 777 839 36.
836 798 957 848 Atque
982 797 1026 836 A.
1056 798 1104 834 G.
1129 798 1308 848 Schlegel.
1337 811 1485 848 quoque
1513 798 1664 842 (Berlin.
1684 798 1763 835 Ta-

252 867 399 905 schenb.
420 868 526 908 1829
546 881 582 917 p.
606 870 678 916 17)
700 867 824 904 urbem
845 865 1037 917 capitalem
1055 866 1214 915 regionis
1236 866 1439 917 Kaschmyr
1456 866 1653 915 significari
1671 864 1761 911 vult,

250 947 443 985 perperam
461 935 632 973 adiiciens
658 935 751 972 hanc
770 935 944 973 Heerenii
968 947 1049 973 esse
1069 935 1312 983 sententiam,
1352 942 1459 984 quam
1481 933 1587 972 aliam
1611 945 1761 984 prorsus

252 1015 333 1041 esse
355 1015 464 1054 supra
485 1003 650 1041 vidimus.

638 1379 1235 1428 EXCURSUS
1307 1379 1376 1426 lv

519 1495 624 1533 An
696 1495 1193 1534 HERonoT.
1264 1493 1335 1540 ιιι,
1403 1492 1493 1533 115.

331 1720 430 1764 οὔτε
465 1721 628 1777 νήσους
667 1719 767 1766 οἶδα
796 1723 1107 1776 Κασσιτερίδας
1137 1718 1318 1772 ἐούσας,
1356 1719 1402 1762 ἐκ
1432 1721 1520 1762 τῶν
1554 1716 1577 1760 ὁ
1617 1718 1760 1761 κασσί-

415 1805 536 1844 τερος
567 1788 672 1845 ἠμῖν
701 1793 846 1846 φοιτᾷ.

359 1882 418 1920 De
438 1882 492 1919 his
513 1883 655 1930 insulis,
686 1882 757 1919 alia
775 1886 815 1919 ut
833 1886 997 1929 taceam,
1030 1882 1194 1932 inprimis
1217 1881 1451 1931 disputarunt
1472 1877 1688 1917 Tzschucke
1712 1878 1761 1915 ad

246 1949 424 2001 Pompon.
444 1949 532 1988 Mel.
552 1951 623 1998 ΙΙΙ,
655 1953 679 1990 6
708 1948 745 2000 §.
765 1951 791 1990 3
821 1954 915 1986 nott.
946 1962 1077 1998 exegg.
1107 1963 1144 1999 p.
1170 1948 1409 1989 184—189
1445 1946 1524 1985 Vol.
1550 1946 1600 1983 111
1630 1946 1671 1983 P.
1698 1946 1760 1984 ΙΙΙ.

246 2018 405 2055 Heeren.
429 2018 541 2056 ldeen
562 2019 614 2065 ΙΙ,
649 2020 667 2057 1
692 2031 726 2068 p.
752 2019 829 2058 173
846 2040 895 2046 —
914 2018 1004 2058 177.
1051 2017 1086 2063 Ι,
1111 2018 1137 2055 2
1155 2030 1193 2067 p.
1213 2015 1266 2056 55
1287 2021 1326 2053 et
1342 2015 1385 2052 A.
1405 2014 1535 2064 Vogel.
1563 2015 1600 2051 in
1620 2014 1760 2052 Erschii

246 2090 283 2123 et
301 2086 459 2123 Gruber.
488 2085 757 2136 Encyclopaed.
785 2085 868 2122 Vol.
887 2084 975 2121 XXl
1005 2098 1042 2134 p.
1064 2086 1142 2125 109
1164 2096 1291 2133 seqq.‚
1322 2083 1383 2119 ubi
1403 2082 1625 2130 afferuntur,
1664 2094 1761 2132 quae

245 2158 282 2191 et
302 2153 496 2203 antiquiori
522 2158 559 2191 et
586 2154 777 2191 recentiori
805 2157 927 2190 aetate
955 2152 1002 2189 de
1032 2152 1088 2188 his
1107 2151 1249 2202 prolata
1272 2155 1366 2188 sunt.
1422 2150 1520 2188 Nam
1547 2163 1595 2188 ne
1619 2156 1759 2189 veteres

244 2221 406 2270 quidem,
436 2221 498 2271 qui
518 2220 630 2258 multo
651 2225 738 2272 post
757 2221 988 2259 Herodotum
1007 2220 1063 2258 vel
1084 2221 1132 2257 de
1155 2219 1332 2256 industria
1348 2218 1407 2256 vel
1426 2218 1545 2256 obiter
1569 2218 1760 2256 occasione

243 2292 389 2325 tantum
411 2288 555 2336 oblata,
585 2290 631 2326 de
658 2290 713 2326 his
743 2289 888 2335 insulis,
930 2289 1028 2325 unde
1060 2286 1249 2338 plumbum
1277 2287 1420 2333 veniat,
1461 2286 1681 2333 retulerunt,
1711 2286 1759 2323 de

246 2355 318 2392 situ
338 2354 465 2391 harum
493 2357 689 2394 insularum
718 2370 913 2395 numerove
938 2356 1172 2395 concordant.
1230 2355 1394 2398 Quorum
1412 2355 1459 2391 ad
1480 2353 1620 2391 Indiam
1644 2365 1759 2401 usque

248 2425 312 2474 qui
329 2424 536 2473 relegarent
562 2424 827 2471 Cassiterides‚
858 2437 932 2462 non
955 2425 1163 2461 defuerunt.
1213 2422 1335 2472 Magis
1354 2423 1402 2460 ad
1420 2434 1542 2459 verum
1563 2420 1758 2459 accessisse

249 2491 439 2538 videntur,
479 2491 541 2540 qui
572 2495 676 2529 extra
707 2493 833 2529 Gades
868 2492 1144 2541 Herculeasque
1179 2491 1363 2529 columnas
1393 2502 1503 2539 supra
1530 2488 1757 2525 Lusitaniam

251 2559 539 2610 septentrionem
561 2572 685 2597 versus
705 2560 751 2596 ab
774 2560 892 2597 Iberia
918 2574 962 2599 eo
991 2562 1029 2597 in
1047 2559 1158 2606 mari,
1197 2559 1298 2607 quod
1319 2558 1368 2596 ad
1388 2557 1615 2594 Britanniam
1639 2569 1757 2606 usque

250 2627 392 2674 tendit,
432 2626 568 2664 insulas
591 2627 667 2665 illas
689 2628 776 2665 sitas
803 2640 882 2665 esse
912 2629 1190 2666 contenderent.
1249 2627 1280 2664 V
1284 2627 1331 2663 id.
1352 2626 1524 2662 Strabon.
1543 2624 1591 2660 Ill
1615 2637 1652 2674 p.
1672 2625 1755 2665 219

249 2710 278 2733 s.
301 2693 380 2736 147
400 2709 436 2746 p.
462 2696 543 2738 265
563 2709 593 2735 S.
612 2696 703 2737 175.
761 2695 794 2732 ll
814 2708 851 2746 p.
873 2698 949 2736 191
973 2709 1000 2732 S.
1023 2697 1102 2736 129
1127 2709 1163 2745 p.
1186 2696 1261 2735 181
1283 2708 1312 2731 s,
1338 2696 1428 2733 120.
1472 2691 1624 2730 Diodor.
1642 2690 1755 2729 Sieul.

251 2763 305 2810 V,
333 2764 399 2803 38.
458 2762 538 2800 Alia
565 2764 667 2801 dabit
695 2764 739 2801 A.
756 2763 885 2813 Vogel.
911 2762 934 2800 l.
961 2762 983 2799 l.
1016 2775 1052 2813 p.
1083 2765 1162 2804 110
1183 2775 1261 2812 seq.
1288 2761 1368 2799 coll.
1389 2759 1556 2798 Lelewel.
1585 2760 1621 2796 in
1650 2759 1757 2806 libro,

249 2831 313 2881 qui
346 2830 573 2869 inscribitur:
623 2832 910 2880 Entdeckungg.
941 2831 1006 2868 der
1033 2832 1205 2880 Carthag.
1230 2844 1265 2867 u.
1293 2828 1439 2866 Griech.
1470 2828 1535 2865 auf
1557 2827 1595 2864 d.
1627 2825 1756 2865 atlant.

250 2901 374 2939 Ocean
394 2900 575 2949 (Berolin.
602 2898 724 2953 1831)
747 2915 783 2952 p.
804 2900 883 2942 134
903 2912 985 2949 seq.
1041 2899 1247 2938 Recentiori
1268 2901 1391 2935 aetate
1409 2897 1529 2943 fuere,
1558 2895 1621 2945 qui
1641 2895 1755 2945 ipsam
