1904 3304
444 251 1132 292 MELPOBIENRW.
1343 253 1427 292 579

157 365 297 422 χώρης
327 363 521 406 οἰκέουσι
551 362 770 417 Κάβαλες,
802 361 951 417 ὀλίγον
981 361 1126 412 ἔθνος,
1158 358 1416 417 κατήκοντες
1429 365 1564 400 30¹¹¹are
1582 359 1664 386 ⁰⁵¹⁰³
1677 359 1759 386 ¹¹³¹·-

157 437 226 480 ἐπὶ
255 433 486 478 θάλασσαν
520 433 629 476 κατά
665 433 881 489 Ταύχειρα
910 432 1041 476 πόλιν
1073 435 1148 488 τῆς
1178 432 1424 487 Βαρκαίης·

156 506 331 562 νόμοισι
379 505 424 548 δὲ
471 510 585 547 τοῖσι
632 505 803 549 αὐτοῖσι.
848 505 1059 561 χρέωνται
1105 507 1220 546 τοῖσι
1265 503 1339 546 καὶ
1387 503 1430 545 οἱ

1481 393 1566 420 chira
1585 393 1736 428 oppidum.

16 585 108 632 172
156 575 266 630 ὑπὲρ
314 575 533 632 Κυρήνης.
605 573 855 632 Αὐσχισέων
902 576 948 619 δὲ
997 573 1168 617 τούτων
1215 573 1264 617 ro*
1313 573 1424 627 πρὸς
1482 570 1667 597 N²¹⁸²¹¹¹¹⁰¹¹⁰⁸
1706 573 1763 598 Μ·-

155 645 332 702 ἓσπὲρης
361 646 531 702 ἔχονται
560 650 859 703 Νασαμῶνες,
890 647 1021 696 ἔθνος
1049 644 1125 688 ἐὸν
1153 643 1338 689 πολλόν·
1382 647 1425 688 οἳ

1482 604 1588 631 schisis
1613 604 1650 630 ad
1677 613 1760 631 orca-

1481 646 1546 665 sum
1564 638 1692 665 finitimi.

154 717 202 761 τὸ
251 716 387 772 θέρος
426 720 755 769 καταλείποντες
792 718 861 762 ἐπὶ
897 722 951 775 τῇ
987 717 1189 774 θαλάσσῃ
1226 716 1280 760 τὰ
1320 715 1422 770 πρό·
1437 722 1482 756 35

102 919 283 966 sterilem,
322 921 369 957 ad
391 932 498 968 quem
526 923 686 956 veterum
714 920 761 956 de

100 977 214 1013 hortis
238 976 309 1013 illis
331 978 367 1013 in
384 976 584 1024 Cyrenaico
603 988 692 1024 agro
713 975 762 1011 si·

100 1034 145 1069 tis
175 1033 437 1082 descriptiones
468 1032 594 1069 referri
623 1045 762 1081 neque-

99 1093 186 1135 ant,
230 1089 479 1139 Hesperidum
500 1088 624 1124 hortos
650 1088 763 1125 collo-

101 1145 172 1182 cari
201 1158 311 1195 posse
342 1149 476 1194 negat,
519 1157 612 1194 quos
642 1148 762 1195 potius

100 1201 212 1238 multo
251 1202 403 1251 propius
444 1202 562 1250 ipsam
596 1202 761 1249 Cyrenes

101 1258 227 1294 urbem
251 1258 299 1294 ad
325 1258 520 1306 Phycuntis
549 1263 762 1307 promonto-

101 1315 218 1360 rium,
271 1314 332 1350 ubi
364 1314 583 1351 Phoenicum
622 1319 762 1363 portus,

102 1371 332 1419 quaerendos
363 1383 444 1408 esse
468 1371 668 1416 existimat3
715 1372 760 1408 cf.

101 1440 136 1477 p.
161 1429 238 1466 1ῖό
262 1440 338 1475 seq.

161 1479 360 1533 Κάβαλες]
403 1482 489 1519 Duo
518 1482 599 1519 libri
630 1479 767 1533 Βαβα-

101 1542 178 1584 λες,
208 1552 273 1576 nec
293 1540 397 1576 aliter
414 1539 450 1575 in
472 1538 596 1576 Noun.
610 1539 765 1588 Dionys.

102 1595 210 1640 Xlll,
242 1596 347 1643 375,
386 1601 426 1631 ut
459 1596 589 1632 dubius
619 1596 766 1633 haereat

105 1651 346 1699 liesseling„
396 1656 476 1687 utra
504 1652 540 1687 in
567 1652 761 1689 Herodoto

101 1712 265 1759 praestet
291 1707 404 1745 lectio.
449 1708 521 1745 Pro
556 1703 764 1758 Ταύχειρα,

101 1764 161 1801 alii
201 1759 411 1815 Τεύχειρα,
448 1764 496 1801 de
521 1777 593 1813 quo
624 1767 764 1802 monuit

103 1821 244 1869 Thrige
265 1820 287 1857 l.
306 1821 327 1858 l.
354 1835 389 1870 p.
407 1822 501 1862 237.
531 1821 764 1859 Ptolemaeo-

103 1890 180 1914 rum
202 1889 293 1914 aevo
320 1882 449 1914 vocata
473 1882 529 1914 est
549 1878 635 1915 urbs
658 1879 762 1915 Arsa·-

102 1946 186 1980 uoe,
240 1937 278 1970 et
310 1940 440 1983 postea
476 1934 512 1970 in
544 1934 763 1985 Cleopatrae

102 1990 255 2038 gratiam
273 1989 491 2039 Cleopatris;
521 2003 620 2027 nunc
636 1991 763 2040 appel-

105 2045 171 2082 lari
204 2046 328 2083 dicunt
367 2045 541 2093 Terkera,
599 2047 763 2094 Troum,

107 2101 307 2150 Trochwa,
338 2102 510 2152 ipsasque
534 2103 702 2152 reliquias
723 2117 764 2141 se

69 2180 72 2185 ι
103 2159 285 2196 invenisse
318 2162 474 2196 testatur
507 2159 613 2197 Della
652 2159 764 2197 Cella.

103 2215 213 2252 conf,
244 2214 385 2264 Thrige
418 2217 439 2252 l.
482 2215 504 2251 l.
542 2228 626 2265 pag.
672 2219 765 2257 138.

103 2271 380 2309 Schlichthorst.
400 2286 434 2322 p.
458 2272 536 2313 135
560 2285 612 2321 sq.
642 2272 765 2310 Pacho

106 2328 203 2365 urbis
223 2329 354 2365 veteris
372 2330 505 2366 rudera
525 2328 663 2365 invenit
679 2343 765 2379 pro-

104 2397 151 2433 pe
177 2383 320 2431 locum,
362 2398 470 2434 quem
498 2384 660 2435 appellat
693 2386 763 2422 To-

107 2439 218 2484 krah,
268 2441 394 2478 decem
430 2442 599 2478 horarum
634 2442 764 2479 itinere

105 2501 284 2533 remotum
327 2510 349 2534 a
375 2498 614 2535 Ptolemaide.
682 2499 763 2535 Yid.

106 2552 258 2600 Voyage
278 2557 345 2590 etc.
369 2567 406 2604 p.
429 2557 506 2596 183
525 2568 601 2604 seq.
619 2576 674 2581 --
706 2555 765 2592 Ad

107 2608 219 2644 verba
240 2612 377 2648 τοῖσι
405 2610 489 2649 καὶ
521 2612 565 2648 cf.
591 2611 653 2657 lv,
684 2614 764 2652 172

107 2665 366 2717 παραπλησίῳ
390 2670 452 2720 τῷ
481 2666 566 2706 καὶ
591 2670 765 2706 Massa-

107 2718 224 2770 γέται.
255 2720 366 2758 Plura
382 2722 514 2762 Struve
536 2724 558 2760 l.
573 2724 596 2761 l.
616 2724 630 2761 l
647 2738 683 2775 p.
697 2724 763 2766 24.

275 2777 386 2827 Cap.
417 2779 598 2816 CLXXn.

166 2833 430 2884 Νασαμῶνες]
475 2836 683 2874 Monuimus
716 2838 764 2875 de

106 2886 173 2925 hac
196 2894 306 2936 gente
317 2890 459 2938 Syrtios
481 2892 624 2929 maioris
641 2896 765 2931 accola

821 924 858 955 et
876 920 1055 955 introrsus
1075 920 1225 955 multum
1248 922 1415 967 porrecta
1434 919 1482 954 ad

820 975 867 1021 ll,
891 977 958 1014 32.
1004 975 1101 1012 Add.
1124 974 1216 1011 Plin.
1237 974 1285 1010 H.
1309 973 1356 1010 N.
1379 974 1424 1020 V,
1445 975 1482 1012 5.

818 1031 991 1080 Namque
1016 1030 1155 1079 Augila
1182 1031 1298 1077 (conf.
1317 1034 1411 1066 nott.
1437 1031 1483 1066 ad

819 1088 882 1134 IV,
904 1090 1004 1136 182)
1023 1101 1171 1137 quoque
1194 1088 1242 1124 ad
1267 1099 1347 1124 eam
1371 1088 1485 1136 perti-

819 1145 943 1181 nuisse
985 1145 1133 1182 credam
1167 1147 1340 1193 gentem,
1389 1155 1485 1192 quae

818 1205 895 1238 tum
916 1202 1133 1251 praedando
1154 1213 1266 1238 naves
1280 1204 1485 1249 tempesta-

819 1262 896 1294 tum
922 1258 957 1293 vi
992 1258 1040 1294 ad
1071 1258 1165 1294 hanc
1201 1269 1303 1293 oram
1343 1255 1484 1293 delatas

819 1319 896 1350 tum
911 1314 1115 1351 mercatura
1131 1313 1300 1350 instituta
1318 1325 1407 1363 opes
1427 1325 1484 1350 sa-

818 1371 867 1407 tis
899 1370 1040 1421 amplas
1080 1370 1147 1407 sibi
1183 1374 1353 1420 pararat,
1400 1381 1483 1406 mox

822 1439 908 1464 vero
964 1427 1319 1475 Carthaginiensium
1374 1426 1484 1462 rebus

823 1483 959 1530 auctis,
993 1484 1172 1521 diminuta
1191 1483 1237 1519 ab
1259 1481 1429 1530 Augusto
1448 1489 1487 1519 et

821 1544 951 1590 postea.
983 1553 1131 1589 quoque
1162 1552 1184 1576 a
1207 1539 1438 1577 Diocletiano
1464 1551 1485 1576 e

822 1597 913 1633 mari
935 1596 1078 1645 repulsa
1097 1600 1152 1633 est
1173 1596 1210 1631 in
1232 1597 1314 1633 loca
1335 1595 1485 1632 interio-

821 1665 862 1689 ra
882 1651 1024 1700 Libyae
1055 1666 1096 1689 ac
1128 1653 1284 1689 deserta.
1334 1651 1485 1688 Praeter

821 1709 991 1746 Eustath.
1009 1709 1058 1745 ad
1073 1709 1226 1757 Dionys.
1242 1709 1385 1757 Perieg.
1400 1709 1483 1748 209

821 1766 917 1802 conf.
960 1764 1236 1802 Schlichthorst.
1268 1778 1355 1816 pag.
1392 1766 1484 1804 131.

819 1822 1005 1859 Mannert.
1036 1822 1090 1869 X,
1120 1823 1146 1862 2
1176 1834 1262 1872 pag.
1297 1823 1377 1862 179
1404 1833 1483 1869 seq.

821 1877 962 1927 Thrige
999 1877 1022 1915 l.
1054 1878 1075 1915 l.
1110 1890 1197 1928 pag.
1232 1877 1322 1919 150.
1374 1876 1484 1914 Pach.

820 1935 975 1983 Voyage
996 1939 1063 1972 etc.
1095 1947 1182 1984 pag.
1204 1935 1300 1974 271.
1326 1955 1382 1963 -—
1411 1934 1485 1971 Pro

820 1991 991 2030 τουτέων
1011 2004 1091 2028 cum
1112 1994 1266 2028 recentt.
1285 1990 1374 2028 dedi
1393 1985 1486 2029 τού-

819 2061 912 2086 των.

879 2103 918 2142 οἳ
942 2099 987 2141 το“
1016 2099 1138 2153 θέρος
1159 2099 1479 2153 καταλείποντες]

822 2159 958 2197 Tradit
984 2159 1117 2208 Scylax
1143 2159 1179 2195 in
1212 2158 1345 2208 Peripl.
1371 2172 1407 2209 p.
1429 2161 1484 2200 47

821 2216 942 2253 Huds.
966 2229 1002 2265 p.
1024 2218 1102 2255 311
1127 2215 1221 2252 Gail.
1252 2215 1484 2253 Nasamones

822 2273 967 2322 Syrtios
1004 2284 1139 2320 magna
1174 2271 1284 2309 litora
1321 2272 1485 2309 accolere

823 2341 939 2378 usque
956 2329 1005 2365 ad
1018 2329 1181 2365 intimum
1194 2341 1390 2375 recessum,
1410 2328 1485 2365 his-

822 2399 893 2434 que
921 2385 1104 2435 proximos
1135 2398 1216 2422 esse
1253 2383 1387 2423 IlIacas
1417 2383 1484 2435 (cf.

820 2442 962 2479 Herod.
984 2441 1053 2488 IV,
1083 2444 1204 2489 175),
1247 2442 1308 2490 qui
1327 2442 1374 2478 ad
1396 2441 1486 2490 Syr-

821 2498 883 2535 tim
902 2498 1068 2547 hyemem
1086 2502 1319 2547 peragentes,
1350 2510 1484 2546 greges

822 2556 871 2592 ad
909 2566 1009 2591 mare
1052 2555 1292 2600 contineant,
1344 2558 1485 2591 aestate

822 2624 931 2657 vero,
978 2611 1231 2649 deficientibus
1269 2611 1373 2659 aquis
1405 2609 1484 2647 illas

822 2680 944 2704 secum
974 2667 1012 2704 in
1034 2667 1228 2704 interiores
1252 2671 1389 2704 tractus
1417 2667 1484 2703 ab-

820 2725 938 2773 igant.
996 2723 1028 2760 E
1065 2724 1195 2773 quibus
1225 2724 1480 2761 Herodoteum

820 2780 938 2817 locum
964 2779 1014 2817 ita
1042 2780 1172 2828 corrigi
1190 2779 1266 2816 vult
1295 2779 1338 2816 ls.
1358 2779 1479 2824 Voss„

821 2842 860 2874 ut
877 2841 964 2874 ante
994 2832 1037 2875 τὸ
1064 2835 1187 2885 θέρος
1206 2838 1388 2873 inseratur
1408 2849 1478 2885 με-

821 2890 890 2940 τὰ,
938 2894 1037 2931 unde
1077 2905 1204 2930 sensus
1241 2891 1372 2930 existat
1403 2891 1478 2929 hic:

1116 2946 1202 2988 37*
