1904 3304
510 228 551 266 M
581 228 612 265 E
642 226 675 265 L
710 228 740 265 P
770 228 806 265 Ο
837 228 876 266 Μ
907 228 939 265 Ε
969 226 1007 266 Ν
1036 226 1081 268 Ε.

221 342 314 383 τῶν
335 337 457 394 ἡμεῖς
485 338 631 393 ἴδμεν,
681 338 777 388 ἴσος
816 337 900 380 αἰεὶ
939 336 1072 388 αὐτός
1111 336 1261 392 ἑωυτῷ
1294 337 1379 392 ῥέει
1417 338 1492 380 καὶ

818 411 993 463 πρῶτος
1033 408 1079 451 δὲ
1116 408 1166 451 τὸ
1196 406 1275 450 ἀπ’
1306 407 1518 464 ἑσπέρης-1

218 482 306 521 τῶν
343 479 389 522 ἐν
427 484 482 537 τῇ
512 482 721 536 Σκυθικῇ
752 477 884 534 ῥέων,
935 480 1047 522 κατὰ
1085 477 1257 522 τοιόνδε
1296 478 1495 535 μέγιστος

191 411 379 465 Ξθὲρεος
421 409 494 452 καὶ
533 412 759 465 χειμῶνος.

1141 227 1204 266 IV.
1411 228 1495 269 377

217 548 392 605 γέγονε,
434 554 642 608 ποταμῶν
679 550 752 594 καὶ
792 550 939 600 ἄλλων
969 550 1012 602 ἐς
1043 549 1181 594 αὐτὸν
1211 550 1489 594 ἐκδιδόντων.

162 721 224 770 lis,
262 721 305 759 fit
338 721 452 773 Ister,
495 725 728 775 acceptisque
761 724 827 763 ali-

163 783 254 827 quot
290 781 479 828 amnibus‚
517 783 646 830 ingens
687 783 759 819 iam
789 787 827 820 et

162 848 285 873 eorum
300 866 311 882 ,
351 838 414 886 qui
453 840 491 875 in
530 843 692 875 nostrum
727 852 826 877 mare

162 892 358 940 decidunt,
395 898 535 932 tantum
572 893 658 931 Nilo
693 896 826 943 minor,

161 949 315 987 totidem
336 955 425 999 quot
446 952 502 989 ille
522 951 645 998 ostiis,
675 953 740 989 sed
762 954 826 989 tri-

163 1006 228 1042 bus
249 1008 430 1054 tenuibus,
461 1008 609 1058 reliquis
633 1009 826 1057 navigabi-

160 1061 276 1109 libus,
307 1063 466 1101 effluit.“
524 1067 576 1102 Ac
600 1068 697 1103 teste
722 1066 826 1102 Stra-

160 1118 258 1157 bone
285 1119 353 1156 Vll
382 1133 422 1171 p.
445 1122 526 1163 305
558 1134 596 1171 p-
619 1121 715 1162 467.
741 1125 825 1165 468

161 1177 383 1226 superiorem
405 1179 564 1215 fluminis
584 1182 724 1228 partem
747 1179 826 1218 Da-

159 1233 307 1270 nubium
345 1234 492 1281 dixere,
532 1235 742 1273 inferiorem
778 1238 825 1275 ad

161 1289 319 1327 Pontum
330 1303 458 1340 usque,
472 1291 619 1329 Istrum.
643 1292 752 1330 Hanc
762 1307 825 1332 ve-

161 1359 202 1383 ro
219 1359 329 1383 unam
342 1348 625 1399 appellationem
637 1350 737 1386 novit
747 1351 824 1388 He-

160 1403 314 1439 rodotus
327 1408 439 1452 atque
448 1406 595 1442 omnino
610 1405 742 1443 Graeci
757 1420 824 1444 an-

159 1459 347 1508 tiquiores.
377 1461 498 1511 lpsum
511 1462 675 1499 Danubii
689 1476 823 1502 nomen

160 1520 331 1566 repetunt
341 1531 361 1554 a
371 1530 459 1556 voce
475 1517 570 1564 Tan,
589 1518 715 1556 Dans.
728 1520 822 1567 Don,

160 1584 256 1621 quae
289 1586 419 1623 aquam
452 1587 480 1611 s.
500 1576 657 1625 fluvium
686 1575 824 1614 indicet

158 1628 354 1678 multisque
381 1632 572 1668 fluviorum
600 1631 638 1667 in
665 1633 823 1670 nomini-

159 1685 228 1722 bus
249 1685 466 1733 (Danaster,
480 1687 668 1738 Danaper,
681 1689 820 1727 Danais

161 1755 192 1778 s.
221 1742 384 1790 Tanais,
414 1743 715 1795 Boryst-denes)
755 1747 823 1783 ad·

159 1797 229 1835 huc
245 1805 466 1850 compareat.
499 1801 560 1838 Tu
576 1803 671 1841 conf.
688 1803 820 1853 Bayer.

161 1854 386 1893 Commentt.
414 1857 526 1895 Acad.
557 1858 746 1909 Petropol.
770 1858 822 1896 lX

161 1924 200 1961 p.
219 1912 312 1952 375.
352 1913 410 1950 De
427 1914 579 1951 Brosses
612 1912 748 1966 (Acad.
782 1917 820 1952 d.

162 1968 329 2018 Inscript.
371 1970 417 2007 T.
458 1970 600 2007 XXXV
651 1985 688 2022 p.
726 1972 820 2013 518.

164 2022 277 2076 533).
319 2025 451 2064 Ritter.
482 2027 641 2064 Vorhall.
673 2041 710 2078 p.
741 2028 823 2069 304

162 2080 241 2120 coll,
284 2082 465 2120 wilhelm.
496 2084 673 2120 German.
701 2098 736 2134 p.
757 2085 824 2125 54.

163 2137 230 2177 58-
265 2138 375 2175 Plura
397 2141 443 2177 de
467 2144 623 2189 utroque
641 2141 740 2177 ssuvii
758 2154 826 2177 no-

161 2194 261 2231 minc
300 2195 517 2234 Tzschucke
564 2197 611 2233 ad
645 2196 824 2247 Pompon.

161 2249 248 2288 Mel.
274 2251 330 2297 ΙΙ,
366 2255 383 2291 1
408 2251 444 2303 ἓ.
463 2255 488 2293 8
508 2266 593 2303 pag.
614 2252 678 2293 44.
701 2254 766 2295 45.

218 2311 409 2358 ποταμοῖν
431 2308 497 2347 καὶ
519 2307 648 2347 ἄλλων
668 2326 703 2349 ν..
722 2326 752 2348 τ.
774 2310 820 2360 λ.]

162 2364 367 2415 Schweigh.
387 2371 472 2403 ante
483 2366 573 2404 haec
583 2367 694 2404 verba
707 2368 822 2403 maio-

163 2433 237 2457 rem
259 2423 346 2472 poni
364 2422 441 2461 vult
454 2423 735 2469 distinctionem,
756 2424 824 2460 mi-

163 2489 288 2515 norem
311 2483 396 2529 post
428 2475 668 2519 ἐκδιδόντων
711 2481 821 2528 (sive,

166 2535 265 2580 quod
285 2535 356 2571 duo
377 2536 458 2573 libri
480 2538 740 2587 suppeditant,
765 2536 823 2583 ἐς-

168 2586 396 2640 διδὸντων),
437 2597 474 2631 et
498 2594 672 2631 maiorem
698 2606 822 2630 rursus

166 2651 250 2695 post
272 2651 488 2695 ποιεῦντες,
519 2655 557 2686 ut
575 2650 666 2688 haec
687 2651 734 2687 sit
753 2650 822 2687 loci

169 2705 367 2741 sententia:
410 2706 502 2751 „Ob
532 2707 595 2743 hoc
630 2708 822 2744 Danubius

166 2763 339 2797 maximus
358 2765 428 2797 est:
460 2759 623 2812 (scilicet)
643 2768 675 2800 et
696 2764 765 2800 alia·
784 2765 821 2800 in

168 2829 243 2851 eum
268 2818 428 2866 influunt
457 2831 574 2855 amnes
597 2824 629 2856 et
661 2823 724 2871 qui
744 2833 820 2857 eum

167 2874 274 2923 (prae
296 2875 464 2923 caeten‘s)
484 2880 630 2924 augent,
661 2877 700 2914 1ιί
712 2881 794 2915 sunt
808 2892 819 2914 .·

883 724 980 771 sive,
1011 727 1044 760 et
1062 724 1119 771 lei,
1153 726 1214 774 qui
1230 737 1306 762 eum
1337 728 1442 775 (prae
1460 737 1544 762 cae-

882 778 986 833 teris)
1008 785 1165 829 augent:
1193 794 1286 830 quos
1304 794 1437 831 nempe
1455 793 1546 818 con-

881 838 982 874 tinuo
1017 838 1153 875 deinde
1188 841 1393 876 reccnset.“
1435 838 1547 881 Quod

882 906 956 930 non
986 894 1102 942 magis
1135 894 1281 944 placet,
1319 908 1429 944 quam
1460 895 1548 932 Ste-

882 950 959 999 geri
981 950 1161 1000 (praefat.
1182 964 1218 1001 p.
1242 949 1347 1002 XIV)
1372 951 1547 988 emenda—

881 1007 933 1043 tio
971 1020 993 1044 a
1023 1020 1173 1045 censore
1200 1006 1386 1057 Lipsiensi
1418 1008 1549 1045 merito

881 1064 1018 1101 reiecta
1029 1063 1309 1114 (Ephemeridd.
1321 1063 1410 1102 Litt.
1422 1064 1546 1114 Lipss.

885 1122 993 1161 1829
1038 1134 1091 1157 nr.
1137 1123 1216 1161 136
1256 1134 1342 1171 pag.
1385 1118 1548 1171 1087):

882 1179 1076 1226 ποταμῶν
1113 1174 1165 1228 δή
1194 1174 1326 1216 ἄλλων
1359 1176 1399 1223 ἐς
1429 1172 1549 1216 αὐτὸν

882 1229 1122 1273 ἐκδιδόντων
1143 1235 1273 1284 fluviis
1301 1235 1433 1272 scilicet
1462 1234 1549 1271 aliis

882 1292 922 1327 in
952 1303 1028 1327 eum
1056 1291 1302 1341 influentibus.
1361 1291 1432 1328 Est
1462 1304 1549 1329 vero

880 1347 940 1384 hic
956 1347 1026 1384 loci
1047 1360 1192 1385 sensus:
1225 1349 1367 1385 Primus
1389 1348 1482 1385 Ister
1501 1348 1549 1385 ab

880 1404 1069 1441 occidente
1109 1404 1284 1442 delabens
1324 1405 1420 1442 inter
1445 1404 1546 1454 Scy-

880 1460 979 1497 thiae
1017 1473 1167 1507 amnes,
1214 1461 1285 1498 hoc
1325 1462 1400 1499 fere
1433 1462 1545 1498 modo

879 1517 1055 1554 maximus
1092 1518 1154 1562 fit,
1203 1517 1281 1554 aliis
1321 1530 1470 1566 quoque
1506 1518 1545 1554 in

879 1574 997 1623 ipsum
1023 1573 1243 1611 irruentibus
1272 1574 1404 1611 fluviis.
1450 1574 1546 1610 Sunt

879 1642 966 1667 vero
1014 1630 1072 1677 hi,
1128 1630 1190 1678 qui
1234 1631 1356 1681 ipsum
1391 1634 1544 1679 augent,

878 1687 1035 1736 primum
1074 1687 1259 1736 quinque,
1307 1687 1368 1736 qui
1407 1691 1543 1724 terram

879 1743 1086 1792 Scythicam
1124 1745 1332 1793 perfluunt,
1380 1757 1424 1781 ex
1464 1744 1545 1793 ipsa

878 1799 946 1836 hac
957 1804 1054 1837 terra
1065 1800 1138 1837 scil.
1150 1801 1418 1851 provenientes.
1444 1801 1544 1848 Sive,

878 1861 918 1893 ut
945 1856 1148 1907 Lipsiensis
1187 1857 1246 1895 ille
1283 1870 1413 1895 censor
1443 1861 1544 1895 recte

878 1913 927 1949 ad
965 1914 1116 1951 verbum
1156 1914 1420 1963 interpretatus
1462 1917 1542 1951 est:

879 1969 974 2016 „Die
996 1970 1130 2007 Donau
1160 1971 1251 2007 wz'rd
1283 1970 1355 2020 auf
1366 1970 1545 2020 folgende

886 2025 997 2063 Weise
1025 2040 1150 2075 gross,
1190 2027 1306 2063 imlem
1331 2039 1429 2063 zwar
1455 2027 1548 2064 auch

881 2083 1012 2120 andere
1032 2083 1159 2120 Fliisse
1187 2085 1225 2120 in
1254 2084 1400 2120 dieselbe
1412 2082 1547 2133 fallen,

883 2139 938 2176 ‹lz‘e
967 2141 1070 2187 aber,
1109 2140 1237 2176 welche
1270 2142 1319 2177 sie
1344 2153 1445 2189 grass
1472 2154 1549 2177 ma-

883 2196 980 2243 cheu,
1009 2196 1320 2246 sa·11‹lfolgencle“
1346 2198 1369 2234 i.
1389 2211 1420 2235 e.
1451 2197 1548 2244 „Die

882 2253 1012 2289 Donau
1042 2254 1152 2298 wz'rd,
1183 2254 1342 2302 obglezkh,
1363 2254 1455 2290 auch
1477 2267 1545 2290 αη-

881 2310 959 2346 dere
995 2308 1123 2347 Fliisse
1160 2312 1198 2347 in
1238 2311 1384 2347 clt'eselbe
1407 2310 1544 2359 fallen,

880 2367 1054 2404 zuniichst
1086 2367 1196 2404 durch
1214 2367 1384 2417 folgemle
1403 2368 1542 2416 gross.“

879 2445 935 2451 —
965 2424 1004 2460 ln
1036 2437 1139 2473 seqq.
1173 2438 1252 2461 cum
1275 2424 1480 2473 Schweigh.
1502 2428 1541 2462 et

879 2481 996 2517 Gaisf.
1032 2481 1180 2531 scripsi,
1226 2481 1337 2518 libros
1375 2487 1538 2518 secutus:

879 2535 995 2575 πέντε
1026 2535 1097 2587 μὲν
1119 2537 1160 2576 οἵ
1178 2535 1357 2587 ῥέοντες,
1388 2538 1450 2574 ubi
1471 2550 1539 2586 pro

880 2591 952 2643 μὲν
982 2593 1024 2632 οἱ
1046 2595 1166 2631 Koen.
1196 2595 1244 2631 ad
1275 2595 1430 2643 Gregor.
1454 2595 1539 2631 Cor.

879 2648 916 2701 ἓ.
936 2650 988 2691 59
1010 2651 1057 2689 de
1077 2650 1162 2688 dial.
1183 2651 1260 2687 Ion.
1277 2650 1458 2701 pag.468
1478 2663 1538 2688 re-

876 2707 982 2744 scribi
1002 2708 1105 2744 iussit
1127 2703 1303 2758 μεγάλοι,
1323 2709 1424 2756 quod
1443 2706 1536 2744 Lar-

875 2764 1005 2811 chero,
1042 2764 1231 2811 Porsono,
1281 2764 1359 2801 aliis
1402 2763 1537 2814 placuit

877 2815 976 2871 (coll.
998 2821 1070 2868 IV,
1101 2819 1172 2867 49)
1203 2821 1377 2870 quodque
1396 2820 1536 2869 recepit

874 2876 1063 2916 Matthiae.
1096 2877 1358 2915 Valckenarius
1374 2878 1536 2914 coniece-

1567 338 1683 366 Primus

1550 373 1832 401 maximusomnium

1553 407 1713 446 fluminum
1726 408 1830 442 cogni—

1552 445 1668 467 torum:
1705 449 1734 467 ln
1762 449 1829 468 eum

1552 482 1630 507 quae
1652 474 1775 502 flumina
1799 478 1831 502 et

1552 507 1589 534 ad
1607 508 1763 535 meridiem

1725 340 1814 375 Ister,
