1904 3304
20 870 23 950 ‚³
88 894 184 939 102

535 210 1103 250 MELPOMENE.
1165 212 1226 249 lV.

1430 215 1510 254 471

244 325 396 379 λίμνην
423 321 503 376 τήν
533 325 750 379 Μαιῆτιν,
781 320 940 375 ἑτέρων
966 319 1092 365 δέκα·
1134 320 1207 364 καὶ
1234 320 1281 364 τὸ
1313 320 1399 364 dard
1430 326 1536 364 θα-1

240 391 399 447 λάσσης
436 390 478 444 ἐς
518 392 759 449 μεσόγαια-ν
796 391 841 444 ἐς
881 392 986 444 τούς
1017 392 1376 447 Μελαγχλαίνους
1405 391 1510 443 τούς

237 462 484 517 κατύπερθε
524 465 742 508 Σκυθέων
787 464 1070 519 οἰκημένους,
1123 463 1259 506 εἴκοσι
1313 461 1508 519 ἡμερέων

208 532 357 585 Βὸδός.
416 532 442 590 ἡ
472 535 518 579 δὲ
549 534 654 587 ὁδός
683 535 710 592 ἡ
741 533 951 592 ἡμερησίη
989 533 1073 578 devo}
1112 532 1314 590 διηκόσια
1352 532 1506 577 στάδια

236 605 533 662 συμβέβληταί
569 624 657 662 μοι.
718 605 833 650 οὕτω
876 605 930 649 ἂν
973 608 1037 661 ε’ίη
1076 609 1152 661 τῆς
1180 608 1413 661 Σκυθικῆς
1451 604 1505 648 τὰ

230 674 488 730 ἐπικάρσια,
520 679 872 733 τετρακισχιλίων
902 678 1111 721 σταδίων·
1155 677 1227 720 καὶ
1256 675 1310 719 τα
1341 676 1531 732 ὅρθια,5

232 746 285 789 τὰ
328 747 371 797 ἐς
409 747 489 804 τὴν
528 749 767 805 μεσόγαιαν
809 748 1027 804 φέροντα,
1080 747 1239 802 ἐτέρων
1278 749 1503 792 τοσούτων

231 819 430 862 σταδίων.
489 817 517 875 ἡ
548 819 627 876 μέν
656 836 739 862 νυν
761 822 816 874 γῆ
838 818 948 874 αὕτη
970 818 1059 862 ἐστι
1080 818 1273 874 μέγαθος
1299 818 1501 875 τοσαύτη.

344 890 398 932 Oi
420 889 465 933 δὲ
484 891 662 934 Σκύθαι
692 891 838 941 δόντες
869 892 992 946 σφίσι
1020 888 1178 946 λόγον,
1211 889 1271 941 ὥς
1302 890 1384 934 ούκ
1414 888 1503 934 οἷοί
1557 886 1834 962 {ffiffeflpopulomm

1555 962 1575 981 a
1602 955 1720 990 Scythis
1753 958 1819 984 aux'

229 961 273 1003 τέ
313 961 394 1003 εἶσι
429 960 506 1004 τὸν
544 962 739 1014 Δαρείου
777 960 965 1016 στρατὸν
1004 963 1213 1018 ἰθυμαχίῃ
1254 961 1500 1005 διώσασθαι

230 1035 416 1087 μοῦνοι,
463 1032 655 1088 ἔπεμπον
693 1033 735 1083 ἐς
771 1031 875 1083 τούς
907 1032 1240 1089 πλησιοχώρους
1270 1030 1557 1088 &massanus-10

227 1106 316 1146 τῶν
339 1102 385 1146 δὲ
415 1103 487 1146 καὶ
510 1103 562 1161 δή
589 1106 634 1147 οἱ
661 1104 857 1160 βασιλέες
882 1103 1168 1155 συνελθόντες
1193 1103 1499 1159 ἐβουλεύοντο,

199 1173 294 1226 Ξώς
342 1178 530 1229 στρατοῦ
581 1174 897 1226 ἐπελαύνοντος
941 1175 1146 1231 μεγάλου.

1209 1170 1323 1232 ἦσαν
1368 1176 1415 1219 δὲ
1454 1176 1499 1219 οἷ

227 1247 515 1297 συνελθόντες
554 1244 772 1302 βασιλέες,
823 1246 1038 1302 Ταύρων,
1087 1246 1160 1290 καὶ
1195 1243 1497 1303 Ἀγαθύρσων,

171 1390 281 1425 centa.
313 1387 424 1431 Quod
447 1399 520 1423 non
543 1386 745 1433 mirabitur,
769 1387 831 1436 qui

169 1456 264 1493 quae
307 1443 620 1493 proficiscentibus
660 1443 716 1480 hic
762 1444 831 1480 illic

168 1501 382 1537 obiiciantur
432 1498 668 1536 difficultates
716 1503 829 1548 atque

167 1556 450 1606 impedimenta,
506 1555 727 1604 respexerit,
780 1557 830 1592 si-

166 1612 315 1661 mulque
363 1612 543 1649 diversam
591 1612 827 1661 profectionis

166 1670 347 1706 rationem
363 1668 592 1718 cogitaverit.
640 1668 698 1704 Cf.
718 1668 827 1706 Man—

165 1730 258 1763 nert.
278 1725 294 1761 Ι
315 1739 350 1775 p.
379 1725 467 1765 195.
511 1724 728 1762 Dahlmann.
748 1725 826 1763 He-

165 1783 246 1822 rod.
270 1794 357 1832 pag.
382 1782 449 1822 95.
517 1781 629 1825 Quod
651 1782 698 1818 ad
726 1782 824 1832 ipsas

165 1851 354 1876 mensuras
379 1839 531 1883 attinet,
573 1837 642 1875 hoc
672 1837 751 1875 loco
777 1839 823 1875 ab

165 1895 359 1932 Herodoto
419 1895 605 1944 proditas,
670 1894 825 1932 Damill.

165 1951 306 1999 (Mem.
356 1951 403 1988 (le
450 1950 587 1987 l'Acad.
631 1951 665 1987 d.
714 1951 823 1987 lnscr.

164 2009 306 2045 XXXV
321 2021 357 2058 p.
375 2005 476 2057 573)
497 2019 558 2044 eas
580 2008 718 2057 optime
739 2020 825 2044 con-

165 2077 297 2114 gruere
326 2068 473 2110 censet,
523 2064 552 2099 si
583 2064 730 2112 quidem
765 2077 825 2100 su-

165 2126 308 2158 mantur
340 2133 361 2157 a
387 2120 546 2157 Danubii
577 2119 677 2156 ostiis
710 2133 825 2170 prope

164 2177 318 2214 insulam
346 2176 491 2214 Peucen
522 2189 636 2225 usque
670 2190 751 2214 eum
775 2178 824 2213 ad

163 2234 303 2281 locum,
344 2233 407 2270 ubi
433 2233 701 2281 Borysthenem
731 2234 824 2270 reci-

163 2291 243 2342 piat
269 2291 419 2328 Pontus.
488 2289 677 2326 Addamus
715 2289 824 2337 hisce,

165 2359 260 2396 quae
279 2347 402 2384 scribit
421 2345 593 2383 Koehler.
617 2346 746 2396 (Me'm.
765 2360 825 2383 sur

165 2403 188 2440 l.
209 2404 271 2440 iles
291 2408 327 2441 et
345 2403 367 2440 l.
389 2415 504 2439 cours.
527 2423 579 2429 —
593 2402 719 2439 Achill.
740 2416 824 2453 pag.

167 2461 268 2504 22);
325 2460 401 2506 „Si
434 2459 627 2496 He'rodote
666 2464 824 2509 compte,

167 2527 238 2563 que
270 2515 303 2553 le
334 2516 476 2553 chemin
506 2517 553 2552 de
582 2520 682 2553 terre
719 2520 824 2554 entre

167 2570 288 2609 l’lster
313 2576 351 2608 et
375 2572 408 2609 le
427 2572 659 2621 Borysthene
692 2578 750 2610 est
775 2574 823 2611 de

166 2629 278 2669 2000
299 2629 442 2675 stades,
480 2629 562 2670 400
581 2633 744 2677 verstes,
775 2643 823 2667 on

167 2684 243 2721 doit
276 2686 480 2735 peut-etse
507 2698 710 2736 supposer‚
747 2699 819 2736 que

166 2753 261 2790 pour
279 2740 368 2777 faire
397 2739 430 2777 le
460 2742 568 2790 trajet
594 2743 660 2780 des
681 2743 819 2781 fleuves

167 2800 203 2834 et
224 2797 336 2835 &viter
351 2796 403 2834 les
418 2798 547 2835 marais
567 2799 736 2848 produits
755 2814 821 2851 par

165 2853 259 2891 leurs
281 2854 561 2902 ddbordemens,
586 2855 620 2893 le
638 2868 823 2908 voyageur

889 1400 928 1425 se
957 1387 1116 1424 trouvait
1143 1385 1302 1436 quelque
1330 1386 1400 1423 fois
1428 1385 1552 1435 obligo

888 1444 935 1481 de
955 1448 1141 1481 remonter
1157 1444 1248 1479 dans
1269 1442 1465 1480 l’iuterieur
1484 1444 1549 1481 des

886 1504 1025 1546 terres3
1077 1501 1097 1536 {1
1134 1500 1252 1536 moins
1284 1512 1356 1548 que
1393 1499 1465 1535 l’on
1499 1512 1547 1537 ne

886 1556 1016 1594 veuille
1039 1568 1239 1605 supposes,
1273 1555 1332 1604 qu’
1352 1556 1546 1593 Herodote

884 1612 987 1662 parle
1018 1612 1139 1662 plutOt
1169 1612 1217 1649 de
1249 1611 1420 1649 l’endroit
1446 1612 1492 1648 ou
1512 1611 1546 1650 le

883 1669 1114 1718 Borysthene
1132 1681 1172 1706 se
1191 1669 1285 1717 jette
1304 1669 1396 1705 dans
1418 1681 1485 1705 son
1502 1668 1547 1705 li-

882 1738 991 1772 mon,
1025 1739 1097 1775 que
1130 1726 1176 1764 de
1204 1724 1295 1763 celui
1328 1726 1375 1763 01'1
1402 1726 1482 1763 finit
1504 1738 1546 1764 ce

883 1783 1078 1820 dernier.“

1102 1861 1132 1898 C
1146 1874 1167 1898 a
1178 1874 1214 1911 p.
1246 1860 1326 1898 ClI.

939 1946 1076 1998 δόντες
1114 1950 1230 2000 σφίσι
1271 1947 1415 2001 λόγον]
1454 1951 1476 1988 i.
1510 1963 1542 1989 e.

881 2021 995 2045 secum
1027 2011 1242 2058 reputantes.
1293 2007 1352 2044 Cf.
1372 2008 1423 2054 ΙΙ,
1449 2010 1541 2049 162.

883 2064 943 2101 Ad
981 2064 1177 2118 ἰθυμαχίῃ
1216 2064 1310 2101 conf.
1338 2063 1413 2110 IV,
1448 2066 1541 2104 120.

882 2122 922 2158 In
949 2134 1054 2170 seqq.
1090 2121 1222 2158 retinui
1253 2117 1542 2167 ἐπελαύνοντος

881 2178 1002 2226 (cuius
1027 2177 1107 2214 loco
1133 2178 1206 2214 duo
1233 2176 1314 2214 libri
1336 2172 1541 2226 ἐπιόντος,

880 2235 976 2272 conf.
1008 2233 1078 2281 lv,
1118 2234 1208 2275 118.
1245 2234 1348 2282 119)
1377 2234 1542 2283 itemque

881 2284 986 2341 ἦσαν
1018 2288 1100 2341 (pro
1133 2289 1267 2339 ἐ’σαν),·
1307 2304 1389 2327 cum
1413 2291 1539 2328 Struv.

880 2348 1035 2398 Spec.11
1054 2361 1090 2398 p.
1114 2350 1163 2388 16
1185 2347 1330 2397 reposui
1350 2345 1540 2399 βασιλέες,

881 2405 942 2441 ubi
983 2403 1093 2452 vulgo
1139 2404 1339 2455 βασιλῆες.
1377 2426 1434 2432 —
1481 2404 1540 2442 Ad

879 2456 1138 2512 ἐβουλεύοντο
1168 2462 1345 2510 Stegerus
1384 2461 1542 2500 conferri

878 2517 954 2554 vult
974 2517 1036 2564 IV,
1061 2521 1124 2558 11.
1173 2518 1215 2554 ln
1240 2518 1345 2555 simili
1371 2518 1538 2567 gentium

877 2586 1029 2612 recensu
1046 2574 1232 2624 Ephorum
1255 2574 1371 2625 (apud
1391 2575 1539 2624 Scymn.

879 2631 1009 2668 Chium
1029 2645 1065 2682 p.
1086 2633 1170 2674 378
1192 2629 1382 2682 Holsten.)
1415 2632 1537 2669 Hero-

878 2687 957 2724 doti
976 2689 1131 2737 vestigia
1152 2701 1281 2739 presse
1307 2692 1536 2737 persecutum

878 2757 959 2782 esse
1031 2745 1227 2782 arbitratur
1292 2743 1410 2782 Marx.
1489 2744 1538 2781 ad

878 2800 1018 2851 Ephori
1041 2803 1210 2850 fragmm.
1235 2814 1271 2851 p.
1298 2803 1400 2848 193,
1439 2801 1538 2839 cuius

879 2857 996 2895 locum
1016 2858 1260 2909 adscripserat
1287 2857 1352 2896 Cr.

1695 888 1835 917 finitimo—

1557 988 1629 1016 lium
1648 990 1760 1024 rogati·
