1904 3304
426 245 509 285 472
825 243 1297 283 HERODOTI

424 352 497 396 καὶ
527 354 739 404 Νευρῶν,
778 351 850 394 καὶ
874 350 1208 407 Ἀνδροφάγων,
1237 353 1312 396 καὶ
1339 354 1690 408 Μελαγχλαίνων,

426 424 499 466 καὶ
536 425 771 471 Γελωνῶν,
824 422 896 465 καὶ
935 424 1186 476 Βουδίνων,
1240 424 1313 467 καὶ
1354 423 1691 479 Σαυροματέων.

268 493 367 536 103
432 492 614 536 Τούτων
661 497 830 547 Ταῦροι
873 493 953 548 μὲν
1000 491 1178 548 νόμοισι
1221 496 1428 538 τοιοισίδε
1473 495 1691 551 χρέωνται.
1708 501 1748 535 15

118 555 169 583 Μ“
136 555 312 630 „ssfiossfim
275 565 350 583 ’“”“
429 565 594 608 θύουσι
615 563 694 618 μὲν
718 567 772 620 τῇ
795 562 1016 621 Παρθένῳ
1035 563 1140 615 τούς
1161 580 1206 607 τε
1225 565 1469 621 ναυηγοὺς,
1499 568 1572 610 καὶ
1591 566 1696 618 τούς

431 636 488 678 ἄν
525 632 692 690 λαβωσι
719 632 936 690 Ἑλλήνων
965 633 1311 690 έπαναχθέντας,
1349 635 1496 694 τρόπῳ
1520 640 1693 696 τοιῷδε·

96 597 180 649 'l‘aur
169 624 216 650 rii
229 624 297 650 autr
285 631 374 657 ragofl

96 657 174 683 imin
176 632 226 683 »lai
229 661 251 684 it
297 658 374 697 {puil-

1652 710 1697 752 οἱ
1758 717 1841 756 328
1880 762 1881 769 ¹

96 690 332 760 &minoen-{3031
333 699 375 752 {2¹22
403 706 777 761 Ξκαταρξάμενοι,
827 704 1003 762 ῥοπάλῳ
1042 707 1222 750 παίουσι
1261 706 1340 763 τήν
1379 707 1592 764 κεφαλήν·

585 851 698 901 Cap.
729 849 827 887 Clll.

439 903 601 947 Τούτων
627 909 777 958 Ταῦροι
802 903 874 957 μὲν
899 902 1035 957 νόμοι-

378 978 417 1005 σι
454 964 642 1004 τοιοισίδε
680 962 891 1015 χρέωνται]
962 963 1035 1000 Pro

375 1020 566 1074 χρέωνται
590 1033 682 1059 ιιηιι5
714 1020 804 1058 liber
832 1017 1035 1071 χρέονται,·

375 1079 473 1116 haud
494 1077 597 1115 male.
628 1077 685 1114 Cf.
708 1077 770 1123 1V,
789 1077 854 1117 50.
903 1075 1036 1124 „Tau-

376 1149 432 1172 ros
450 1136 539 1171 istos
560 1134 731 1183 reliquias
752 1135 864 1170 fuisse
878 1133 1040 1169 Cimme-

376 1193 512 1228 riorum
545 1203 567 1227 a
597 1190 741 1239 Scythis
782 1189 865 1225 olim
906 1189 1040 1225 finibus

380 1248 454 1284 suis
486 1246 696 1297 pulsorum,
737 1244 928 1295 probabile
957 1244 1041 1281 fecit

379 1304 565 1340 Gatterer.
578 1302 785 1338 Comment.
796 1300 931 1338 Societ.
944 1301 1039 1349 Reg.

380 1360 553 1408 Gotting.
572 1357 656 1395 Vol.
679 1357 730 1394 XI
751 1371 786 1408 p.
816 1357 914 1403 140,
953 1369 1041 1407 pro-

377 1416 489 1453 bante
511 1415 673 1452 Heeren.
704 1414 741 1450 in
770 1414 883 1451 Ideen
905 1417 972 1451 etc.
996 1412 1042 1450 T.

379 1472 394 1508 l
421 1484 509 1522 pag.
542 1472 623 1513 888
656 1469 709 1521 [1,
740 1472 766 1510 2
789 1483 873 1521 pag.
896 1469 1042 1519 271].“

383 1527 416 1565 S
425 1528 514 1564 cliw
527 1529 568 1564 ei
575 1526 644 1576 gh.
675 1527 736 1564 Tu
753 1527 840 1564 add.
859 1525 1042 1563 Mannert.

381 1584 431 1621 lV
450 1598 486 1635 p.
514 1586 605 1625 106.
646 1582 698 1620 Ac
718 1583 809 1620 tales
833 1582 1043 1620 Cimmerios

381 1640 429 1678 ab
456 1639 638 1688 Aeschylo
676 1639 829 1676 indicari
856 1638 1043 1675 Prometh.

382 1696 476 1738 420.
495 1698 578 1737 716
598 1696 782 1733 existimat
801 1694 1002 1732 Vfflcker.l.
1019 1694 1041 1730 l.

381 1766 470 1804 pag.
496 1754 578 1793 208
600 1751 679 1789 coll.
705 1753 798 1794 209.
857 1749 890 1787 A
921 1751 1042 1800 gentis

385 1808 620 1855 erudelitate,
660 1820 767 1857 quam
792 1809 903 1845 refert
922 1808 1042 1844 Hero-

385 1866 516 1913 dotus,
545 1877 617 1902 non
638 1865 859 1911 abhorrent,
879 1877 974 1913 quae
995 1864 1044 1900 si-

383 1922 483 1959 milia
515 1920 604 1958 alias
635 1922 734 1971 apud
768 1926 899 1970 gentes
936 1920 1045 1957 litora

384 1978 584 2015 incolentes
605 1978 878 2026 naufragosque
899 1981 936 2014 et
959 1977 1046 2013 diri-

384 2035 528 2086 pientes
545 2038 582 2071 et
604 2033 861 2071 interficientes
881 2033 1046 2070 obtinere

386 2092 565 2128 dicuntur.
616 2090 716 2127 Idem
746 2090 876 2127 asserit
892 2090 1045 2127 Diodor.

387 2148 450 2195 lv,
472 2147 527 2187 44
559 2141 685 2194 (θύεν
715 2141 909 2198 Ἀρτέμιδι
937 2146 1047 2184 Ταυ-

387 2200 541 2257 ροπὸλῳ
606 2199 699 2249 τούς
756 2201 1049 2249 καταπλέοντας

389 2258 571 2308 ξένους),
611 2272 655 2296 ac
682 2258 781 2297 Mela
811 2260 864 2308 ll,
898 2262 944 2307 1,
986 2260 1049 2296 ubi

388 2317 492 2366 plura
513 2317 621 2353 affert
641 2316 688 2353 de
717 2317 834 2353 saevis
861 2316 916 2353 his
937 2316 1048 2353 sacri-

388 2373 478 2409 ficiis
501 2371 721 2409 Tzschucke
748 2373 785 2409 in
804 2377 894 2409 nott.
915 2385 1046 2421 exegg.

390 2428 471 2465 Vol.
496 2428 543 2465 lll
567 2428 608 2464 P.
635 2428 665 2464 Il
689 2441 775 2479 pag.
800 2431 865 2469 53.
925 2428 1047 2465 Nasa-

388 2497 534 2523 monum
563 2484 730 2535 exemplo
757 2486 870 2522 utitur
890 2484 1044 2522 Rennel.

388 2554 474 2592 pag.
495 2542 589 2583 418.
621 2540 775 2577 Videtur
796 2546 954 2587 „autem
977 2542 1047 2578 ista

387 2598 613 2648 potissimum
673 2596 953 2647 (Valckenaerii
1006 2605 1047 2634 ut

388 2658 469 2690 utar
494 2654 638 2701 verbis)
674 2653 871 2691 inhumana
901 2654 1048 2690 Tauro-

387 2723 465 2747 rum
485 2710 680 2747 crudelitas
700 2710 866 2747 effecisse
879 2739 889 2757 ,
919 2717 960 2747 ut
980 2710 1049 2747 hoc

387 2769 599 2817 praesertim
627 2767 774 2804 nomine
791 2766 949 2816 Scythae
969 2768 1048 2804 fue-

389 2824 459 2860 rint
477 2836 499 2859 a
522 2823 676 2860 Graecis
702 2823 738 2859 in
758 2823 966 2860 universum
993 2824 1048 2859 in-

389 2880 525 2917 famati.
560 2880 599 2917 ln
610 2879 761 2917 diversis
777 2879 947 2928 gentibus
959 2879 1049 2927 Scy-

1093 850 1195 887 thicis
1233 850 1305 887 tria
1343 850 1572 901 potissimum
1610 852 1752 889 obtine-

1095 907 1205 953 bant,
1231 920 1326 956 quae
1347 919 1495 956 prorsus
1519 906 1755 945 abhorrerent

1093 963 1140 1000 ab
1149 963 1408 1000 humanissima
1417 963 1642 1000 Graecorum
1653 977 1756 1001 man-

1094 1021 1311 1067 suetudine,
1352 1016 1394 1058 τὸ
1424 1020 1680 1067 ξενοθυτεῖν,
1710 1035 1753 1059 το

1094 1071 1438 1140 ἄνθρωποφαγεῖν
1477 1075 1544 1115 καὶ
1585 1073 1629 1115 ro*
1672 1080 1755 1123 τοῖς

1096 1133 1276 1183 κρανίοις
1320 1127 1524 1182 ἐκπωμασι
1566 1135 1753 1183 χρᾶσθαι.

1095 1190 1182 1225 Vid.
1211 1188 1343 1225 Strabo
1367 1189 1432 1225 Vll
1465 1202 1500 1239 p.
1534 1191 1616 1229 298
1642 1190 1688 1226 D.
1724 1202 1753 1226 5.

1097 1243 1179 1284 458
1199 1244 1240 1281 A.
1261 1249 1299 1281 et
1320 1246 1402 1285 300
1421 1245 1464 1283 Β.
1492 1257 1521 1281 5.
1541 1245 1623 1286 460
1645 1246 1687 1282 Β.
1719 1250 1756 1283 et

1097 1300 1238 1338 Elsner.
1266 1301 1443 1337 Observv.
1466 1300 1504 1337 in
1523 1300 1596 1352 Ep.
1614 1301 1662 1339 ad
1681 1302 1756 1339 Co-

1098 1356 1182 1394 loss.
1204 1357 1267 1404 Ill,
1289 1359 1386 1398 11.“

1155 1409 1308 1452 θύουσι
1342 1411 1414 1464 μὲν
1452 1414 1502 1466 τῇ
1536 1411 1756 1468 Παρθένῳ]

1099 1469 1328 1521 Iphigeniam
1372 1469 1523 1519 intelligi
1564 1472 1758 1520 sequentia

1099 1528 1212 1564 verba
1242 1527 1455 1564 ostendunt.
1515 1526 1562 1563 Et
1598 1528 1758 1577 pertinet

1100 1583 1169 1620 huc
1198 1596 1331 1620 nomen
1358 1580 1630 1634 Ταυροπόλος,
1667 1583 1757 1621 Dia-

1100 1652 1169 1676 nae
1197 1639 1304 1687 vulgo
1335 1640 1435 1688 quod
1469 1640 1662 1686 tribuitur3
1709 1640 1757 1677 de

1100 1709 1174 1745 quo
1201 1696 1404 1732 Creuzerus
1444 1694 1530 1732 locis
1566 1708 1650 1732 mox
1679 1694 1756 1733 lau-

1101 1752 1311 1789 dandis.--
1327 1751 1367 1788 In
1386 1764 1489 1801 seqq.
1506 1751 1757 1802 ἐπαναχθέν-

1099 1823 1168 1854 τας
1182 1808 1291 1857 vulgo
1303 1809 1480 1845 reddunt:
1504 1808 1638 1845 delatos
1658 1809 1758 1846 illuc.

1102 1865 1223 1909 Quam
1245 1865 1546 1913 significationem
1571 1878 1682 1914 quum
1699 1867 1758 1903 vix

1101 1921 1295 1958 admittere
1314 1921 1480 1958 videatur
1499 1920 1683 1958 verbum’
1667 1936 1757 1960 επα-

1102 1992 1270 2030 ναγεινγ
1303 1977 1509 2025 Schweigh.
1543 1979 1759 2028 suspicatur,

1103 2035 1274 2084 scriptum
1297 2034 1408 2071 fuisse
1436 2029 1758 2085 οἷπενειχθέντας,

1103 2091 1274 2141 quoniam
1296 2085 1515 2141 αποφέρειν
1542 2096 1580 2128 et
1611 2086 1760 2140 αποφέ-

1105 2151 1247 2198 ρεσθαι
1274 2146 1341 2184 hac
1363 2147 1626 2196 significatione
1650 2149 1761 2184 usita-

1103 2209 1193 2241 tum.
1234 2203 1419 2251 Conf.11‚
1450 2203 1529 2244 114
1554 2204 1640 2253 ibiq.
1666 2208 1759 2241 nott.

1105 2259 1618 2307 lV,151.152.164.179.

1160 2311 1463 2367 καταρξάμενοι]
1496 2315 1593 2353 Male
1617 2316 1653 2353 in
1675 2316 1759 2365 qui·

1105 2373 1257 2411 busdam
1313 2368 1619 2422 κατευξάμενοι,
1679 2385 1758 2409 cum

1105 2442 1233 2467 sensus
1261 2429 1327 2474 sit,
1378 2430 1575 2478 interprete
1605 2428 1760 2466 Valcke-

1104 2486 1247 2523 naerio:
1292 2487 1509 2535 „auspicati
1528 2485 1626 2522 velut
1658 2485 1761 2522 victi-

1103 2555 1223 2588 mam,
1268 2541 1370 2577 clava
1397 2545 1504 2591 caput
1532 2543 1760 2591 percutiunt;

1104 2611 1179 2635 non
1199 2602 1237 2634 ut
1259 2598 1414 2644 Graeci,
1444 2598 1506 2647 qui
1524 2598 1637 2635 cultro
1659 2598 1760 2635 victi-

1104 2667 1198 2692 mam
1238 2653 1471 2691 immolationi
1502 2655 1760 2703 designabant.

1105 2711 1198 2747 Huic
1224 2710 1476 2748 adtirmandae
1508 2710 1651 2748 lectioni
1685 2711 1761 2747 sus-

1104 2767 1201 2804 ficiet
1229 2766 1284 2803 xel
1316 2767 1440 2804 unicus
1467 2766 1566 2804 locus
1595 2767 1758 2817 Euripid.

1104 2823 1268 2873 Iphigen.
1300 2823 1335 2859 ἱιι
1366 2823 1478 2860 Taur.
1511 2822 1639 2870 1154,
1687 2835 1760 2872 quo

1106 2879 1312 2916 Taurorum
1354 2892 1416 2918 rex
1447 2879 1573 2918 Thoas
1612 2880 1761 2917 comites
