1904 3304
483 237 1042 280 MELPOMENE.

197 353 521 411 φοιβόλαμπτος
544 348 797 405 γενόμενος·
831 345 1086 403 Ἰσσηδόνων
1114 344 1159 388 δὲ
1188 342 1458 398 ὑπεροικέειν

193 422 509 480 Ἀριμασπούς,
539 421 703 476 ἄνδρας
722 417 1123 475 μουνοφθάλμους·
1164 415 1274 468 ὑπὲρ
1297 416 1342 458 δὲ
1362 414 1458 458 τού-

191 513 299 544 των,
329 493 435 544 τους
463 491 803 548 χρυσοφύλακας
827 489 1022 544 Γρύπας·
1062 487 1231 532 τούτων
1260 488 1327 538 δὲ,
1356 487 1460 538 τοὺς

1102 236 1164 276 IV.
1378 236 1462 275 299

165 565 535 622 Q‘Yneofflooe'ovg‚
576 562 846 618 κατήκοντας
875 562 943 605 ἐπὶ
973 559 1216 603 θάλασσαν.
1275 557 1463 609 τούτους

192 634 255 683 ὦν
304 638 471 688 πάντας
511 635 624 692 πλὴν
659 634 982 690 ’Τπερβορέωτη
1029 629 1257 684 ἀρξάντων
1293 626 1521 684 ’Antinoe-15

193 714 330 758 σπῶν,
365 709 447 752 αἰεὶ
469 713 582 750 τοῖσι
601 703 939 762 πλησιοχώροισι
962 704 1252 745 ἐπιτίθεσθαι·
1281 701 1356 744 καὶ
1379 699 1465 744 ὑπὸ

193 782 272 837 μὲν
290 779 568 836 Ἀριμασπῶν
592 775 855 829 ἐξωθέεσθαι
876 774 921 817 ἐκ
948 777 1022 828 τῆς
1040 772 1180 828 χώρης
1196 771 1464 829 Ἰσσηδόνας·

191 851 280 896 ὑπὸ
299 853 345 896 δὲ
371 850 642 906 Ἰσσηδόνων,
673 845 879 896 Σκύθας·
914 846 1181 901 Κιμμερίους
1202 845 1260 896 δὲ,
1295 844 1459 888 οἰκέων·
1517 854 1598 892 287

192 941 268 975 τας
298 923 365 967 ἐπὶ
395 926 447 977 τῇ
477 923 600 977 νοτίῃ
629 918 852 975 θαλάσσῃ,
904 915 993 961 ὑπὸ
1023 915 1240 960 Σκυθέων
1268 916 1460 972 πιεζομέ-

136 1038 210 1081 Qui
250 1038 345 1074 idem
380 1050 465 1086 pag.
502 1038 580 1076 281
621 1035 802 1073 Issedones

136 1094 288 1130 laudans
322 1095 431 1130 iustos
456 1095 623 1143 piosque,
668 1093 802 1130 bellum

136 1150 231 1187 istud
251 1150 527 1201 interGryphos
541 1156 574 1186 et
589 1149 801 1199 Arimaspos

137 1212 305 1256 gestum,
341 1208 387 1244 de
421 1220 494 1255 quo
520 1207 690 1243 cecinerit
716 1207 803 1242 Ari-

139 1268 256 1310 steas,
298 1276 372 1300 non
399 1263 496 1300 aliud
527 1264 637 1299 fuisse
658 1262 806 1309 bellum,

137 1321 207 1356 nisi
224 1319 433 1368 religiosum
447 1320 700 1368 antiquissimo
715 1325 807 1356 tem-

138 1389 227 1426 pore
256 1376 349 1413 inter
377 1375 506 1412 Turan
529 1382 566 1413 et
596 1376 676 1413 lran
708 1389 805 1412 com-

138 1433 310 1478 missum,
350 1445 422 1481 quo
456 1433 537 1483 ipso
562 1433 719 1476 factum,
766 1436 807 1468 ut

138 1490 282 1539 piorum
335 1490 583 1539 iustorumque
632 1489 747 1526 cultus
786 1501 806 1526 e

139 1550 237 1582 terra
267 1544 351 1581 Iran
388 1545 511 1595 pulsus
545 1546 732 1583 devenerit
769 1545 805 1581 in

139 1601 286 1639 deserta
299 1601 481 1650 Scythica.
494 1622 550 1628 —
562 1600 617 1638 Ac
638 1602 684 1639 de
703 1602 806 1638 sonte

139 1658 169 1694 si
211 1670 453 1706 quaeramus,
505 1659 603 1696 unde
641 1658 805 1695 Aristeas

138 1714 308 1751 carminis
347 1719 601 1764 argumentum
644 1715 805 1765 petierit,

138 1783 161 1808 a
192 1770 418 1808 Milesiorum
451 1771 590 1808 colonis
621 1773 668 1808 ad
698 1771 806 1809 Ponti

140 1840 239 1864 oram
254 1827 343 1864 haec
364 1828 546 1877 accepisse
567 1834 715 1878 poetam
733 1833 807 1864 sta-

141 1884 211 1920 tuit
229 1883 388 1920 Viilcker
411 1884 528 1933 Myth.
554 1885 696 1934 Geogr.
720 1898 806 1934 pag.

144 1941 249 1985 183,
278 1940 438 1989 itemque
459 1941 557 1990 prius
579 1943 621 1996 Q.
645 1942 690 1978 O.
710 1941 809 1978 Mill-

140 1995 196 2033 ler
217 1995 305 2033 Dor.
335 1996 351 2032 Ι
377 2010 414 2047 p.
443 1999 526 2038 275
556 2011 630 2034 non
657 1998 727 2034 alia
750 1999 809 2034 via

141 2057 256 2101 atque
289 2065 354 2098 ea,
408 2054 480 2102 qua
522 2067 587 2090 sua
629 2055 809 2105 acceperit

141 2108 377 2156 Herodotus,
416 2109 598 2147 Aristeam
622 2124 686 2147 sua
708 2123 809 2147 acce-

141 2165 241 2215 pisse
263 2170 378 2212 ratus,
409 2178 430 2202 a
450 2167 600 2203 Graecis
621 2167 730 2204 Ponti
754 2172 809 2203 at-

143 2233 216 2270 que
237 2222 478 2270 Borysthenis
507 2223 636 2260 accolis
652 2253 661 2270 ,
703 2223 810 2261 Mile-

144 2278 204 2314 siis
223 2279 471 2328 potissimum3
516 2281 614 2316 unde
639 2281 809 2317 devenire

142 2335 308 2384 potuisse
328 2336 375 2371 ad
396 2336 680 2384 Proconnesios‚
706 2341 743 2373 et
762 2337 809 2373 ad

143 2392 241 2441 ipsos
261 2391 434 2429 Milesios.

202 2500 501 2555 φοιβόλαμπτος
524 2501 750 2557 γενόμενος]
786 2506 807 2541 i.

146 2572 177 2595 e.
199 2558 331 2597 Phoebi
362 2564 503 2599 numine
534 2562 712 2613 afflatus,
753 2562 809 2598 (Ιί-

147 2616 228 2651 vino
258 2619 428 2655 instinctu
451 2623 573 2655 motus.
616 2621 695 2656 Vox
715 2633 808 2667 φοι-

149 2667 370 2722 βόλαμνττος
399 2676 582 2714 invenitur
610 2677 709 2726 apud
731 2675 806 2724 Ly-

148 2728 321 2777 cophron.
343 2743 395 2767 vs.
416 2732 536 2773 1460.
576 2733 636 2770 Ad
658 2737 808 2770 senten·

149 2784 236 2820 tiam
268 2785 376 2832 facit,
421 2789 519 2836 quod
548 2790 641 2827 infra
663 2788 725 2835 IV,
752 2791 805 2829 79

150 2841 196 2877 de
208 2840 393 2879 Bacchicis
415 2845 525 2892 orgiis
542 2845 690 2895 legitur:
713 2843 808 2896 ἦμέ-

151 2912 197 2943 ας
218 2894 347 2943 όθεός
364 2896 572 2950 λαμβάνει·
597 2904 672 2941 νῦν
690 2897 807 2949 οὗτος

860 1031 881 1074 ὁ
903 1034 1055 1085 δαίμων
1070 1031 1135 1071 καὶ
1154 1030 1220 1072 τὸν
1239 1031 1432 1085 ’ὑμέτερον
1452 1033 1523 1083 βα-

862 1090 968 1130 σιλέα
990 1087 1192 1141 λελάβηκε.

919 1147 1125 1194 οἰκέοντας
1147 1145 1210 1185 ἐπὶ
1238 1148 1287 1199 τῇ
1313 1145 1425 1198 νοτίῃ
1450 1149 1523 1182 θα-

861 1201 1008 1258 λάσσῃ]
1062 1204 1230 1241 Australe
1259 1215 1378 1247 mare,
1424 1202 1524 1250 quod

863 1262 1131 1311 septentrionali
1171 1260 1275 1311 (sive
1311 1259 1524 1296 mediterra-

863 1317 960 1368 neo)
1000 1319 1219 1367 opponitur,
1269 1317 1414 1352 rubrum
1456 1315 1526 1351 dici

863 1387 981 1421 mare,
1019 1376 1094 1412 sive
1128 1375 1306 1410 Oceanum
1335 1371 1528 1408 australem

865 1432 1071 1468 monuimus
1092 1433 1138 1468 ad
1161 1431 1204 1477 ll,
1228 1430 1320 1470 158.
1352 1429 1409 1465 Ad
1427 1428 1526 1476 quod

865 1502 964 1526 mare
978 1501 1084 1525 nemo
1106 1488 1296 1537 quisquam
1312 1499 1399 1522 sane
1414 1497 1528 1534 quae-

862 1550 917 1582 ret
944 1545 1171 1581 Cimmerios.
1227 1543 1392 1592 Caspium
1430 1554 1526 1577 mare

863 1605 927 1638 aut
955 1601 1089 1638 Pontus
1111 1601 1284 1637 Euxinus
1310 1612 1382 1648 quo
1407 1599 1525 1635 minus

863 1657 1107 1706 intelligatur,
1145 1658 1274 1694 habita
1305 1669 1353 1693 sc.
1383 1655 1526 1692 ratione

864 1715 1004 1752 Oceani
1037 1713 1357 1765 septentrionalis,
1399 1713 1437 1748 id
1459 1724 1526 1747 usu

863 1771 1009 1820 linguae
1030 1771 1199 1821 impediri
1225 1769 1404 1807 existimat
1418 1768 1527 1805 Wes-

865 1828 1052 1876 selingius.
1091 1828 1161 1873 At,
1191 1827 1258 1863 nisi
1279 1827 1402 1875 inepte
1420 1825 1527 1862 sabu-

864 1884 977 1921 latum
1005 1897 1086 1922 esse
1114 1885 1213 1921 dicas
1232 1883 1433 1928 Aristeam‚
1469 1882 1526 1917 vix

865 1941 963 1978 aliud
985 1954 1085 1978 mare
1111 1946 1245 1991 poeta,
1286 1952 1305 1977 e
1327 1940 1426 1976 cuius
1449 1950 1529 1975 car-

865 1998 962 2035 mine
981 1998 1197 2034 Herodotea
1229 1998 1432 2041 fluxerunt,
1472 1995 1529 2031 in-

865 2053 1032 2102 telligere
1069 2054 1192 2104 potuit
1231 2058 1341 2102 atque
1374 2051 1528 2088 Pontum

866 2110 1066 2156 Bucinum,
1093 2123 1199 2159 quem
1219 2110 1358 2158 νοτίην
1377 2105 1529 2146 θάλασ-

868 2179 941 2206 σαν
962 2167 1050 2203 dixit
1076 2171 1244 2216 respectu
1271 2165 1396 2202 habito
1417 2165 1527 2202 maris

867 2223 1021 2260 borealis
1062 2224 1137 2260 sive
1176 2223 1315 2260 Oceani
1354 2220 1529 2270 glacialis,

867 2293 985 2329 eoque
1008 2280 1132 2316 maiori
1162 2280 1239 2316 iure
1261 2279 1379 2316 dicere
1398 2278 1530 2328 potuit,

867 2337 918 2383 si,
962 2337 1061 2386 quod
1086 2337 1253 2384 Breiger.
1280 2335 1439 2372 Difficili.
1468 2337 1531 2371 As.

866 2407 951 2443 pag.
978 2396 1029 2433 10
1052 2393 1260 2438 contendit,
1302 2392 1394 2429 haec
1419 2390 1529 2428 maris

867 2449 1033 2487 australis
1065 2449 1264 2500 appellatio
1292 2461 1365 2485 non
1396 2448 1457 2484 uni
1482 2447 1529 2483 illi

867 2507 978 2552 mari,
1010 2507 1111 2555 quod
1130 2507 1292 2543 Indicum
1313 2506 1389 2542 sive
1411 2505 1530 2541 Ocea-

866 2576 952 2600 num
997 2562 1194 2600 australem
1232 2562 1340 2610 vulgo
1384 2564 1528 2607 vocant,

866 2620 974 2657 fuerit
994 2620 1167 2670 propria,
1207 2619 1272 2656 sed
1293 2621 1379 2668 apta
1399 2618 1528 2665 cuique

866 2677 977 2722 mari,
1007 2677 1107 2713 cuius
1127 2677 1233 2712 situm
1254 2672 1527 2712 meridionalem

866 2733 925 2769 alii
947 2733 1053 2782 eique
1078 2731 1351 2782 septentrionali
1380 2734 1527 2767 contra-

866 2791 956 2827 rium
993 2790 1155 2827 indicare
1200 2788 1356 2826 voluerit
1390 2790 1526 2824 auctor.

865 2846 996 2896 Itaque
1025 2850 1123 2883 recte
1153 2846 1201 2883 de
1233 2844 1348 2881 Ponto
1376 2843 1527 2880 Euxino

865 2902 922 2940 hic
965 2903 1201 2952 cogitandum
1238 2914 1319 2939 esse
1359 2902 1527 2937 statuunt

1518 416 1530 432 fl

1552 339 1598 374 Hy
1623 339 1742 366 erborel
1753 360 1762 373 ‚

1518 373 1602 407 Gryp
1627 373 1654 407 i,
1683 373 1798 399 Arima-

1534 408 1582 441 pi‚
1628 407 1797 441 Issedones,

1520 440 1650 475 Scythae
1662 460 1670 473 ‚

1519 475 1623 509 mei-ii,
1642 475 1731 501 alteri
1751 474 1796 501 al-

1519 509 1592 537 teris
1612 508 1755 536 confines.

1716 440 1795 466 cim-
