1904 3304
340 551 404 595 18

133 615 177 643 Ad
210 614 409 650 Borysthenis

131 651 272 690 alterum·
287 649 365 676 latus
391 657 409 676 a
428 679 431 682 Α

130 690 328 751 aava&
343 682 408 743 {2¹31}
467 719 493 744 α

130 749 261 786 Scythae
279 750 406 785 Georgi,

469 240 555 280 308

860 235 1335 276 HERODOTI

466 347 659 402 Νευρῶν
688 344 734 389 δὲ
763 344 812 388 τό
843 344 955 399 πρὸς
985 347 1125 400 βορῆν
1156 344 1340 401 ἄνεμον,
1371 344 1531 401 ἐρῆμος
1560 344 1730 401 ἀνθρώ-

464 433 585 467 πων,
616 416 724 460 ὅσον
752 413 875 472 ἡμεῖς
904 417 1042 472 ἴδμεν.
1086 420 1223 460 ταῦτα
1251 416 1331 471 μὲν
1358 416 1476 471 παρὰ
1505 416 1582 460 τὸν
1599 416 1731 460 ’Ὑπα-

463 505 536 531 νιν
565 485 765 543 ποταμόν
795 486 884 529 ἐστι
915 486 1069 540 ἔθνεα,
1109 486 1222 542 πρὸς
1258 487 1439 544 ἑσπέρης
1476 491 1555 531 τοῦ
1586 492 1732 542 Βορυ-

464 559 657 609 σθένεος.

475 700 493 714 5!

407 834 568 873 Marcell.
587 834 706 882 XXII,
729 836 765 876 8.
785 833 904 872 Anon.
934 834 1067 886 Peripl.

409 890 446 943 ἓ.
467 893 493 932 3
514 890 582 938 (Τ.
604 891 655 927 III
678 905 714 942 p.
735 894 817 933 209
837 891 975 943 Gaii),
1007 892 1069 941 qui

407 948 544 1000 primos
565 947 613 984 ad
634 948 766 985 Istrum
787 948 953 986 habitare
977 949 1070 985 Car-

408 1004 514 1055 pidas
543 1017 587 1040 ex
617 1003 766 1054 Ephoro
809 1006 943 1051 tradit,
985 1005 1069 1042 dein

409 1061 580 1098 Aroteres
600 1060 748 1098 ulterius
770 1060 992 1111 Neurosque
1010 1074 1069 1097 us-

410 1130 482 1166 que
508 1117 556 1153 ad
576 1117 763 1165 regionem
787 1118 916 1155 iterum
945 1119 1071 1155 deser-

408 1179 483 1210 tam
507 1174 555 1209 ob
576 1173 738 1221 glaciem.
779 1174 904 1220 Iidem,
927 1175 1070 1224 opinor,

410 1233 495 1266 sunt
518 1227 664 1266 Navarz·
687 1231 784 1278 apud
806 1230 1069 1277 Ptolemaeum,

409 1287 446 1321 in
485 1286 663 1334 gubernio
692 1286 818 1322 Minsk
855 1286 1070 1333 collocandi,

409 1342 477 1378 nisi
498 1340 613 1378 fallor.
652 1341 716 1378 Cr.
749 1343 796 1380 de
822 1341 956 1379 Neuris
983 1356 1070 1380 con-

407 1398 491 1435 ferri
514 1397 591 1434 vult
614 1398 781 1447 Gotting.
805 1398 954 1448 gelehrt.
975 1397 1067 1436 Anz.

413 1455 520 1495 1815
543 1467 596 1490 nr.
621 1456 701 1495 126
722 1468 809 1505 pag.
833 1455 939 1496 1244
951 1469 1069 1505 seqq„

407 1511 531 1559 ibique
551 1511 776 1561 Orchowsky
803 1511 979 1549 Disconrs
1009 1525 1070 1549 sur

407 1566 574 1615 l'origine
601 1568 649 1604 de
678 1567 713 1604 la
741 1567 906 1617 Pologne
939 1581 999 1605 sur
1034 1568 1068 1605 Ia

407 1622 542 1672 langue
573 1627 608 1660 et
639 1623 673 1660 la
694 1624 878 1661 literature
904 1625 950 1661 de
972 1629 1068 1662 cette

407 1681 544 1716 nation.
592 1680 665 1723 Qui
693 1693 767 1717 non
791 1680 894 1717 aliter
915 1681 990 1718 sere
1014 1685 1069 1717 at-

408 1748 479 1785 que
498 1736 657 1774 Heeren.
678 1736 699 1773 l.
718 1736 740 1773 l.
781 1736 987 1774 Neurorum
1009 1750 1068 1774 se-

407 1792 472 1830 des
505 1793 610 1842 ponit
646 1793 682 1829 in
713 1793 879 1830 interiori
917 1794 1067 1831 Polonia

405 1849 693 1899 septentrionem
738 1863 864 1887 versus
913 1850 1066 1887 multum

406 1909 576 1943 extensas
618 1909 654 1943 et
690 1907 882 1943 maximam
912 1906 1067 1943 Lithua-

406 1961 488 1998 niae
547 1966 693 2011 partem
754 1963 1064 2013 complectente53

405 2018 577 2066 idemque
597 2018 802 2056 Neurorum
820 2020 974 2068 vestigia
999 2020 1066 2056 sibi

405 2075 586 2125 reperisse
605 2075 751 2112 videtur
774 2076 809 2112 in
836 2077 944 2113 fluvio
974 2076 1067 2113 Vilia

408 2128 473 2180 (ad
493 2143 601 2179 quem
622 2131 705 2168 urbs
718 2131 863 2181 Vilna)‚
894 2134 948 2169 cui
967 2133 1067 2183 apud

406 2187 600 2235 indigenas
631 2200 765 2225 nomen
804 2187 911 2225 Neris
951 2193 988 2226 et
1030 2190 1065 2226 in

406 2244 590 2279 montibus
615 2244 770 2291 Ponari,
808 2245 937 2294 quibus
967 2247 1065 2295 apud

405 2297 623 2337 Lithuaniae
651 2300 785 2337 incolas
816 2314 948 2339 nomen
982 2301 1065 2338 Pa-

406 2353 515 2391 Neris
545 2356 597 2402 (i.
628 2369 658 2393 e.
692 2369 806 2405 usque
840 2358 887 2394 ad
919 2357 1064 2406 Nerin)

404 2411 610 2460 quibusque
629 2417 862 2462 separentur,
901 2414 963 2462 qui
993 2415 1064 2451 Po-

403 2467 522 2504 Ioniae
552 2472 589 2505 et
612 2470 673 2517 qui
688 2468 908 2507 Lithuaniae
938 2470 1063 2519 lingua

403 2527 563 2560 utantur.
622 2524 670 2561 Et
710 2525 803 2562 hanc
843 2531 977 2563 terram
1015 2528 1061 2564 ob

404 2579 536 2616 multos
557 2581 708 2628 fluvios,
740 2581 857 2629 lacus,
895 2595 1062 2633 campos-

403 2648 476 2684 que
524 2635 652 2686 planos
699 2639 800 2686 genti
848 2640 1061 2688 pastoritiae

403 2691 553 2729 multum
574 2695 768 2731 convenire
791 2695 905 2731 addit.

462 2765 632 2815 Νευρῶν
665 2761 707 2803 δὲ
737 2761 781 2804 τό
807 2761 907 2815 πρὸς
930 2766 1058 2818 βορῆν

401 2816 565 2871 ἄνεμον]
605 2821 662 2858 Ad
691 2826 904 2859 structuram
929 2823 1057 2860 verbo-

398 2889 476 2914 rum
517 2879 613 2915 conf.
652 2878 783 2915 Matth.
819 2878 885 2916 Gr.
920 2879 984 2916 Gr.
1019 2877 1056 2929 ἓ.

730 556 855 611 ’Amico
904 556 1108 614 διαβάντι
1158 556 1237 601 τόν
1284 557 1583 612 Βορυσθένεα,

465 629 690 684 θαλάσσης
728 632 907 682 πρῶτον
948 629 1027 685 μὲν
1065 626 1091 686 ἡ
1130 628 1289 684 Ὑλαίη.

497 717 558 744 νω
621 699 815 743 οἰκέουσι
873 699 1054 743 Σκύθαι
1110 699 1318 756 γεωργοὶ,
1379 697 1484 752 τούς
1529 698 1734 758 Ἕλληνες

1643 557 1730 603 ἀπό
1743 564 1788 600 85

1365 626 1450 672 ἀπὸ
1489 629 1534 673 δὲ
1572 628 1733 687 ταύτης

1127 834 1209 876 437
1230 839 1308 872 not.
1330 832 1368 874 4.
1408 835 1628 884 W'esseling.
1647 835 1788 873 confert

1126 891 1260 929 similes
1289 892 1387 928 locos
1407 892 1478 937 lv,
1507 894 1570 933 20.
1601 894 1665 932 19.
1695 892 1786 933 185.

1129 949 1221 988 191.
1281 947 1370 985 Mox
1399 961 1477 984 cum
1505 948 1710 997 Schweigh.
1746 960 1788 985 ac

1127 1005 1245 1041 Gaiss.
1279 1008 1315 1042 et
1351 1004 1419 1041 hoe
1456 1004 1537 1040 Ioco
1567 1008 1603 1042 et
1634 1017 1738 1054 seqq.
1767 1017 1788 1042 e

1125 1060 1340 1098 Florentino
1361 1061 1513 1109 aliisque
1531 1060 1617 1098 dedi
1638 1060 1786 1111 ἐρῆμος

1125 1130 1192 1168 pro
1208 1117 1303 1166 vulg.
1328 1116 1492 1167 ἔρημος,
1522 1117 1625 1166 quod
1646 1118 1786 1155 retinu-

1125 1174 1197 1210 isse
1217 1174 1323 1210 video
1340 1173 1530 1210 Matthiae.
1560 1172 1609 1209 At
1632 1175 1786 1211 alterum

1126 1229 1274 1266 Ionibus
1308 1231 1424 1278 magis
1453 1229 1646 1267 convenire
1674 1234 1788 1267 testa-

1126 1290 1184 1322 tur
1206 1286 1416 1322 Buttmann.
1429 1286 1591 1322 Gramm.
1612 1286 1696 1322 mai.
1714 1286 1728 1323 Ι
1748 1299 1785 1337 p.

1127 1342 1192 1382 55.
1238 1342 1296 1380 De
1325 1342 1482 1392 Hypani
1513 1342 1587 1378 vid.
1614 1347 1705 1379 nott.
1736 1343 1786 1379 ad

1126 1398 1189 1444 IV,
1209 1397 1285 1444 523
1317 1400 1363 1436 de
1382 1398 1602 1449 Borysthene
1619 1403 1714 1436 nott.
1738 1399 1786 1436 ad

1125 1455 1197 1502 IV,
1228 1454 1293 1495 53.

1313 1512 1429 1561 Cap.
1463 1510 1595 1547 XVIII.

1180 1562 1292 1619 ’Λτοῖρ
1337 1562 1521 1618 διαβάντι
1555 1563 1627 1606 τόν
1661 1568 1787 1616 Βορυ-

1127 1622 1274 1662 σθένεα
1300 1639 1332 1662 κ.
1350 1639 1381 1662 τ.
1405 1624 1452 1672 λ.]
1495 1623 1591 1660 Hinc
1611 1635 1677 1659 sua
1697 1622 1787 1660 hau-

1125 1681 1216 1718 sisse
1236 1681 1378 1718 videtur
1395 1679 1514 1717 Anon.
1539 1678 1671 1729 Peripi.
1701 1676 1738 1729 §.
1758 1681 1786 1721 3

1124 1737 1188 1783 (Τ.
1216 1737 1265 1773 III
1295 1751 1330 1787 p.
1351 1739 1432 1777 209
1458 1736 1516 1773 ed.
1548 1736 1677 1784 Gaii).
1726 1735 1785 1774 De

1124 1793 1269 1843 Hylaea
1289 1794 1441 1829 diximus
1460 1792 1508 1829 ad
1530 1792 1593 1838 IV,
1615 1794 1650 1832 9.

1182 1847 1267 1888 ἅνω
1291 1848 1467 1889 οἰκέουσι
1479 1845 1642 1886 Σκύθαι
1660 1862 1782 1900 γεωρ-

1123 1905 1210 1958 γοί]
1270 1906 1485 1943 Palmariam
1531 1904 1783 1942 Valckenaerii

1124 1963 1420 2001 emendationem
1470 1957 1555 2000 ἅνω
1597 1974 1664 2011 pro
1715 1958 1782 1999 ἅν-

1124 2023 1286 2070 θρωποι
1307 2019 1426 2070 (quod
1447 2030 1573 2055 omnes
1594 2017 1675 2054 libri
1695 2017 1783 2054 scri-

1123 2078 1175 2127 pti
1195 2076 1228 2113 h.
1251 2076 1273 2112 l.
1303 2076 1483 2126 praebent
1514 2075 1690 2124 quodque
1717 2086 1784 2124 per

1123 2148 1377 2197 compendium
1394 2146 1502 2195 vulgo
1523 2147 1630 2185 scribi
1652 2144 1779 2197 [ὄνοι]

1123 2216 1232 2241 nemo
1272 2205 1413 2252 nescit)
1452 2204 1529 2241 iure
1566 2207 1781 2253 receperunt

1123 2260 1160 2296 in
1189 2264 1323 2297 textum
1348 2260 1484 2310 posteri
1514 2260 1671 2299 editores
1693 2272 1780 2309 pro-

1121 2316 1296 2365 bavitque
1324 2316 1424 2353 Bast.
1453 2315 1488 2351 in
1514 2316 1612 2352 Gail.
1637 2316 1777 2365 Geogr.

1122 2374 1232 2409 minn.
1257 2372 1303 2408 T.
1327 2372 1377 2408 III
1403 2383 1489 2422 pag.
1510 2370 1593 2412 245
1625 2372 1778 2422 ipseque

1121 2428 1218 2465 Gail.
1241 2427 1287 2465 T.
1310 2428 1341 2464 II
1357 2441 1392 2477 p.
1413 2430 1506 2469 399.
1549 2429 1647 2472 Quin
1667 2429 1777 2479 ipsius

1120 2484 1267 2534 Scymni
1288 2484 1389 2531 Chii,
1429 2485 1661 2522 Herodotum
1691 2497 1777 2535 pro·

1118 2540 1286 2578 babiliter
1315 2541 1549 2578 exscribentis
1575 2541 1773 2578 auctorita-

1117 2601 1154 2634 te
1191 2596 1260 2634 hoc
1305 2598 1450 2648 probari
1494 2598 1655 2643 videtur3
1701 2597 1774 2634 vid.

1115 2652 1298 2701 Fragmm.
1334 2667 1385 2690 vs.
1420 2655 1508 2694 107.
1568 2654 1666 2691 Hinc
1705 2653 1774 2691 loci

1116 2710 1299 2746 sententia
1333 2710 1468 2747 exsistit
1499 2709 1608 2748 haec:
1657 2710 1772 2757 „ln'rw

1115 2766 1255 2813 lougius
1283 2780 1306 2802 α
1342 2768 1434 2803 mari
1465 2768 1589 2803 remoti
1615 2766 1774 2817 Scythae

1114 2822 1278 2859 habitant
1316 2824 1509 2871 Georgi;“
1567 2836 1647 2860 cum
1686 2819 1772 2861 ἅνω

1114 2878 1238 2918 οἰκεῖν
1264 2884 1375 2929 atque
1407 2879 1450 2921 οἵ
1477 2876 1562 2918 ι’ίνω
1594 2880 1772 2926 dicantur,

1794 423 1875 464 289
