1904 3304
417 227 503 267 396
808 226 1279 266 HERODOTI

82 336 185 396 31⁰5&-
202 334 361 396 'ggtfffaggj
420 344 586 389 σχισται
615 334 695 389 μέν
730 350 815 377 νυν
845 333 892 376 ἐκ
922 332 1086 377 τούτου
1115 339 1196 378 τοῦ
1223 335 1392 391 χώρου,
1436 336 1609 392 οὔνομα
1640 336 1685 380 632

81 402 219 470 ‘¹333ng
240 402 359 465 ¹22ng
417 405 503 460 ἔχει
542 404 673 459 τόπερ
720 403 743 447 ὁ
784 407 926 460 χῶρος
967 403 1122 456 αὐτὸς,
1165 406 1339 461 Γὲῤῥος.
1400 407 1512 460 ῥέων
1555 406 1600 450 δ’
1642 407 1685 457 ἐς
1749 413 1831 453 307

98 470 217 497 ⁰³²³u'n·
416 475 671 526 θάλασσαν,
713 472 878 529 οὐρίζει
916 474 996 530 τήν
1041 491 1085 518 τε
1125 479 1214 519 τῶν
1253 476 1477 533 Νομάδων
1514 478 1683 535 χώρην,

413 547 488 590 καὶ
528 545 607 601 τήν
647 548 736 587 τῶν
775 548 1015 602 βασιληΐων
1054 549 1293 591 Σκυθέων·
1348 549 1517 592 ἐκδιδοῖ
1557 551 1602 593 δὲ
1643 550 1686 600 ἐς

287 614 353 659 57
412 616 491 660 τὸν
516 615 772 670 Ἥῑάκυριν.
817 615 1007 672 ’Όγδοος
1038 619 1084 662 δὲ
1115 618 1167 675 δὴ
1204 618 1364 670 Τάναϊς
1393 619 1604 675 ποταμός
1637 619 1741 672 ὂςὲο

81 678 360 747 ξῧίξζζζξᾙᾙῖῇῗὲ
418 688 505 744 ῥέει
542 686 595 731 τὰ
635 687 853 731 ἀνέκαθεν
893 689 940 733 ἐκ
981 691 1132 746 λίμνης
1171 688 1357 747 μεγάλης
1395 689 1682 747 ὁρμείόμδνθς,

81 753 205 774 currens
216 746 246 775 iu
255 747 361 776 Maeo-

358 886 478 925 Multo
510 886 637 924 melius
664 885 732 923 loci
753 899 898 923 sensum
924 887 1023 937 cepit

358 943 502 992 Lange,
524 942 737 980 vernaculus
757 943 947 993 interpreS.
967 964 1021 970 —

359 1000 432 1038 Pro
473 999 512 1046 ἐς
543 996 589 1047 ὃ,
629 1000 730 1049 quod
758 1012 883 1036 omnes
912 1000 1019 1036 codd.

358 1060 506 1103 tenent,
546 1069 619 1093 non
660 1068 769 1092 ausus
796 1069 897 1102 sum,
938 1069 1019 1093 cum

356 1113 492 1151 Struve
511 1112 532 1148 l.
551 1114 573 1149 Ι.
592 1113 624 1149 Π
645 1126 683 1163 p.
704 1111 758 1152 43
781 1111 820 1158 ἐς
843 1109 885 1151 τὸ
909 1112 964 1149 vel
982 1111 1020 1157 ἐς

357 1164 476 1217 ὅσον,
505 1168 672 1206 hocloco
691 1173 727 1206 et
744 1168 812 1215 lv,
843 1171 908 1208 71.
938 1168 1019 1214 VH,

357 1226 434 1272 50,
465 1226 527 1274 qui
561 1224 601 1270 ἐς
631 1221 652 1263 ὃ
674 1237 748 1261 non
778 1225 847 1261 nisi
868 1225 905 1261 in
929 1229 1022 1261 tem-

357 1294 448 1332 pore
482 1281 681 1318 indicando
718 1281 882 1318 adhiberi
911 1293 1021 1330 posse

357 1339 495 1375 statuit.
528 1359 580 1364 —
620 1337 679 1374 De
712 1337 858 1388 Scythis
886 1336 1021 1375 Noma-

357 1394 461 1432 dibus
482 1395 576 1431 conf.
600 1394 670 1441 lv,
703 1396 776 1441 193
806 1395 854 1432 de
875 1394 1021 1444 Scythis

355 1452 465 1500 regiis
493 1451 561 1498 lv,
591 1453 657 1490 20.

412 1506 619 1546 ἐκδιδοῐδὲ
640 1506 678 1553 ἐς
697 1503 766 1546 τόν
782 1502 1019 1558 ‘Tyroinvpmd

354 1564 459 1602 Haec
500 1564 592 1601 falso
627 1564 726 1600 tradi
760 1563 835 1599 vult
863 1563 1019 1603 Rennel.

354 1633 441 1671 pag.
466 1620 561 1661 409.
608 1619 669 1656 Tu
696 1621 821 1657 confer
850 1621 900 1656 sis
924 1624 1018 1657 nott.

355 1678 404 1715 ad
428 1678 502 1724 IV,
536 1679 598 1718 19.

553 1733 664 1783 Cap.
695 1731 811 1769 LVII.

420 1785 571 1836 Τάναϊς
611 1787 808 1839 ποταμὸς]
859 1790 917 1827 Cf.
957 1788 1020 1835 lv,

355 1849 422 1887 20.
455 1850 520 1887 21.
547 1848 612 1887 45.
639 1849 729 1888 100.
753 1848 844 1887 123.
875 1845 964 1883 Mel.
992 1846 1019 1894 l,

357 1907 421 1946 19.
448 1905 540 1944 135.
571 1903 711 1940 Arrian.
732 1901 847 1940 Anab.
869 1903 932 1949 Ill,
958 1903 1019 1940 fin.

354 1961 473 2005 Quem
512 1973 606 1997 nunc
641 1960 761 1996 vocari
794 1959 875 1996 Dan
910 1972 1017 1996 nemo

352 2018 490 2062 nesci13
525 2018 571 2054 de
598 2018 698 2053 cuius
720 2017 876 2053 nominis
896 2022 1018 2066 etymo

353 2075 449 2111 conf.
481 2078 573 2110 nott.
605 2074 652 2110 ad
686 2074 756 2120 lv,
796 2072 863 2113 48.
910 2073 1019 2110 Man-

352 2135 460 2168 nerto
494 2134 643 2167 auctore
672 2130 742 2176 IV,
783 2143 819 2180 p.
850 2131 905 2171 78
941 2130 1020 2179 ipse

355 2187 568 2225 Herodotus
628 2186 727 2223 haud
781 2186 872 2224 vidit
924 2186 1020 2223 hune

356 2256 524 2289 amnem,
570 2243 619 2279 ad
663 2244 763 2280 cuius
794 2243 890 2293 ripas
922 2242 1020 2280 nulla

354 2300 464 2337 fuerit
487 2300 710 2336 Graecorum
731 2299 890 2345 colonia3
920 2300 1019 2336 unde

352 2357 487 2393 sactum
518 2355 723 2402 existimat,
755 2360 795 2392 ut
823 2369 904 2392 eum
935 2369 1020 2405 pro-

354 2413 524 2449 babiliter
552 2412 758 2449 confuderit
782 2425 863 2448 cum
889 2412 1018 2460 Volga.

354 2469 411 2506 Cf.
434 2468 506 2515 1V,
541 2470 619 2508 123
638 2469 761 2517 ibique
782 2472 873 2505 nott.
905 2468 1018 2506 Vete-

354 2537 433 2562 rum
474 2529 511 2562 et
541 2525 784 2562 recentiorum
811 2525 1018 2562 testimonia

357 2582 404 2619 de
447 2580 571 2618 Tanai
609 2581 771 2618 exhibuit
804 2581 1017 2619 Tzscbucke

353 2638 402 2674 ad
420 2637 507 2675 Mel.
527 2638 547 2675 Ι.
573 2638 595 2674 l.
616 2641 710 2675 nott.
734 2650 863 2687 exegg.
883 2652 918 2689 p.
932 2640 1014 2679 639

353 2707 430 2744 seq.
452 2694 531 2731 Vol.
554 2695 604 2732 llI
621 2693 661 2731 P.
681 2693 724 2730 ΙΙ.

408 2748 453 2797 ὃς
464 2749 545 2802 ῥέει
556 2747 603 2789 τοὶ
617 2745 816 2789 οἷνὲκαθεν
826 2749 867 2789 ἐκ
876 2750 1016 2802 λίμνης

355 2803 531 2860 μεγάλης
558 2803 838 2859 ὁρμεῶμενος]
870 2802 1015 2846 ἐνέκα-

354 2867 432 2904 θεν
471 2865 519 2903 de
554 2864 633 2903 loco
662 2864 721 2903 hic
750 2865 1015 2916 accipiendum,

1078 885 1182 924 aliter
1210 899 1252 924 ac
1279 886 1387 936 vulgo
1408 887 1541 924 docent
1561 898 1742 936 gramma-

1078 943 1150 980 tici.
1190 944 1247 980 Cf.
1280 949 1370 980 nott.
1403 944 1451 981 ad
1480 944 1517 991 1,
1551 945 1642 984 170.
1682 942 1741 980 De

1083 999 1218 1036 Ταηαίε
1232 999 1408 1050 sontibus,
1429 1012 1522 1049 quos
1544 999 1603 1036 alii
1627 998 1743 1035 aliun-

1078 1057 1125 1093 de
1155 1062 1345 1107 repetunt,
1376 1057 1529 1106 eiusque
1546 1068 1651 1092 cursu
1669 1055 1741 1092 vid.

1079 1112 1298 1150 'l'zschucke
1339 1114 1387 1149 ad
1417 1113 1504 1150 Mel.
1544 1111 1565 1148 l.
1595 1112 1617 1148 Ι.
1651 1115 1741 1148 nott.

1079 1181 1182 1217 exeg.
1202 1183 1238 1220 p.
1253 1169 1333 1209 640
1348 1182 1451 1219 seqq.
1483 1168 1579 1205 Gail.
1601 1169 1740 1217 Geogr.

1078 1224 1169 1262 Min.
1201 1225 1249 1262 T.
1276 1225 1308 1261 ll
1335 1239 1372 1275 p.
1395 1227 1475 1266 401
1508 1226 1571 1272 (ad
1593 1225 1740 1272 Scymn.

1079 1282 1211 1318 Chium
1236 1282 1404 1331 fragmm.
1429 1294 1481 1319 vs,
1505 1278 1627 1331 129);
1667 1293 1741 1330 quo

1078 1342 1270 1385 monente,
1309 1338 1432 1389 plures
1462 1337 1603 1383 lacum,
1643 1337 1742 1374 unde

1076 1395 1271 1445 provenire
1318 1396 1449 1432 dicitur
1492 1394 1644 1440 fluvius,
1703 1394 1741 1430 in

1077 1451 1113 1488 Τ
1116 1452 1273 1489 artariae
1295 1452 1443 1488 minoris
1463 1455 1572 1500 atque
1583 1450 1740 1488 Russiae

1077 1507 1210 1544 finibus
1241 1507 1433 1545 collocant.
1479 1508 1598 1551 Quem
1624 1507 1740 1544 lacum

1076 1564 1194 1614 ipsum
1209 1577 1290 1602 esse
1310 1565 1487 1615 Caspium
1508 1576 1621 1610 mare,
1639 1563 1740 1612 quod

1077 1620 1160 1656 olim
1192 1620 1310 1658 canali
1345 1621 1504 1670 quodam
1534 1620 1739 1666 Maeoticae

1076 1677 1201 1727 paludi
1229 1678 1389 1714 iunctum
1420 1677 1553 1722 suerit,
1584 1680 1737 1713 conten-

1076 1734 1131 1770 dit
1152 1733 1303 1782 Dureau
1332 1734 1379 1771 de
1409 1733 1443 1770 la
1463 1732 1574 1771 Malle
1597 1733 1736 1782 Geogr.

1076 1790 1219 1839 physiq.
1252 1802 1338 1841 pag.
1373 1789 1450 1831 165
1483 1803 1561 1839 seq.
1611 1789 1737 1826 Malim

1076 1847 1247 1895 equidem
1277 1860 1358 1883 cum
1380 1847 1526 1884 Rittero
1557 1845 1735 1894 (Vorhall.

1076 1916 1163 1953 pag.
1185 1905 1267 1944 305
1300 1903 1379 1941 coll.
1414 1902 1606 1940 Reichard.
1623 1916 1659 1953 p.
1682 1902 1731 1942 51

1077 1965 1113 1996 et
1125 1959 1341 1997 Tzschueke
1358 1959 1381 1999 l.
1402 1959 1421 1997 Ι.
1442 1959 1500 1996 hic
1516 1960 1679 2009 cogitare
1692 1959 1739 1996 de

1075 2015 1225 2052 Ioannis
1245 2016 1346 2062 Iucu,
1377 2017 1438 2066 qui
1458 2016 1589 2053 dicitur
1617 2015 1739 2066 (Iwan

1077 2086 1106 2109 s.
1141 2072 1397 2110 Iwanowskoe-
1417 2071 1544 2123 Osero)
1585 2073 1621 2110 in
1653 2085 1739 2110 con-

1076 2130 1170 2166 finiis
1206 2131 1465 2179 guberniorum
1504 2130 1665 2167 Riaesan
1703 2133 1738 2166 et

1076 2186 1186 2224 Tulei.
1226 2187 1391 2224 Viilcker.
1419 2186 1538 2236 Myth.
1566 2184 1735 2234 Geogr.1

1075 2256 1159 2294 pag·
1190 2245 1268 2284 189
1293 2256 1370 2292 seq.
1396 2244 1432 2280 in
1461 2243 1514 2279 his
1536 2242 1647 2297 multa
1669 2242 1737 2277 mi-

1075 2313 1143 2337 nus
1185 2306 1433 2337 consentanea
1465 2298 1534 2335 sibi
1577 2299 1735 2348 reperire

1074 2357 1218 2393 videtur
1248 2357 1407 2405 indeque
1442 2354 1590 2392 Tanain
1615 2355 1734 2391 Hero-

1075 2413 1154 2449 doti
1174 2426 1246 2450 non
1269 2413 1375 2449 alium
1396 2425 1476 2449 esse
1494 2412 1642 2448 fluvium
1655 2412 1734 2462 opi—

1075 2473 1184 2506 natur
1204 2474 1316 2518 atque
1343 2469 1500 2517 Volgum.
1536 2469 1734 2505 Mannerto

1074 2538 1221 2575 quoque
1248 2525 1317 2572 lv,
1350 2528 1428 2566 109
1452 2525 1667 2562 Herodotus
1696 2525 1733 2561 in

1075 2581 1197 2618 Tanai
1243 2583 1343 2619 fonte
1380 2582 1577 2618 indicando
1610 2581 1733 2632 lapsus

1074 2651 1156 2676 esse
1194 2639 1357 2684 videtur,
1408 2651 1487 2676 cum
1518 2651 1625 2688 quem
1663 2651 1732 2689 pro

1076 2693 1216 2731 Tanais
1253 2695 1354 2732 fonte
1391 2694 1451 2732 ille
1478 2695 1665 2742 habuerit,
1703 2695 1732 2732 is

1072 2752 1171 2788 fluvii
1198 2750 1316 2789 Kanna
1348 2752 1586 2801 probabiliter
1622 2752 1733 2789 fuerit

1072 2808 1166 2844 sons.
1210 2808 1269 2847 De
1290 2809 1516 2847 sauromatis
1541 2809 1613 2846 vid.
1639 2812 1732 2846 nott.

1074 2865 1121 2902 ad
1145 2865 1214 2913 lv,
1246 2869 1311 2908 21.
