<?xml version="1.0" encoding="UTF-8"?>
<!DOCTYPE html PUBLIC "-//W3C//DTD XHTML 1.0 Transitional//EN"
    "http://www.w3.org/TR/xhtml1/DTD/xhtml1-transitional.dtd">
<html xmlns="http://www.w3.org/1999/xhtml" xml:lang="en" lang="en">
 <head>
  <title>
</title>
<meta http-equiv="Content-Type" content="text/html;charset=utf-8" />
  <meta name='ocr-system' content='tesseract 3.04.00' />
  <meta name='ocr-capabilities' content='ocr_page ocr_carea ocr_par ocr_line ocrx_word'/>
</head>
<body>
  <div class='ocr_page' id='page_1' title='image "./musaeherodoto02hero_0286.png"; bbox 0 0 1904 3304; ppageno 0'>
   <div class='ocr_carea' id='block_1_1' title="bbox 428 237 512 278">
    <p class='ocr_par' dir='ltr' id='par_1_1' title="bbox 428 237 512 278">
     <span class='ocr_line' id='line_1_1' title="bbox 428 237 512 278; baseline -0.012 0"><span class='ocrx_word' id='word_1_1' title='bbox 428 237 512 278; x_wconf 77' lang='lat'><strong>278</strong></span> 
     </span>
    </p>
   </div>
   <div class='ocr_carea' id='block_1_2' title="bbox 781 235 1291 275">
    <p class='ocr_par' dir='ltr' id='par_1_2' title="bbox 781 235 1291 275">
     <span class='ocr_line' id='line_1_2' title="bbox 781 235 1291 275; baseline 0.002 -2"><span class='ocrx_word' id='word_1_2' title='bbox 781 235 1291 275; x_wconf 67' lang='lat' dir='ltr'><strong>&#39;HERODOTl</strong></span> 
     </span>
    </p>
   </div>
   <div class='ocr_carea' id='block_1_3' title="bbox 429 343 1755 471">
    <p class='ocr_par' dir='ltr' id='par_1_3' title="bbox 429 343 1755 471">
     <span class='ocr_line' id='line_1_3' title="bbox 429 343 1755 404; baseline 0 -16"><span class='ocrx_word' id='word_1_3' title='bbox 429 345 768 389; x_wconf 78' lang='grc' dir='ltr'><strong><em>κατατείνουσαν</em></strong></span> <span class='ocrx_word' id='word_1_4' title='bbox 815 343 863 388; x_wconf 82' lang='grc' dir='ltr'><strong>ἐκ</strong></span> <span class='ocrx_word' id='word_1_5' title='bbox 910 348 1000 388; x_wconf 77' lang='grc' dir='ltr'><strong>τῶν</strong></span> <span class='ocrx_word' id='word_1_6' title='bbox 1042 348 1274 401; x_wconf 78' lang='grc' dir='ltr'><strong><em>Ταυρικῶν</em></strong></span> <span class='ocrx_word' id='word_1_7' title='bbox 1321 344 1492 401; x_wconf 81' lang='grc' dir='ltr'><em>οὐρέων</em></span> <span class='ocrx_word' id='word_1_8' title='bbox 1537 346 1581 398; x_wconf 84' lang='grc' dir='ltr'><strong>ἐς</strong></span> <span class='ocrx_word' id='word_1_9' title='bbox 1617 346 1755 404; x_wconf 84' lang='grc' dir='ltr'><em>τὴν4ο</em></span> 
     </span>
     <span class='ocr_line' id='line_1_4' title="bbox 430 413 1698 471; baseline 0.002 -12"><span class='ocrx_word' id='word_1_10' title='bbox 430 420 634 461; x_wconf 74' lang='grc' dir='ltr'><strong><em>Μαιῶτιν</em></strong></span> <span class='ocrx_word' id='word_1_11' title='bbox 663 416 838 471; x_wconf 80' lang='grc' dir='ltr'><em>λίμνην,</em></span> <span class='ocrx_word' id='word_1_12' title='bbox 869 413 979 470; x_wconf 78' lang='grc' dir='ltr'><strong><em>ἥπερ</em></strong></span> <span class='ocrx_word' id='word_1_13' title='bbox 1012 414 1098 458; x_wconf 83' lang='grc' dir='ltr'><strong><em>ἐστὶ</em></strong></span> <span class='ocrx_word' id='word_1_14' title='bbox 1127 417 1323 471; x_wconf 83' lang='grc' dir='ltr'><strong><em>μεγίστη·</em></strong></span> <span class='ocrx_word' id='word_1_15' title='bbox 1372 415 1478 471; x_wconf 74' lang='grc' dir='ltr'><strong><em>μετὰ</em></strong></span> <span class='ocrx_word' id='word_1_16' title='bbox 1509 417 1576 470; x_wconf 79' lang='grc' dir='ltr'><strong>δὲ,</strong></span> <span class='ocrx_word' id='word_1_17' title='bbox 1612 431 1698 461; x_wconf 85' lang='grc' dir='ltr'><strong><em>πει-</em></strong></span> 
     </span>
    </p>
   </div>
   <div class='ocr_carea' id='block_1_4' title="bbox 375 614 1042 2924">
    <p class='ocr_par' dir='ltr' id='par_1_4' title="bbox 375 614 1042 2924">
     <span class='ocr_line' id='line_1_5' title="bbox 376 614 1037 666; baseline 0.008 -13"><span class='ocrx_word' id='word_1_18' title='bbox 376 617 476 666; x_wconf 84' lang='lat' dir='ltr'><strong>quod</strong></span> <span class='ocrx_word' id='word_1_19' title='bbox 504 618 659 658; x_wconf 84' lang='lat' dir='ltr'>dederat</span> <span class='ocrx_word' id='word_1_20' title='bbox 684 620 929 658; x_wconf 86' lang='lat' dir='ltr'><strong>Casaubonus</strong></span> <span class='ocrx_word' id='word_1_21' title='bbox 952 614 1037 658; x_wconf 71' lang='lat' dir='ltr'><strong>Toi—</strong></span> 
     </span>
     <span class='ocr_line' id='line_1_6' title="bbox 376 671 1035 725; baseline 0.002 -13"><span class='ocrx_word' id='word_1_22' title='bbox 376 688 489 724; x_wconf 82' lang='grc' dir='ltr'><strong><em>φριοι</em></strong></span> <span class='ocrx_word' id='word_1_23' title='bbox 515 674 602 724; x_wconf 89' lang='lat' dir='ltr'><strong>(pro</strong></span> <span class='ocrx_word' id='word_1_24' title='bbox 625 671 818 725; x_wconf 78' lang='grc' dir='ltr'><strong><em>Τάφιοι),</em></strong></span> <span class='ocrx_word' id='word_1_25' title='bbox 856 677 893 714; x_wconf 91' lang='grc'><strong>1(1</strong></span> <span class='ocrx_word' id='word_1_26' title='bbox 918 677 1035 713; x_wconf 89' lang='lat' dir='ltr'><strong>Gros-</strong></span> 
     </span>
     <span class='ocr_line' id='line_1_7' title="bbox 375 731 1037 784; baseline 0.005 -17"><span class='ocrx_word' id='word_1_27' title='bbox 375 731 481 767; x_wconf 86' lang='lat' dir='ltr'><strong>kurd.</strong></span> <span class='ocrx_word' id='word_1_28' title='bbox 503 732 714 770; x_wconf 89' lang='lat' dir='ltr'><strong>vernaculus</strong></span> <span class='ocrx_word' id='word_1_29' title='bbox 733 733 926 784; x_wconf 87' lang='lat' dir='ltr'><strong>interpres,</strong></span> <span class='ocrx_word' id='word_1_30' title='bbox 941 745 1037 770; x_wconf 88' lang='lat' dir='ltr'><strong>nunc</strong></span> 
     </span>
     <span class='ocr_line' id='line_1_8' title="bbox 375 788 1035 842; baseline 0.003 -19"><span class='ocrx_word' id='word_1_31' title='bbox 375 791 555 825; x_wconf 85' lang='lat' dir='ltr'><strong>mutatum</strong></span> <span class='ocrx_word' id='word_1_32' title='bbox 577 788 654 827; x_wconf 90' lang='lat' dir='ltr'><strong>vult</strong></span> <span class='ocrx_word' id='word_1_33' title='bbox 675 791 711 826; x_wconf 88' lang='lat' dir='ltr'><strong>in</strong></span> <span class='ocrx_word' id='word_1_34' title='bbox 735 788 899 842; x_wconf 79' lang='grc' dir='ltr'><strong><em>Ταῦροι.</em></strong></span> <span class='ocrx_word' id='word_1_35' title='bbox 937 789 1035 826; x_wconf 90' lang='grc' dir='ltr'><strong>Α(1(1.</strong></span> 
     </span>
     <span class='ocr_line' id='line_1_9' title="bbox 375 842 1037 894; baseline 0.005 -15"><span class='ocrx_word' id='word_1_36' title='bbox 375 842 463 880; x_wconf 89' lang='lat' dir='ltr'><strong>Mel.</strong></span> <span class='ocrx_word' id='word_1_37' title='bbox 498 842 544 891; x_wconf 82' lang='lat' dir='ltr'><strong>ll,</strong></span> <span class='ocrx_word' id='word_1_38' title='bbox 569 847 605 893; x_wconf 91' lang='lat'><strong>1,</strong></span> <span class='ocrx_word' id='word_1_39' title='bbox 635 848 710 888; x_wconf 82' lang='lat'><strong>39:</strong></span> <span class='ocrx_word' id='word_1_40' title='bbox 761 847 902 894; x_wconf 89' lang='lat' dir='ltr'><strong>„Quod</strong></span> <span class='ocrx_word' id='word_1_41' title='bbox 941 846 1037 883; x_wconf 88' lang='lat' dir='ltr'><strong>inter</strong></span> 
     </span>
     <span class='ocr_line' id='line_1_10' title="bbox 376 899 1038 952; baseline 0.005 -17"><span class='ocrx_word' id='word_1_42' title='bbox 376 899 547 950; x_wconf 84' lang='lat' dir='ltr'>paludem</span> <span class='ocrx_word' id='word_1_43' title='bbox 567 907 605 939; x_wconf 85' lang='lat' dir='ltr'><strong>et</strong></span> <span class='ocrx_word' id='word_1_44' title='bbox 621 903 739 940; x_wconf 90' lang='lat' dir='ltr'><strong>sinum</strong></span> <span class='ocrx_word' id='word_1_45' title='bbox 759 908 836 952; x_wconf 85' lang='lat' dir='ltr'><strong>est,</strong></span> <span class='ocrx_word' id='word_1_46' title='bbox 871 902 1038 952; x_wconf 69' lang='lat' dir='ltr'><strong>Taphrae</strong></span> 
     </span>
     <span class='ocr_line' id='line_1_11' title="bbox 376 957 1039 997; baseline 0.008 -5"><span class='ocrx_word' id='word_1_47' title='bbox 376 957 624 995; x_wconf 74' lang='lat' dir='ltr'><strong>nominatur.“</strong></span> <span class='ocrx_word' id='word_1_48' title='bbox 682 959 737 997; x_wconf 88' lang='lat' dir='ltr'><strong>Ac</strong></span> <span class='ocrx_word' id='word_1_49' title='bbox 755 972 820 996; x_wconf 87' lang='lat' dir='ltr'><strong>sua</strong></span> <span class='ocrx_word' id='word_1_50' title='bbox 840 960 958 996; x_wconf 90' lang='lat' dir='ltr'><strong>adhuc</strong></span> <span class='ocrx_word' id='word_1_51' title='bbox 976 972 1039 996; x_wconf 88' lang='lat' dir='ltr'><strong>ae-</strong></span> 
     </span>
     <span class='ocr_line' id='line_1_12' title="bbox 375 1013 1037 1067; baseline 0.003 -17"><span class='ocrx_word' id='word_1_52' title='bbox 375 1018 451 1050; x_wconf 90' lang='lat' dir='ltr'><strong>tate</strong></span> <span class='ocrx_word' id='word_1_53' title='bbox 469 1013 563 1050; x_wconf 83' lang='lat' dir='ltr'><strong>hanc</strong></span> <span class='ocrx_word' id='word_1_54' title='bbox 582 1016 716 1053; x_wconf 83' lang='lat' dir='ltr'><strong>fossam</strong></span> <span class='ocrx_word' id='word_1_55' title='bbox 733 1017 831 1054; x_wconf 75' lang='lat' dir='ltr'><strong>terra</strong></span> <span class='ocrx_word' id='word_1_56' title='bbox 851 1015 1037 1067; x_wconf 83' lang='lat' dir='ltr'><strong>oppletam</strong></span> 
     </span>
     <span class='ocr_line' id='line_1_13' title="bbox 377 1071 1038 1110; baseline 0.002 -3"><span class='ocrx_word' id='word_1_57' title='bbox 377 1071 489 1107; x_wconf 80' lang='lat' dir='ltr'><strong>fuisse</strong></span> <span class='ocrx_word' id='word_1_58' title='bbox 520 1072 641 1108; x_wconf 81' lang='lat' dir='ltr'>scribit</span> <span class='ocrx_word' id='word_1_59' title='bbox 671 1072 907 1110; x_wconf 83' lang='lat' dir='ltr'><strong>constantin.</strong></span> <span class='ocrx_word' id='word_1_60' title='bbox 948 1072 1038 1109; x_wconf 88' lang='lat' dir='ltr'><strong>Por-</strong></span> 
     </span>
     <span class='ocr_line' id='line_1_14' title="bbox 376 1126 1038 1180; baseline 0.005 -19"><span class='ocrx_word' id='word_1_61' title='bbox 376 1126 480 1177; x_wconf 85' lang='lat' dir='ltr'><strong>phyr.</strong></span> <span class='ocrx_word' id='word_1_62' title='bbox 507 1127 553 1164; x_wconf 91' lang='lat' dir='ltr'><strong>de</strong></span> <span class='ocrx_word' id='word_1_63' title='bbox 574 1128 777 1166; x_wconf 89' lang='lat' dir='ltr'><strong>administr.</strong></span> <span class='ocrx_word' id='word_1_64' title='bbox 801 1130 926 1180; x_wconf 90' lang='lat' dir='ltr'><strong>imper.</strong></span> <span class='ocrx_word' id='word_1_65' title='bbox 957 1140 1038 1178; x_wconf 89' lang='lat' dir='ltr'><strong>cap.</strong></span> 
     </span>
     <span class='ocr_line' id='line_1_15' title="bbox 376 1182 1041 1231; baseline 0.008 -14"><span class='ocrx_word' id='word_1_66' title='bbox 376 1182 454 1228; x_wconf 80' lang='lat'><strong>423</strong></span> <span class='ocrx_word' id='word_1_67' title='bbox 483 1183 570 1231; x_wconf 89' lang='lat' dir='ltr'><strong>quin</strong></span> <span class='ocrx_word' id='word_1_68' title='bbox 588 1185 709 1222; x_wconf 90' lang='lat' dir='ltr'><strong>medio</strong></span> <span class='ocrx_word' id='word_1_69' title='bbox 728 1198 820 1223; x_wconf 82' lang='lat' dir='ltr'><strong>aevo</strong></span> <span class='ocrx_word' id='word_1_70' title='bbox 837 1185 1041 1223; x_wconf 88' lang='lat' dir='ltr'><strong>munimen·</strong></span> 
     </span>
     <span class='ocr_line' id='line_1_16' title="bbox 377 1238 1042 1291; baseline 0.005 -16"><span class='ocrx_word' id='word_1_71' title='bbox 377 1244 417 1275; x_wconf 88' lang='lat' dir='ltr'><strong>ta</strong></span> <span class='ocrx_word' id='word_1_72' title='bbox 445 1238 552 1276; x_wconf 86' lang='lat' dir='ltr'><strong>valde</strong></span> <span class='ocrx_word' id='word_1_73' title='bbox 590 1240 711 1291; x_wconf 87' lang='lat' dir='ltr'><strong>ampla</strong></span> <span class='ocrx_word' id='word_1_74' title='bbox 749 1240 821 1279; x_wconf 90' lang='lat' dir='ltr'><strong>illic</strong></span> <span class='ocrx_word' id='word_1_75' title='bbox 857 1246 1042 1279; x_wconf 82' lang='lat' dir='ltr'><strong>exstructa</strong></span> 
     </span>
     <span class='ocr_line' id='line_1_17' title="bbox 377 1295 1041 1344; baseline 0.003 -12"><span class='ocrx_word' id='word_1_76' title='bbox 377 1295 490 1332; x_wconf 80' lang='lat' dir='ltr'><strong>fuisse</strong></span> <span class='ocrx_word' id='word_1_77' title='bbox 520 1302 711 1344; x_wconf 87' lang='lat' dir='ltr'><strong>asserunt,</strong></span> <span class='ocrx_word' id='word_1_78' title='bbox 757 1298 817 1336; x_wconf 92' lang='lat' dir='ltr'><strong>ubi</strong></span> <span class='ocrx_word' id='word_1_79' title='bbox 848 1310 943 1335; x_wconf 88' lang='lat' dir='ltr'><strong>nunc</strong></span> <span class='ocrx_word' id='word_1_80' title='bbox 972 1296 1041 1334; x_wconf 87' lang='lat' dir='ltr'><strong>Pe-</strong></span> 
     </span>
     <span class='ocr_line' id='line_1_18' title="bbox 377 1352 1042 1404; baseline 0.006 -16"><span class='ocrx_word' id='word_1_81' title='bbox 377 1365 498 1401; x_wconf 78' lang='lat' dir='ltr'><strong>recop,</strong></span> <span class='ocrx_word' id='word_1_82' title='bbox 529 1365 557 1390; x_wconf 91' lang='lat' dir='ltr'><strong>s.</strong></span> <span class='ocrx_word' id='word_1_83' title='bbox 586 1353 639 1389; x_wconf 85' lang='lat' dir='ltr'><strong>Or</strong></span> <span class='ocrx_word' id='word_1_84' title='bbox 659 1352 781 1404; x_wconf 76' lang='lat' dir='ltr'><strong>Kapi,</strong></span> <span class='ocrx_word' id='word_1_85' title='bbox 819 1355 921 1404; x_wconf 90' lang='lat' dir='ltr'><strong>quod</strong></span> <span class='ocrx_word' id='word_1_86' title='bbox 943 1354 1042 1392; x_wconf 90' lang='lat' dir='ltr'><strong>idem</strong></span> 
     </span>
     <span class='ocr_line' id='line_1_19' title="bbox 377 1407 1040 1449; baseline 0.006 -5"><span class='ocrx_word' id='word_1_87' title='bbox 377 1407 498 1446; x_wconf 88' lang='lat' dir='ltr'><strong>valere</strong></span> <span class='ocrx_word' id='word_1_88' title='bbox 527 1409 665 1447; x_wconf 91' lang='lat' dir='ltr'><strong>dicunt.</strong></span> <span class='ocrx_word' id='word_1_89' title='bbox 716 1410 797 1448; x_wconf 91' lang='lat' dir='ltr'><strong>Vid.</strong></span> <span class='ocrx_word' id='word_1_90' title='bbox 816 1410 972 1449; x_wconf 89' lang='lat' dir='ltr'><strong>Rennel.</strong></span> <span class='ocrx_word' id='word_1_91' title='bbox 1003 1411 1040 1448; x_wconf 88' lang='lat' dir='ltr'><strong>in</strong></span> 
     </span>
     <span class='ocr_line' id='line_1_20' title="bbox 379 1465 1039 1518; baseline 0.009 -17"><span class='ocrx_word' id='word_1_92' title='bbox 379 1465 518 1514; x_wconf 90' lang='lat' dir='ltr'><strong>Geogr.</strong></span> <span class='ocrx_word' id='word_1_93' title='bbox 544 1466 688 1504; x_wconf 87' lang='lat' dir='ltr'><strong>Herod.</strong></span> <span class='ocrx_word' id='word_1_94' title='bbox 714 1479 801 1518; x_wconf 83' lang='lat' dir='ltr'><strong>pag.</strong></span> <span class='ocrx_word' id='word_1_95' title='bbox 824 1465 919 1509; x_wconf 85' lang='lat'><strong>418.</strong></span> <span class='ocrx_word' id='word_1_96' title='bbox 942 1467 1039 1509; x_wconf 80' lang='lat'><strong>419.</strong></span> 
     </span>
     <span class='ocr_line' id='line_1_21' title="bbox 378 1519 1039 1562; baseline 0.003 -3"><span class='ocrx_word' id='word_1_97' title='bbox 378 1519 415 1559; x_wconf 86' lang='lat' dir='ltr'>T</span> <span class='ocrx_word' id='word_1_98' title='bbox 417 1521 596 1560; x_wconf 89' lang='lat' dir='ltr'><strong>zschucke</strong></span> <span class='ocrx_word' id='word_1_99' title='bbox 633 1524 681 1561; x_wconf 89' lang='lat' dir='ltr'><strong>ad</strong></span> <span class='ocrx_word' id='word_1_100' title='bbox 713 1523 800 1562; x_wconf 82' lang='lat' dir='ltr'><strong>Mel.</strong></span> <span class='ocrx_word' id='word_1_101' title='bbox 830 1523 853 1561; x_wconf 89' lang='lat' dir='ltr'><strong>l.</strong></span> <span class='ocrx_word' id='word_1_102' title='bbox 883 1523 907 1561; x_wconf 92' lang='lat' dir='ltr'><strong>l.</strong></span> <span class='ocrx_word' id='word_1_103' title='bbox 945 1528 1039 1561; x_wconf 83' lang='lat' dir='ltr'><strong>nott.</strong></span> 
     </span>
     <span class='ocr_line' id='line_1_22' title="bbox 381 1579 1041 1631; baseline 0.005 -17"><span class='ocrx_word' id='word_1_104' title='bbox 381 1590 514 1627; x_wconf 88' lang='lat' dir='ltr'><strong>exegg.</strong></span> <span class='ocrx_word' id='word_1_105' title='bbox 540 1591 579 1629; x_wconf 89' lang='lat' dir='ltr'><strong>p.</strong></span> <span class='ocrx_word' id='word_1_106' title='bbox 600 1581 667 1620; x_wconf 78' lang='lat'><strong>22.</strong></span> <span class='ocrx_word' id='word_1_107' title='bbox 718 1579 771 1617; x_wconf 84' lang='lat' dir='ltr'><strong>Ac</strong></span> <span class='ocrx_word' id='word_1_108' title='bbox 792 1581 840 1618; x_wconf 92' lang='lat' dir='ltr'><strong>de</strong></span> <span class='ocrx_word' id='word_1_109' title='bbox 870 1580 938 1617; x_wconf 89' lang='lat' dir='ltr'><strong>hac</strong></span> <span class='ocrx_word' id='word_1_110' title='bbox 960 1581 1041 1631; x_wconf 87' lang='lat' dir='ltr'><strong>ipsa</strong></span> 
     </span>
     <span class='ocr_line' id='line_1_23' title="bbox 378 1634 1042 1686; baseline 0.005 -16"><span class='ocrx_word' id='word_1_111' title='bbox 378 1634 478 1672; x_wconf 79' lang='lat' dir='ltr'><strong>fossa</strong></span> <span class='ocrx_word' id='word_1_112' title='bbox 505 1636 604 1686; x_wconf 88' lang='lat' dir='ltr'><strong>apud</strong></span> <span class='ocrx_word' id='word_1_113' title='bbox 625 1635 857 1673; x_wconf 82' lang='lat' dir='ltr'><strong>Herodotum</strong></span> <span class='ocrx_word' id='word_1_114' title='bbox 876 1637 1042 1685; x_wconf 89' lang='lat' dir='ltr'><strong>cogitan-</strong></span> 
     </span>
     <span class='ocr_line' id='line_1_24' title="bbox 380 1691 1040 1731; baseline 0.005 -4"><span class='ocrx_word' id='word_1_115' title='bbox 380 1691 467 1727; x_wconf 88' lang='lat' dir='ltr'><strong>dum</strong></span> <span class='ocrx_word' id='word_1_116' title='bbox 509 1704 591 1729; x_wconf 88' lang='lat' dir='ltr'><strong>esse</strong></span> <span class='ocrx_word' id='word_1_117' title='bbox 630 1693 762 1729; x_wconf 80' lang='lat' dir='ltr'><strong>statuit</strong></span> <span class='ocrx_word' id='word_1_118' title='bbox 799 1693 968 1731; x_wconf 88' lang='lat' dir='ltr'><strong>Danville</strong></span> <span class='ocrx_word' id='word_1_119' title='bbox 1002 1693 1040 1730; x_wconf 88' lang='lat' dir='ltr'><strong>in</strong></span> 
     </span>
     <span class='ocr_line' id='line_1_25' title="bbox 379 1746 1038 1800; baseline 0.005 -17"><span class='ocrx_word' id='word_1_120' title='bbox 379 1746 491 1784; x_wconf 85' lang='lat' dir='ltr'><strong>Me&#39;m.</strong></span> <span class='ocrx_word' id='word_1_121' title='bbox 521 1749 569 1785; x_wconf 89' lang='lat' dir='ltr'><strong>de</strong></span> <span class='ocrx_word' id='word_1_122' title='bbox 604 1747 625 1785; x_wconf 90' lang='lat' dir='ltr'><strong>l&#39;</strong></span> <span class='ocrx_word' id='word_1_123' title='bbox 645 1747 763 1786; x_wconf 83' lang='lat' dir='ltr'><strong>Acad.</strong></span> <span class='ocrx_word' id='word_1_124' title='bbox 794 1750 831 1787; x_wconf 92' lang='lat' dir='ltr'><strong>d.</strong></span> <span class='ocrx_word' id='word_1_125' title='bbox 857 1750 1038 1800; x_wconf 86' lang='lat' dir='ltr'><strong>lnscriptt.</strong></span> 
     </span>
     <span class='ocr_line' id='line_1_26' title="bbox 380 1803 1040 1856; baseline 0.003 -16"><span class='ocrx_word' id='word_1_126' title='bbox 380 1803 428 1840; x_wconf 93' lang='lat' dir='ltr'><strong>T.</strong></span> <span class='ocrx_word' id='word_1_127' title='bbox 462 1803 603 1841; x_wconf 88' lang='lat' dir='ltr'>XXXV</span> <span class='ocrx_word' id='word_1_128' title='bbox 635 1817 721 1856; x_wconf 90' lang='lat' dir='ltr'><strong>pag.</strong></span> <span class='ocrx_word' id='word_1_129' title='bbox 753 1806 859 1854; x_wconf 75' lang='lat'><strong>5813</strong></span> <span class='ocrx_word' id='word_1_130' title='bbox 905 1807 1040 1856; x_wconf 88' lang='lat' dir='ltr'><strong>impro-</strong></span> 
     </span>
     <span class='ocr_line' id='line_1_27' title="bbox 379 1860 1040 1911; baseline 0.006 -15"><span class='ocrx_word' id='word_1_131' title='bbox 379 1861 490 1898; x_wconf 87' lang='lat' dir='ltr'><strong>bante</strong></span> <span class='ocrx_word' id='word_1_132' title='bbox 511 1860 707 1899; x_wconf 86' lang='lat' dir='ltr'><strong>Mannerto</strong></span> <span class='ocrx_word' id='word_1_133' title='bbox 720 1889 732 1908; x_wconf 89' lang='lat'><strong>,</strong></span> <span class='ocrx_word' id='word_1_134' title='bbox 761 1862 822 1911; x_wconf 93' lang='lat' dir='ltr'><strong>qui</strong></span> <span class='ocrx_word' id='word_1_135' title='bbox 842 1863 879 1899; x_wconf 91' lang='lat' dir='ltr'><strong>in</strong></span> <span class='ocrx_word' id='word_1_136' title='bbox 900 1863 1040 1911; x_wconf 89' lang='lat' dir='ltr'><strong>Geogr.</strong></span> 
     </span>
     <span class='ocr_line' id='line_1_28' title="bbox 379 1917 1040 1970; baseline 0.011 -18"><span class='ocrx_word' id='word_1_137' title='bbox 379 1917 533 1954; x_wconf 85' lang='lat' dir='ltr'><strong>Graece.</strong></span> <span class='ocrx_word' id='word_1_138' title='bbox 562 1922 599 1954; x_wconf 86' lang='lat' dir='ltr'><strong>et</strong></span> <span class='ocrx_word' id='word_1_139' title='bbox 617 1919 800 1956; x_wconf 86' lang='lat' dir='ltr'><strong>Romann.</strong></span> <span class='ocrx_word' id='word_1_140' title='bbox 822 1918 871 1955; x_wconf 90' lang='lat' dir='ltr'><strong>lV</strong></span> <span class='ocrx_word' id='word_1_141' title='bbox 899 1933 934 1970; x_wconf 88' lang='lat' dir='ltr'><strong>p.</strong></span> <span class='ocrx_word' id='word_1_142' title='bbox 957 1918 1040 1959; x_wconf 82' lang='lat'><strong>294</strong></span> 
     </span>
     <span class='ocr_line' id='line_1_29' title="bbox 379 1972 1041 2024; baseline 0.003 -14"><span class='ocrx_word' id='word_1_143' title='bbox 379 1973 426 2010; x_wconf 87' lang='lat' dir='ltr'><strong>ab</strong></span> <span class='ocrx_word' id='word_1_144' title='bbox 469 1972 535 2010; x_wconf 89' lang='lat' dir='ltr'><strong>hac</strong></span> <span class='ocrx_word' id='word_1_145' title='bbox 563 1975 663 2012; x_wconf 90' lang='lat' dir='ltr'><strong>fossa</strong></span> <span class='ocrx_word' id='word_1_146' title='bbox 701 1986 724 2012; x_wconf 87' lang='lat' dir='ltr'><strong>a</strong></span> <span class='ocrx_word' id='word_1_147' title='bbox 750 1975 894 2024; x_wconf 84' lang='lat' dir='ltr'><strong>Scythis</strong></span> <span class='ocrx_word' id='word_1_148' title='bbox 931 1976 1041 2012; x_wconf 88' lang='lat' dir='ltr'><strong>ducta</strong></span> 
     </span>
     <span class='ocr_line' id='line_1_30' title="bbox 381 2029 1040 2079; baseline 0.003 -13"><span class='ocrx_word' id='word_1_149' title='bbox 381 2029 474 2067; x_wconf 88' lang='lat' dir='ltr'><strong>bene</strong></span> <span class='ocrx_word' id='word_1_150' title='bbox 497 2030 795 2079; x_wconf 82' lang='lat' dir='ltr'><strong>distinguendam</strong></span> <span class='ocrx_word' id='word_1_151' title='bbox 815 2044 894 2070; x_wconf 89' lang='lat' dir='ltr'><strong>esse</strong></span> <span class='ocrx_word' id='word_1_152' title='bbox 916 2036 1040 2069; x_wconf 84' lang='lat' dir='ltr'><strong>monet</strong></span> 
     </span>
     <span class='ocr_line' id='line_1_31' title="bbox 381 2088 1039 2138; baseline 0.005 -16"><span class='ocrx_word' id='word_1_153' title='bbox 381 2097 484 2133; x_wconf 85' lang='lat' dir='ltr'><strong>eam,</strong></span> <span class='ocrx_word' id='word_1_154' title='bbox 522 2099 618 2136; x_wconf 88' lang='lat' dir='ltr'><strong>quae</strong></span> <span class='ocrx_word' id='word_1_155' title='bbox 638 2101 705 2138; x_wconf 93' lang='lat' dir='ltr'><strong>per</strong></span> <span class='ocrx_word' id='word_1_156' title='bbox 725 2088 899 2125; x_wconf 85' lang='lat' dir='ltr'><strong>Isthmum</strong></span> <span class='ocrx_word' id='word_1_157' title='bbox 926 2088 1039 2126; x_wconf 91' lang='lat' dir='ltr'><strong>multo</strong></span> 
     </span>
     <span class='ocr_line' id='line_1_32' title="bbox 379 2144 1040 2194; baseline 0.008 -16"><span class='ocrx_word' id='word_1_158' title='bbox 379 2146 511 2191; x_wconf 88' lang='lat' dir='ltr'><strong>postea</strong></span> <span class='ocrx_word' id='word_1_159' title='bbox 531 2144 642 2181; x_wconf 89' lang='lat' dir='ltr'><strong>suerit</strong></span> <span class='ocrx_word' id='word_1_160' title='bbox 661 2144 840 2194; x_wconf 83' lang='lat' dir='ltr'><strong>deducta,</strong></span> <span class='ocrx_word' id='word_1_161' title='bbox 880 2145 1040 2194; x_wconf 84' lang='lat' dir='ltr'><strong>itemque</strong></span> 
     </span>
     <span class='ocr_line' id='line_1_33' title="bbox 379 2198 1041 2247; baseline 0.005 -12"><span class='ocrx_word' id='word_1_162' title='bbox 379 2198 581 2236; x_wconf 86' lang='lat' dir='ltr'><strong>Niebuhrio</strong></span> <span class='ocrx_word' id='word_1_163' title='bbox 593 2199 838 2247; x_wconf 90' lang='lat' dir='ltr'><strong>(Vermischte</strong></span> <span class='ocrx_word' id='word_1_164' title='bbox 857 2201 1041 2240; x_wconf 77' lang='lat' dir='ltr'><strong>Schriften</strong></span> 
     </span>
     <span class='ocr_line' id='line_1_34' title="bbox 381 2254 1041 2307; baseline 0.008 -17"><span class='ocrx_word' id='word_1_165' title='bbox 381 2254 394 2290; x_wconf 88' lang='grc' dir='ltr'>Ι</span> <span class='ocrx_word' id='word_1_166' title='bbox 417 2267 502 2305; x_wconf 93' lang='lat' dir='ltr'><strong>pag.</strong></span> <span class='ocrx_word' id='word_1_167' title='bbox 527 2256 652 2303; x_wconf 90' lang='lat'>157),</span> <span class='ocrx_word' id='word_1_168' title='bbox 686 2270 760 2307; x_wconf 88' lang='lat' dir='ltr'><strong>quo</strong></span> <span class='ocrx_word' id='word_1_169' title='bbox 779 2262 929 2296; x_wconf 86' lang='lat' dir='ltr'><strong>auctore</strong></span> <span class='ocrx_word' id='word_1_170' title='bbox 943 2259 1041 2295; x_wconf 84' lang='lat' dir='ltr'><strong>fossa</strong></span> 
     </span>
     <span class='ocr_line' id='line_1_35' title="bbox 380 2311 1042 2363; baseline 0.006 -16"><span class='ocrx_word' id='word_1_171' title='bbox 380 2311 470 2348; x_wconf 89' lang='lat' dir='ltr'><strong>haec</strong></span> <span class='ocrx_word' id='word_1_172' title='bbox 488 2311 526 2348; x_wconf 90' lang='lat' dir='ltr'><strong>in</strong></span> <span class='ocrx_word' id='word_1_173' title='bbox 544 2312 750 2351; x_wconf 90' lang='lat' dir='ltr'><strong>Crimmaea</strong></span> <span class='ocrx_word' id='word_1_174' title='bbox 778 2314 902 2362; x_wconf 90' lang='lat' dir='ltr'><strong>utique</strong></span> <span class='ocrx_word' id='word_1_175' title='bbox 929 2327 1042 2363; x_wconf 86' lang='lat' dir='ltr'><strong>quae-</strong></span> 
     </span>
     <span class='ocr_line' id='line_1_36' title="bbox 379 2367 1039 2421; baseline 0.006 -18"><span class='ocrx_word' id='word_1_176' title='bbox 379 2367 516 2414; x_wconf 85' lang='lat' dir='ltr'><strong>renda,</strong></span> <span class='ocrx_word' id='word_1_177' title='bbox 554 2380 674 2417; x_wconf 82' lang='lat' dir='ltr'><strong>neque</strong></span> <span class='ocrx_word' id='word_1_178' title='bbox 705 2374 828 2406; x_wconf 87' lang='lat' dir='ltr'><strong>tamen</strong></span> <span class='ocrx_word' id='word_1_179' title='bbox 858 2371 957 2421; x_wconf 89' lang='lat' dir='ltr'><strong>apud</strong></span> <span class='ocrx_word' id='word_1_180' title='bbox 986 2370 1039 2407; x_wconf 91' lang='lat' dir='ltr'><strong>lo-</strong></span> 
     </span>
     <span class='ocr_line' id='line_1_37' title="bbox 380 2423 1040 2475; baseline 0.008 -16"><span class='ocrx_word' id='word_1_181' title='bbox 380 2436 460 2460; x_wconf 90' lang='lat' dir='ltr'><strong>eum</strong></span> <span class='ocrx_word' id='word_1_182' title='bbox 479 2423 646 2475; x_wconf 85' lang='lat' dir='ltr'><strong>Perekop</strong></span> <span class='ocrx_word' id='word_1_183' title='bbox 659 2454 670 2471; x_wconf 86' lang='lat'>‚</span> <span class='ocrx_word' id='word_1_184' title='bbox 700 2426 765 2462; x_wconf 89' lang='lat' dir='ltr'><strong>sed</strong></span> <span class='ocrx_word' id='word_1_185' title='bbox 785 2425 830 2462; x_wconf 88' lang='lat' dir='ltr'><strong>ab</strong></span> <span class='ocrx_word' id='word_1_186' title='bbox 851 2427 1040 2464; x_wconf 87' lang='lat' dir='ltr'><strong>occidente</strong></span> 
     </span>
     <span class='ocr_line' id='line_1_38' title="bbox 379 2479 1038 2531; baseline 0.005 -16"><span class='ocrx_word' id='word_1_187' title='bbox 379 2479 559 2529; x_wconf 75' lang='lat' dir='ltr'><strong>Bospori,</strong></span> <span class='ocrx_word' id='word_1_188' title='bbox 589 2493 696 2529; x_wconf 87' lang='lat' dir='ltr'><strong>quem</strong></span> <span class='ocrx_word' id='word_1_189' title='bbox 717 2481 814 2531; x_wconf 87' lang='lat' dir='ltr'><strong>prius</strong></span> <span class='ocrx_word' id='word_1_190' title='bbox 840 2482 1038 2529; x_wconf 86' lang='lat' dir='ltr'><strong>Cimmerii,</strong></span> 
     </span>
     <span class='ocr_line' id='line_1_39' title="bbox 379 2535 1037 2585; baseline 0.008 -14"><span class='ocrx_word' id='word_1_191' title='bbox 379 2548 402 2572; x_wconf 86' lang='lat' dir='ltr'><strong>a</strong></span> <span class='ocrx_word' id='word_1_192' title='bbox 419 2535 565 2585; x_wconf 90' lang='lat' dir='ltr'><strong>Scythis</strong></span> <span class='ocrx_word' id='word_1_193' title='bbox 583 2537 708 2583; x_wconf 87' lang='lat' dir='ltr'><strong>eiecti,</strong></span> <span class='ocrx_word' id='word_1_194' title='bbox 736 2538 955 2575; x_wconf 84' lang='lat' dir='ltr'><strong>traiecerint.</strong></span> <span class='ocrx_word' id='word_1_195' title='bbox 997 2540 1037 2576; x_wconf 89' lang='lat' dir='ltr'><strong>ln</strong></span> 
     </span>
     <span class='ocr_line' id='line_1_40' title="bbox 380 2592 1035 2644; baseline 0.008 -17"><span class='ocrx_word' id='word_1_196' title='bbox 380 2592 478 2628; x_wconf 91' lang='lat' dir='ltr'><strong>cuius</strong></span> <span class='ocrx_word' id='word_1_197' title='bbox 497 2593 563 2629; x_wconf 83' lang='lat' dir='ltr'><strong>viri</strong></span> <span class='ocrx_word' id='word_1_198' title='bbox 584 2594 764 2630; x_wconf 81' lang='lat' dir='ltr'><strong>sententia</strong></span> <span class='ocrx_word' id='word_1_199' title='bbox 785 2605 872 2630; x_wconf 82' lang='lat' dir='ltr'><strong>sane</strong></span> <span class='ocrx_word' id='word_1_200' title='bbox 889 2595 1035 2644; x_wconf 86' lang='lat' dir='ltr'><strong>acquie-</strong></span> 
     </span>
     <span class='ocr_line' id='line_1_41' title="bbox 380 2648 1037 2698; baseline 0.006 -14"><span class='ocrx_word' id='word_1_201' title='bbox 380 2648 577 2695; x_wconf 87' lang='lat' dir='ltr'><strong>scendum,</strong></span> <span class='ocrx_word' id='word_1_202' title='bbox 607 2649 698 2697; x_wconf 90' lang='lat' dir='ltr'><strong>nisi,</strong></span> <span class='ocrx_word' id='word_1_203' title='bbox 729 2662 823 2698; x_wconf 85' lang='lat' dir='ltr'><strong>quae</strong></span> <span class='ocrx_word' id='word_1_204' title='bbox 841 2650 1037 2688; x_wconf 85' lang='lat' dir='ltr'><strong>Reichardi</strong></span> 
     </span>
     <span class='ocr_line' id='line_1_42' title="bbox 381 2705 1037 2752; baseline 0.003 -11"><span class='ocrx_word' id='word_1_205' title='bbox 381 2707 435 2741; x_wconf 84' lang='lat' dir='ltr'><strong>est</strong></span> <span class='ocrx_word' id='word_1_206' title='bbox 461 2706 640 2742; x_wconf 84' lang='lat' dir='ltr'><strong>sententia</strong></span> <span class='ocrx_word' id='word_1_207' title='bbox 673 2705 729 2752; x_wconf 90' lang='lat' dir='ltr'><strong>(in</strong></span> <span class='ocrx_word' id='word_1_208' title='bbox 750 2706 895 2743; x_wconf 85' lang='lat' dir='ltr'><strong>Hertha</strong></span> <span class='ocrx_word' id='word_1_209' title='bbox 930 2710 1037 2748; x_wconf 82' lang='lat'><strong>1828</strong></span> 
     </span>
     <span class='ocr_line' id='line_1_43' title="bbox 381 2761 1037 2810; baseline 0.006 -14"><span class='ocrx_word' id='word_1_210' title='bbox 381 2761 393 2796; x_wconf 85' lang='lat'><strong>1</strong></span> <span class='ocrx_word' id='word_1_211' title='bbox 417 2773 502 2810; x_wconf 82' lang='lat' dir='ltr'><strong>pag.</strong></span> <span class='ocrx_word' id='word_1_212' title='bbox 526 2762 593 2809; x_wconf 91' lang='lat'><strong>11)</strong></span> <span class='ocrx_word' id='word_1_213' title='bbox 623 2761 852 2799; x_wconf 85' lang='lat' dir='ltr'><strong>Herodotum</strong></span> <span class='ocrx_word' id='word_1_214' title='bbox 885 2763 932 2800; x_wconf 89' lang='lat' dir='ltr'><strong>de</strong></span> <span class='ocrx_word' id='word_1_215' title='bbox 963 2765 1037 2800; x_wconf 86' lang='lat' dir='ltr'><strong>sos-</strong></span> 
     </span>
     <span class='ocr_line' id='line_1_44' title="bbox 379 2817 1038 2868; baseline 0.005 -15"><span class='ocrx_word' id='word_1_216' title='bbox 379 2829 464 2864; x_wconf 86' lang='lat' dir='ltr'><strong>sae,</strong></span> <span class='ocrx_word' id='word_1_217' title='bbox 515 2818 615 2854; x_wconf 84' lang='lat' dir='ltr'><strong>cuius</strong></span> <span class='ocrx_word' id='word_1_218' title='bbox 654 2817 752 2855; x_wconf 88' lang='lat' dir='ltr'><strong>nulla</strong></span> <span class='ocrx_word' id='word_1_219' title='bbox 779 2818 888 2868; x_wconf 89' lang='lat' dir='ltr'><strong>plane</strong></span> <span class='ocrx_word' id='word_1_220' title='bbox 920 2819 1038 2856; x_wconf 87' lang='lat' dir='ltr'><strong>adhuc</strong></span> 
     </span>
     <span class='ocr_line' id='line_1_45' title="bbox 381 2874 1038 2924; baseline 0.005 -14"><span class='ocrx_word' id='word_1_221' title='bbox 381 2879 574 2924; x_wconf 84' lang='lat' dir='ltr'><strong>supersunt</strong></span> <span class='ocrx_word' id='word_1_222' title='bbox 618 2874 797 2924; x_wconf 87' lang='lat' dir='ltr'><strong>vestigia,</strong></span> <span class='ocrx_word' id='word_1_223' title='bbox 839 2876 1038 2914; x_wconf 85' lang='lat' dir='ltr'><strong>directione</strong></span> 
     </span>
    </p>
   </div>
   <div class='ocr_carea' id='block_1_5' title="bbox 1093 620 1760 2930">
    <p class='ocr_par' dir='ltr' id='par_1_5' title="bbox 1093 620 1760 2422">
     <span class='ocr_line' id='line_1_46' title="bbox 1093 620 1754 670; baseline 0.006 -14"><span class='ocrx_word' id='word_1_224' title='bbox 1093 633 1206 670; x_wconf 71' lang='lat' dir='ltr'><strong>prave</strong></span> <span class='ocrx_word' id='word_1_225' title='bbox 1247 620 1417 658; x_wconf 89' lang='lat' dir='ltr'><strong>edoctum</strong></span> <span class='ocrx_word' id='word_1_226' title='bbox 1451 622 1564 660; x_wconf 84' lang='lat' dir='ltr'><strong>fuisse</strong></span> <span class='ocrx_word' id='word_1_227' title='bbox 1599 626 1754 660; x_wconf 81' lang='lat' dir='ltr'><strong>statuas.</strong></span> 
     </span>
     <span class='ocr_line' id='line_1_47' title="bbox 1093 675 1753 716; baseline 0.003 -2"><span class='ocrx_word' id='word_1_228' title='bbox 1093 675 1291 714; x_wconf 85' lang='lat' dir='ltr'><strong>Mannerto</strong></span> <span class='ocrx_word' id='word_1_229' title='bbox 1309 677 1399 715; x_wconf 87' lang='lat' dir='ltr'><strong>haec</strong></span> <span class='ocrx_word' id='word_1_230' title='bbox 1420 678 1520 715; x_wconf 84' lang='lat' dir='ltr'><strong>fossa</strong></span> <span class='ocrx_word' id='word_1_231' title='bbox 1539 678 1753 716; x_wconf 85' lang='lat' dir='ltr'><strong>orientalem</strong></span> 
     </span>
     <span class='ocr_line' id='line_1_48' title="bbox 1093 734 1755 785; baseline 0.005 -15"><span class='ocrx_word' id='word_1_232' title='bbox 1093 734 1343 785; x_wconf 83' lang='lat' dir='ltr'><strong>paeninsulam</strong></span> <span class='ocrx_word' id='word_1_233' title='bbox 1387 734 1565 772; x_wconf 86' lang='lat' dir='ltr'><strong>minorem</strong></span> <span class='ocrx_word' id='word_1_234' title='bbox 1595 735 1755 773; x_wconf 82' lang='lat' dir='ltr'><strong>Kertsch</strong></span> 
     </span>
     <span class='ocr_line' id='line_1_49' title="bbox 1094 789 1755 829; baseline 0.003 -2"><span class='ocrx_word' id='word_1_235' title='bbox 1094 803 1116 827; x_wconf 90' lang='lat' dir='ltr'><strong>a</strong></span> <span class='ocrx_word' id='word_1_236' title='bbox 1138 789 1265 827; x_wconf 87' lang='lat' dir='ltr'><strong>maiori</strong></span> <span class='ocrx_word' id='word_1_237' title='bbox 1286 791 1482 829; x_wconf 77' lang='lat' dir='ltr'><strong>secrevisse</strong></span> <span class='ocrx_word' id='word_1_238' title='bbox 1499 791 1653 829; x_wconf 90' lang='lat' dir='ltr'><strong>videtur.</strong></span> <span class='ocrx_word' id='word_1_239' title='bbox 1699 790 1755 829; x_wconf 86' lang='lat' dir='ltr'><strong>Ex</strong></span> 
     </span>
     <span class='ocr_line' id='line_1_50' title="bbox 1094 846 1755 898; baseline 0.003 -15"><span class='ocrx_word' id='word_1_240' title='bbox 1094 858 1138 883; x_wconf 91' lang='lat' dir='ltr'><strong>ea</strong></span> <span class='ocrx_word' id='word_1_241' title='bbox 1176 846 1320 896; x_wconf 85' lang='lat' dir='ltr'><strong>paludis</strong></span> <span class='ocrx_word' id='word_1_242' title='bbox 1367 846 1593 894; x_wconf 85' lang='lat' dir='ltr'><strong>Maeoticae,</strong></span> <span class='ocrx_word' id='word_1_243' title='bbox 1644 860 1755 898; x_wconf 90' lang='lat' dir='ltr'><strong>quam</strong></span> 
     </span>
     <span class='ocr_line' id='line_1_51' title="bbox 1094 902 1755 951; baseline 0.002 -10"><span class='ocrx_word' id='word_1_244' title='bbox 1094 902 1231 941; x_wconf 81' lang='lat' dir='ltr'><strong>Noster</strong></span> <span class='ocrx_word' id='word_1_245' title='bbox 1263 903 1330 939; x_wconf 91' lang='lat' dir='ltr'><strong>sibi</strong></span> <span class='ocrx_word' id='word_1_246' title='bbox 1362 904 1508 941; x_wconf 81' lang='lat' dir='ltr'><strong>finxerit</strong></span> <span class='ocrx_word' id='word_1_247' title='bbox 1543 904 1634 951; x_wconf 88' lang='lat' dir='ltr'><strong>(vid.</strong></span> <span class='ocrx_word' id='word_1_248' title='bbox 1663 908 1755 942; x_wconf 91' lang='lat' dir='ltr'><strong>nott.</strong></span> 
     </span>
     <span class='ocr_line' id='line_1_52' title="bbox 1094 958 1756 1008; baseline 0.005 -12"><span class='ocrx_word' id='word_1_249' title='bbox 1094 960 1142 996; x_wconf 88' lang='lat' dir='ltr'><strong>ad</strong></span> <span class='ocrx_word' id='word_1_250' title='bbox 1158 958 1219 1006; x_wconf 91' lang='lat' dir='ltr'><strong>lV,</strong></span> <span class='ocrx_word' id='word_1_251' title='bbox 1244 960 1352 1008; x_wconf 90' lang='lat'><strong>100),</strong></span> <span class='ocrx_word' id='word_1_252' title='bbox 1383 961 1500 997; x_wconf 66' lang='lat' dir='ltr'><strong>forma</strong></span> <span class='ocrx_word' id='word_1_253' title='bbox 1519 961 1756 999; x_wconf 86' lang='lat' dir='ltr'><strong>directionem</strong></span> 
     </span>
     <span class='ocr_line' id='line_1_53' title="bbox 1093 1016 1757 1068; baseline 0.005 -16"><span class='ocrx_word' id='word_1_254' title='bbox 1093 1017 1216 1053; x_wconf 86' lang='lat' dir='ltr'><strong>fossae</strong></span> <span class='ocrx_word' id='word_1_255' title='bbox 1256 1016 1394 1053; x_wconf 86' lang='lat' dir='ltr'><strong>facilius</strong></span> <span class='ocrx_word' id='word_1_256' title='bbox 1436 1018 1608 1054; x_wconf 88' lang='lat' dir='ltr'><strong>constitui</strong></span> <span class='ocrx_word' id='word_1_257' title='bbox 1645 1029 1757 1068; x_wconf 87' lang='lat' dir='ltr'><strong>posse</strong></span> 
     </span>
     <span class='ocr_line' id='line_1_54' title="bbox 1097 1073 1757 1123; baseline 0.003 -14"><span class='ocrx_word' id='word_1_258' title='bbox 1097 1073 1279 1110; x_wconf 83' lang='lat' dir='ltr'><strong>existimat</strong></span> <span class='ocrx_word' id='word_1_259' title='bbox 1315 1073 1473 1110; x_wconf 71' lang='lat' dir='ltr'><strong>Volcker</strong></span> <span class='ocrx_word' id='word_1_260' title='bbox 1521 1073 1757 1123; x_wconf 86' lang='lat' dir='ltr'><strong>(Mythische</strong></span> 
     </span>
     <span class='ocr_line' id='line_1_55' title="bbox 1095 1129 1755 1180; baseline 0.005 -15"><span class='ocrx_word' id='word_1_261' title='bbox 1095 1129 1234 1178; x_wconf 89' lang='lat' dir='ltr'><strong>Geogr.</strong></span> <span class='ocrx_word' id='word_1_262' title='bbox 1251 1140 1336 1179; x_wconf 85' lang='lat' dir='ltr'><strong>pag.</strong></span> <span class='ocrx_word' id='word_1_263' title='bbox 1357 1130 1475 1178; x_wconf 89' lang='lat'><strong>177):</strong></span> <span class='ocrx_word' id='word_1_264' title='bbox 1507 1142 1601 1180; x_wconf 86' lang='lat' dir='ltr'><strong>quae</strong></span> <span class='ocrx_word' id='word_1_265' title='bbox 1618 1143 1639 1166; x_wconf 89' lang='lat' dir='ltr'><strong>a</strong></span> <span class='ocrx_word' id='word_1_266' title='bbox 1651 1130 1755 1168; x_wconf 86' lang='lat' dir='ltr'><strong>Tau·</strong></span> 
     </span>
     <span class='ocr_line' id='line_1_56' title="bbox 1094 1186 1758 1237; baseline 0.002 -15"><span class='ocrx_word' id='word_1_267' title='bbox 1094 1186 1179 1222; x_wconf 88' lang='lat' dir='ltr'><strong>ricis</strong></span> <span class='ocrx_word' id='word_1_268' title='bbox 1200 1186 1383 1223; x_wconf 86' lang='lat' dir='ltr'><strong>montibus</strong></span> <span class='ocrx_word' id='word_1_269' title='bbox 1411 1198 1526 1236; x_wconf 86' lang='lat' dir='ltr'><strong>usque</strong></span> <span class='ocrx_word' id='word_1_270' title='bbox 1546 1187 1596 1224; x_wconf 88' lang='lat' dir='ltr'><strong>ad</strong></span> <span class='ocrx_word' id='word_1_271' title='bbox 1618 1186 1758 1237; x_wconf 88' lang='lat' dir='ltr'><strong>Empo—</strong></span> 
     </span>
     <span class='ocr_line' id='line_1_57' title="bbox 1095 1242 1757 1293; baseline 0.003 -15"><span class='ocrx_word' id='word_1_272' title='bbox 1095 1243 1188 1279; x_wconf 87' lang='lat' dir='ltr'><strong>rium</strong></span> <span class='ocrx_word' id='word_1_273' title='bbox 1209 1242 1386 1279; x_wconf 88' lang='lat' dir='ltr'><strong>Cremnos</strong></span> <span class='ocrx_word' id='word_1_274' title='bbox 1406 1242 1587 1293; x_wconf 83' lang='lat' dir='ltr'><strong>perducta</strong></span> <span class='ocrx_word' id='word_1_275' title='bbox 1604 1243 1757 1293; x_wconf 83' lang='lat' dir='ltr'><strong>paenin-</strong></span> 
     </span>
     <span class='ocr_line' id='line_1_58' title="bbox 1097 1297 1757 1337; baseline 0.005 -3"><span class='ocrx_word' id='word_1_276' title='bbox 1097 1297 1211 1335; x_wconf 82' lang='lat' dir='ltr'><strong>sulam</strong></span> <span class='ocrx_word' id='word_1_277' title='bbox 1254 1297 1451 1336; x_wconf 87' lang='lat' dir='ltr'><strong>Tauricam</strong></span> <span class='ocrx_word' id='word_1_278' title='bbox 1491 1299 1530 1336; x_wconf 87' lang='lat' dir='ltr'><strong>in</strong></span> <span class='ocrx_word' id='word_1_279' title='bbox 1578 1300 1757 1337; x_wconf 86' lang='lat' dir='ltr'><strong>orientem</strong></span> 
     </span>
     <span class='ocr_line' id='line_1_59' title="bbox 1096 1355 1759 1405; baseline 0.005 -14"><span class='ocrx_word' id='word_1_280' title='bbox 1096 1355 1365 1405; x_wconf 88' lang='lat' dir='ltr'><strong>prominentem</strong></span> <span class='ocrx_word' id='word_1_281' title='bbox 1403 1368 1426 1393; x_wconf 89' lang='lat' dir='ltr'><strong>a</strong></span> <span class='ocrx_word' id='word_1_282' title='bbox 1462 1355 1664 1394; x_wconf 86' lang='lat' dir='ltr'><strong>continenti</strong></span> <span class='ocrx_word' id='word_1_283' title='bbox 1699 1368 1759 1394; x_wconf 88' lang='lat' dir='ltr'><strong>se-</strong></span> 
     </span>
     <span class='ocr_line' id='line_1_60' title="bbox 1096 1411 1760 1464; baseline 0.003 -16"><span class='ocrx_word' id='word_1_284' title='bbox 1096 1411 1276 1458; x_wconf 81' lang='lat' dir='ltr'><strong>iunxerit3</strong></span> <span class='ocrx_word' id='word_1_285' title='bbox 1324 1416 1364 1449; x_wconf 92' lang='lat' dir='ltr'><strong>ut</strong></span> <span class='ocrx_word' id='word_1_286' title='bbox 1396 1425 1519 1450; x_wconf 88' lang='lat' dir='ltr'><strong>servos</strong></span> <span class='ocrx_word' id='word_1_287' title='bbox 1553 1417 1760 1464; x_wconf 87' lang='lat' dir='ltr'><strong>praestaret</strong></span> 
     </span>
     <span class='ocr_line' id='line_1_61' title="bbox 1096 1468 1759 1520; baseline 0 -14"><span class='ocrx_word' id='word_1_288' title='bbox 1096 1471 1198 1506; x_wconf 86' lang='lat' dir='ltr'><strong>tutos</strong></span> <span class='ocrx_word' id='word_1_289' title='bbox 1226 1481 1248 1505; x_wconf 86' lang='lat' dir='ltr'><strong>a</strong></span> <span class='ocrx_word' id='word_1_290' title='bbox 1275 1468 1431 1505; x_wconf 88' lang='lat' dir='ltr'><strong>dominis</strong></span> <span class='ocrx_word' id='word_1_291' title='bbox 1459 1469 1532 1506; x_wconf 89' lang='lat' dir='ltr'><strong>suis</strong></span> <span class='ocrx_word' id='word_1_292' title='bbox 1561 1481 1583 1506; x_wconf 89' lang='lat' dir='ltr'><strong>a</strong></span> <span class='ocrx_word' id='word_1_293' title='bbox 1611 1473 1759 1520; x_wconf 87' lang='lat' dir='ltr'><strong>septen-</strong></span> 
     </span>
     <span class='ocr_line' id='line_1_62' title="bbox 1096 1524 1757 1564; baseline 0.002 -2"><span class='ocrx_word' id='word_1_294' title='bbox 1096 1524 1218 1562; x_wconf 83' lang='lat' dir='ltr'><strong>trione</strong></span> <span class='ocrx_word' id='word_1_295' title='bbox 1236 1524 1330 1562; x_wconf 88' lang='lat' dir='ltr'><strong>circa</strong></span> <span class='ocrx_word' id='word_1_296' title='bbox 1351 1524 1497 1563; x_wconf 89' lang='lat' dir='ltr'><strong>Tanain</strong></span> <span class='ocrx_word' id='word_1_297' title='bbox 1511 1524 1757 1564; x_wconf 82' lang='lat' dir='ltr'><strong>Maeotidem-</strong></span> 
     </span>
     <span class='ocr_line' id='line_1_63' title="bbox 1096 1580 1757 1630; baseline 0.005 -13"><span class='ocrx_word' id='word_1_298' title='bbox 1096 1593 1167 1630; x_wconf 87' lang='lat' dir='ltr'><strong>que</strong></span> <span class='ocrx_word' id='word_1_299' title='bbox 1192 1580 1458 1619; x_wconf 89' lang='lat' dir='ltr'><strong>accedentibus.</strong></span> <span class='ocrx_word' id='word_1_300' title='bbox 1515 1581 1661 1619; x_wconf 86' lang='lat' dir='ltr'><strong>Addam</strong></span> <span class='ocrx_word' id='word_1_301' title='bbox 1700 1582 1757 1620; x_wconf 80' lang='lat' dir='ltr'><strong>his</strong></span> 
     </span>
     <span class='ocr_line' id='line_1_64' title="bbox 1096 1637 1758 1686; baseline 0.005 -13"><span class='ocrx_word' id='word_1_302' title='bbox 1096 1638 1318 1675; x_wconf 89' lang='lat' dir='ltr'><strong>sententiam</strong></span> <span class='ocrx_word' id='word_1_303' title='bbox 1335 1637 1510 1676; x_wconf 84' lang='lat' dir='ltr'><strong>Klausen.</strong></span> <span class='ocrx_word' id='word_1_304' title='bbox 1542 1637 1611 1686; x_wconf 86' lang='lat' dir='ltr'><strong>(ad</strong></span> <span class='ocrx_word' id='word_1_305' title='bbox 1633 1639 1758 1676; x_wconf 83' lang='lat' dir='ltr'><strong>Heca·</strong></span> 
     </span>
     <span class='ocr_line' id='line_1_65' title="bbox 1094 1694 1756 1744; baseline 0.005 -14"><span class='ocrx_word' id='word_1_306' title='bbox 1094 1694 1169 1731; x_wconf 89' lang='lat' dir='ltr'><strong>taei</strong></span> <span class='ocrx_word' id='word_1_307' title='bbox 1194 1694 1362 1743; x_wconf 86' lang='lat' dir='ltr'><strong>fragmm.</strong></span> <span class='ocrx_word' id='word_1_308' title='bbox 1391 1707 1477 1744; x_wconf 88' lang='lat' dir='ltr'><strong>pag.</strong></span> <span class='ocrx_word' id='word_1_309' title='bbox 1506 1696 1593 1740; x_wconf 89' lang='grc'><strong>86.)</strong></span> <span class='ocrx_word' id='word_1_310' title='bbox 1631 1695 1756 1739; x_wconf 86' lang='lat' dir='ltr'><strong>Quum</strong></span> 
     </span>
     <span class='ocr_line' id='line_1_66' title="bbox 1096 1749 1758 1790; baseline 0.003 -3"><span class='ocrx_word' id='word_1_311' title='bbox 1096 1749 1232 1787; x_wconf 88' lang='lat' dir='ltr'><strong>nullam</strong></span> <span class='ocrx_word' id='word_1_312' title='bbox 1279 1750 1492 1788; x_wconf 89' lang='lat' dir='ltr'><strong>Herodotus</strong></span> <span class='ocrx_word' id='word_1_313' title='bbox 1533 1751 1758 1790; x_wconf 83' lang='lat' dir='ltr'><strong>Chersonesi</strong></span> 
     </span>
     <span class='ocr_line' id='line_1_67' title="bbox 1096 1807 1755 1857; baseline 0.005 -14"><span class='ocrx_word' id='word_1_314' title='bbox 1096 1807 1249 1844; x_wconf 86' lang='lat' dir='ltr'><strong>sormam</strong></span> <span class='ocrx_word' id='word_1_315' title='bbox 1277 1808 1443 1855; x_wconf 87' lang='lat' dir='ltr'><strong>noverit,</strong></span> <span class='ocrx_word' id='word_1_316' title='bbox 1484 1808 1547 1857; x_wconf 94' lang='lat' dir='ltr'><strong>qui</strong></span> <span class='ocrx_word' id='word_1_317' title='bbox 1576 1808 1663 1846; x_wconf 90' lang='lat' dir='ltr'><strong>inde</strong></span> <span class='ocrx_word' id='word_1_318' title='bbox 1693 1821 1755 1846; x_wconf 83' lang='lat' dir='ltr'><strong>ex-</strong></span> 
     </span>
     <span class='ocr_line' id='line_1_68' title="bbox 1095 1864 1755 1914; baseline 0.005 -15"><span class='ocrx_word' id='word_1_319' title='bbox 1095 1864 1266 1913; x_wconf 84' lang='lat' dir='ltr'><strong>plicanda</strong></span> <span class='ocrx_word' id='word_1_320' title='bbox 1289 1868 1427 1910; x_wconf 86' lang='lat' dir='ltr'><strong>censet,</strong></span> <span class='ocrx_word' id='word_1_321' title='bbox 1456 1869 1533 1901; x_wconf 91' lang='lat' dir='ltr'><strong>tum</strong></span> <span class='ocrx_word' id='word_1_322' title='bbox 1554 1875 1649 1914; x_wconf 83' lang='lat' dir='ltr'><strong>quae</strong></span> <span class='ocrx_word' id='word_1_323' title='bbox 1670 1864 1755 1902; x_wconf 87' lang='lat' dir='ltr'><strong>alibi</strong></span> 
     </span>
     <span class='ocr_line' id='line_1_69' title="bbox 1097 1919 1757 1968; baseline 0.003 -12"><span class='ocrx_word' id='word_1_324' title='bbox 1097 1921 1145 1957; x_wconf 85' lang='lat' dir='ltr'><strong>de</strong></span> <span class='ocrx_word' id='word_1_325' title='bbox 1167 1919 1221 1956; x_wconf 86' lang='lat' dir='ltr'><strong>his</strong></span> <span class='ocrx_word' id='word_1_326' title='bbox 1244 1921 1456 1968; x_wconf 87' lang='lat' dir='ltr'><strong>regionibus</strong></span> <span class='ocrx_word' id='word_1_327' title='bbox 1477 1920 1619 1958; x_wconf 81' lang='lat' dir='ltr'><strong>Noster</strong></span> <span class='ocrx_word' id='word_1_328' title='bbox 1651 1933 1757 1959; x_wconf 86' lang='lat' dir='ltr'><strong>enar·</strong></span> 
     </span>
     <span class='ocr_line' id='line_1_70' title="bbox 1097 1976 1758 2026; baseline 0.003 -14"><span class='ocrx_word' id='word_1_329' title='bbox 1097 1976 1204 2023; x_wconf 82' lang='lat' dir='ltr'><strong>rarit,</strong></span> <span class='ocrx_word' id='word_1_330' title='bbox 1243 1981 1321 2014; x_wconf 91' lang='lat' dir='ltr'><strong>tum</strong></span> <span class='ocrx_word' id='word_1_331' title='bbox 1351 1989 1446 2026; x_wconf 88' lang='lat' dir='ltr'><strong>quae</strong></span> <span class='ocrx_word' id='word_1_332' title='bbox 1471 1977 1519 2014; x_wconf 91' lang='lat' dir='ltr'><strong>de</strong></span> <span class='ocrx_word' id='word_1_333' title='bbox 1542 1977 1758 2016; x_wconf 84' lang='lat' dir='ltr'><strong>Cimmerio·</strong></span> 
     </span>
     <span class='ocr_line' id='line_1_71' title="bbox 1097 2033 1757 2081; baseline 0.006 -13"><span class='ocrx_word' id='word_1_334' title='bbox 1097 2045 1175 2069; x_wconf 90' lang='lat' dir='ltr'><strong>rum</strong></span> <span class='ocrx_word' id='word_1_335' title='bbox 1194 2034 1323 2071; x_wconf 87' lang='lat' dir='ltr'><strong>itinere</strong></span> <span class='ocrx_word' id='word_1_336' title='bbox 1344 2033 1407 2081; x_wconf 87' lang='lat' dir='ltr'><strong>lv,</strong></span> <span class='ocrx_word' id='word_1_337' title='bbox 1432 2037 1475 2074; x_wconf 87' lang='lat'><strong>11</strong></span> <span class='ocrx_word' id='word_1_338' title='bbox 1506 2034 1701 2071; x_wconf 87' lang='lat' dir='ltr'><strong>tradantur</strong></span> <span class='ocrx_word' id='word_1_339' title='bbox 1719 2038 1757 2072; x_wconf 90' lang='lat' dir='ltr'><strong>et</strong></span> 
     </span>
     <span class='ocr_line' id='line_1_72' title="bbox 1097 2089 1756 2139; baseline 0.002 -13"><span class='ocrx_word' id='word_1_340' title='bbox 1097 2089 1144 2126; x_wconf 90' lang='lat' dir='ltr'><strong>de</strong></span> <span class='ocrx_word' id='word_1_341' title='bbox 1164 2089 1286 2137; x_wconf 63' lang='lat' dir='ltr'><strong>fossa,</strong></span> <span class='ocrx_word' id='word_1_342' title='bbox 1325 2090 1398 2139; x_wconf 75' lang='lat' dir='ltr'><strong>qua</strong></span> <span class='ocrx_word' id='word_1_343' title='bbox 1418 2090 1636 2139; x_wconf 87' lang='lat' dir='ltr'><strong>Scytharum</strong></span> <span class='ocrx_word' id='word_1_344' title='bbox 1661 2091 1756 2129; x_wconf 83' lang='lat' dir='ltr'><strong>servi</strong></span> 
     </span>
     <span class='ocr_line' id='line_1_73' title="bbox 1097 2147 1756 2196; baseline 0.002 -14"><span class='ocrx_word' id='word_1_345' title='bbox 1097 2158 1137 2183; x_wconf 91' lang='lat' dir='ltr'><strong>se</strong></span> <span class='ocrx_word' id='word_1_346' title='bbox 1157 2147 1263 2183; x_wconf 83' lang='lat' dir='ltr'><strong>tutati</strong></span> <span class='ocrx_word' id='word_1_347' title='bbox 1279 2147 1436 2193; x_wconf 87' lang='lat' dir='ltr'><strong>suerint,</strong></span> <span class='ocrx_word' id='word_1_348' title='bbox 1475 2159 1660 2196; x_wconf 86' lang='lat' dir='ltr'><strong>quamque</strong></span> <span class='ocrx_word' id='word_1_349' title='bbox 1681 2159 1756 2184; x_wconf 90' lang='lat' dir='ltr'><strong>non</strong></span> 
     </span>
     <span class='ocr_line' id='line_1_74' title="bbox 1096 2202 1755 2252; baseline 0.002 -13"><span class='ocrx_word' id='word_1_350' title='bbox 1096 2202 1134 2238; x_wconf 92' lang='lat' dir='ltr'><strong>in</strong></span> <span class='ocrx_word' id='word_1_351' title='bbox 1157 2202 1317 2249; x_wconf 77' lang='lat' dir='ltr'><strong>Isthmo,</strong></span> <span class='ocrx_word' id='word_1_352' title='bbox 1358 2204 1395 2240; x_wconf 87' lang='lat' dir='ltr'><strong>id</strong></span> <span class='ocrx_word' id='word_1_353' title='bbox 1417 2203 1516 2252; x_wconf 91' lang='lat' dir='ltr'><strong>quod</strong></span> <span class='ocrx_word' id='word_1_354' title='bbox 1544 2203 1639 2240; x_wconf 86' lang='lat' dir='ltr'><strong>ratio</strong></span> <span class='ocrx_word' id='word_1_355' title='bbox 1660 2204 1755 2240; x_wconf 83' lang='lat' dir='ltr'><strong>sere-</strong></span> 
     </span>
     <span class='ocr_line' id='line_1_75' title="bbox 1097 2259 1754 2306; baseline 0.002 -11"><span class='ocrx_word' id='word_1_356' title='bbox 1097 2259 1183 2306; x_wconf 88' lang='lat' dir='ltr'><strong>bat,</strong></span> <span class='ocrx_word' id='word_1_357' title='bbox 1223 2260 1288 2296; x_wconf 87' lang='lat' dir='ltr'><strong>sed</strong></span> <span class='ocrx_word' id='word_1_358' title='bbox 1319 2272 1340 2296; x_wconf 88' lang='lat' dir='ltr'><strong>a</strong></span> <span class='ocrx_word' id='word_1_359' title='bbox 1360 2259 1543 2297; x_wconf 87' lang='lat' dir='ltr'><strong>Tauricae</strong></span> <span class='ocrx_word' id='word_1_360' title='bbox 1568 2260 1754 2296; x_wconf 80' lang='lat' dir='ltr'><strong>montibus</strong></span> 
     </span>
     <span class='ocr_line' id='line_1_76' title="bbox 1097 2315 1754 2364; baseline 0.003 -13"><span class='ocrx_word' id='word_1_361' title='bbox 1097 2327 1215 2364; x_wconf 90' lang='lat' dir='ltr'><strong>usque</strong></span> <span class='ocrx_word' id='word_1_362' title='bbox 1254 2316 1301 2352; x_wconf 89' lang='lat' dir='ltr'><strong>ad</strong></span> <span class='ocrx_word' id='word_1_363' title='bbox 1341 2315 1564 2353; x_wconf 86' lang='lat' dir='ltr'><strong>Maeotidem</strong></span> <span class='ocrx_word' id='word_1_364' title='bbox 1607 2316 1754 2353; x_wconf 88' lang='lat' dir='ltr'><strong>ductam</strong></span> 
     </span>
     <span class='ocr_line' id='line_1_77' title="bbox 1097 2372 1344 2422; baseline -0.004 -13"><span class='ocrx_word' id='word_1_365' title='bbox 1097 2383 1178 2409; x_wconf 86' lang='lat' dir='ltr'><strong>esse</strong></span> <span class='ocrx_word' id='word_1_366' title='bbox 1198 2372 1344 2422; x_wconf 82' lang='lat' dir='ltr'><strong>putarit.</strong></span> 
     </span>
    </p>

    <p class='ocr_par' dir='ltr' id='par_1_6' title="bbox 1095 2424 1754 2930">
     <span class='ocr_line' id='line_1_78' title="bbox 1154 2424 1754 2479; baseline 0 -14"><span class='ocrx_word' id='word_1_367' title='bbox 1154 2426 1195 2473; x_wconf 76' lang='grc' dir='ltr'><strong>ἐς</strong></span> <span class='ocrx_word' id='word_1_368' title='bbox 1213 2424 1286 2478; x_wconf 78' lang='grc' dir='ltr'><strong>τὴν</strong></span> <span class='ocrx_word' id='word_1_369' title='bbox 1302 2429 1490 2465; x_wconf 76' lang='grc' dir='ltr'><strong><em>Μαιῶτιν</em></strong></span> <span class='ocrx_word' id='word_1_370' title='bbox 1503 2427 1661 2478; x_wconf 76' lang='grc' dir='ltr'><em>λίμνην]</em></span> <span class='ocrx_word' id='word_1_371' title='bbox 1675 2427 1754 2479; x_wconf 87' lang='lat' dir='ltr'><strong>Ap-</strong></span> 
     </span>
     <span class='ocr_line' id='line_1_79' title="bbox 1095 2483 1753 2535; baseline 0.003 -15"><span class='ocrx_word' id='word_1_372' title='bbox 1095 2483 1242 2535; x_wconf 86' lang='lat' dir='ltr'><strong>pellatio</strong></span> <span class='ocrx_word' id='word_1_373' title='bbox 1263 2486 1446 2530; x_wconf 75' lang='grc' dir='ltr'><strong><em>Μαιῶτις</em></strong></span> <span class='ocrx_word' id='word_1_374' title='bbox 1462 2490 1611 2534; x_wconf 90' lang='lat' dir='ltr'><strong>postera</strong></span> <span class='ocrx_word' id='word_1_375' title='bbox 1631 2490 1753 2523; x_wconf 82' lang='lat' dir='ltr'><strong>aetate</strong></span> 
     </span>
     <span class='ocr_line' id='line_1_80' title="bbox 1095 2540 1752 2590; baseline 0.006 -15"><span class='ocrx_word' id='word_1_376' title='bbox 1095 2541 1324 2590; x_wconf 86' lang='lat' dir='ltr'><strong>potissimum</strong></span> <span class='ocrx_word' id='word_1_377' title='bbox 1366 2540 1559 2578; x_wconf 80' lang='lat' dir='ltr'><strong>invaluisse</strong></span> <span class='ocrx_word' id='word_1_378' title='bbox 1597 2542 1752 2580; x_wconf 82' lang='lat' dir='ltr'><strong>videtur.</strong></span> 
     </span>
     <span class='ocr_line' id='line_1_81' title="bbox 1097 2597 1750 2647; baseline 0.005 -15"><span class='ocrx_word' id='word_1_379' title='bbox 1097 2597 1155 2632; x_wconf 90' lang='lat' dir='ltr'><strong>Cf.</strong></span> <span class='ocrx_word' id='word_1_380' title='bbox 1175 2597 1233 2642; x_wconf 63' lang='lat' dir='ltr'><strong>lv,</strong></span> <span class='ocrx_word' id='word_1_381' title='bbox 1250 2597 1316 2643; x_wconf 85' lang='lat'><strong>45,</strong></span> <span class='ocrx_word' id='word_1_382' title='bbox 1338 2597 1505 2634; x_wconf 87' lang='lat' dir='ltr'><strong>Eustath.</strong></span> <span class='ocrx_word' id='word_1_383' title='bbox 1530 2598 1579 2634; x_wconf 89' lang='lat' dir='ltr'><strong>ad</strong></span> <span class='ocrx_word' id='word_1_384' title='bbox 1599 2597 1750 2647; x_wconf 89' lang='lat' dir='ltr'><strong>Dionys.</strong></span> 
     </span>
     <span class='ocr_line' id='line_1_82' title="bbox 1095 2652 1753 2703; baseline 0.006 -15"><span class='ocrx_word' id='word_1_385' title='bbox 1095 2652 1238 2701; x_wconf 79' lang='lat' dir='ltr'><strong>Perieg.</strong></span> <span class='ocrx_word' id='word_1_386' title='bbox 1267 2666 1319 2689; x_wconf 66' lang='lat' dir='ltr'><strong>vs.</strong></span> <span class='ocrx_word' id='word_1_387' title='bbox 1354 2655 1445 2700; x_wconf 84' lang='lat'><strong>163,</strong></span> <span class='ocrx_word' id='word_1_388' title='bbox 1477 2658 1511 2691; x_wconf 85' lang='lat' dir='ltr'><strong>et</strong></span> <span class='ocrx_word' id='word_1_389' title='bbox 1541 2655 1603 2703; x_wconf 87' lang='lat' dir='ltr'><strong>qui</strong></span> <span class='ocrx_word' id='word_1_390' title='bbox 1631 2655 1753 2692; x_wconf 88' lang='lat' dir='ltr'><strong>omnia</strong></span> 
     </span>
     <span class='ocr_line' id='line_1_83' title="bbox 1095 2708 1751 2760; baseline 0.006 -16"><span class='ocrx_word' id='word_1_391' title='bbox 1095 2708 1171 2745; x_wconf 87' lang='lat' dir='ltr'><strong>fere</strong></span> <span class='ocrx_word' id='word_1_392' title='bbox 1190 2710 1235 2745; x_wconf 89' lang='lat' dir='ltr'><strong>de</strong></span> <span class='ocrx_word' id='word_1_393' title='bbox 1256 2709 1359 2745; x_wconf 88' lang='lat' dir='ltr'><strong>huius</strong></span> <span class='ocrx_word' id='word_1_394' title='bbox 1376 2711 1484 2746; x_wconf 86' lang='lat' dir='ltr'><strong>maris</strong></span> <span class='ocrx_word' id='word_1_395' title='bbox 1495 2710 1751 2760; x_wconf 86' lang='lat' dir='ltr'><strong>appellationi-</strong></span> 
     </span>
     <span class='ocr_line' id='line_1_84' title="bbox 1095 2765 1752 2805; baseline 0.005 -4"><span class='ocrx_word' id='word_1_396' title='bbox 1095 2765 1161 2801; x_wconf 90' lang='lat' dir='ltr'><strong>bus</strong></span> <span class='ocrx_word' id='word_1_397' title='bbox 1181 2765 1297 2802; x_wconf 88' lang='lat' dir='ltr'><strong>attulit</strong></span> <span class='ocrx_word' id='word_1_398' title='bbox 1314 2767 1519 2804; x_wconf 88' lang='lat' dir='ltr'><strong>testimonia</strong></span> <span class='ocrx_word' id='word_1_399' title='bbox 1534 2766 1570 2803; x_wconf 84' lang='grc' dir='ltr'>Τ</span> <span class='ocrx_word' id='word_1_400' title='bbox 1573 2767 1752 2805; x_wconf 79' lang='lat' dir='ltr'><strong>zschucke</strong></span> 
     </span>
     <span class='ocr_line' id='line_1_85' title="bbox 1095 2821 1749 2875; baseline 0.011 -19"><span class='ocrx_word' id='word_1_401' title='bbox 1095 2821 1142 2857; x_wconf 87' lang='lat' dir='ltr'><strong>ad</strong></span> <span class='ocrx_word' id='word_1_402' title='bbox 1159 2822 1337 2871; x_wconf 85' lang='lat' dir='ltr'><strong>Pompon.</strong></span> <span class='ocrx_word' id='word_1_403' title='bbox 1356 2823 1443 2861; x_wconf 88' lang='lat' dir='ltr'><strong>Mel.</strong></span> <span class='ocrx_word' id='word_1_404' title='bbox 1464 2824 1492 2871; x_wconf 91' lang='lat' dir='ltr'><strong>I,</strong></span> <span class='ocrx_word' id='word_1_405' title='bbox 1527 2825 1577 2863; x_wconf 82' lang='lat'><strong>19</strong></span> <span class='ocrx_word' id='word_1_406' title='bbox 1605 2837 1641 2875; x_wconf 88' lang='lat' dir='ltr'><strong>p.</strong></span> <span class='ocrx_word' id='word_1_407' title='bbox 1667 2822 1749 2866; x_wconf 80' lang='lat'><strong>634</strong></span> 
     </span>
     <span class='ocr_line' id='line_1_86' title="bbox 1097 2879 1749 2930; baseline 0.008 -17"><span class='ocrx_word' id='word_1_408' title='bbox 1097 2890 1198 2927; x_wconf 86' lang='lat' dir='ltr'><strong>seqq.</strong></span> <span class='ocrx_word' id='word_1_409' title='bbox 1223 2879 1298 2916; x_wconf 73' lang='lat' dir='ltr'><strong>vol.</strong></span> <span class='ocrx_word' id='word_1_410' title='bbox 1324 2879 1371 2916; x_wconf 86' lang='lat'><strong>111</strong></span> <span class='ocrx_word' id='word_1_411' title='bbox 1395 2880 1434 2917; x_wconf 89' lang='lat' dir='ltr'><strong>P.</strong></span> <span class='ocrx_word' id='word_1_412' title='bbox 1457 2880 1472 2916; x_wconf 96' lang='lat' dir='ltr'>l</span> <span class='ocrx_word' id='word_1_413' title='bbox 1503 2884 1594 2917; x_wconf 76' lang='lat' dir='ltr'><strong>nott.</strong></span> <span class='ocrx_word' id='word_1_414' title='bbox 1622 2893 1749 2930; x_wconf 87' lang='lat' dir='ltr'><strong>exegg.</strong></span> 
     </span>
    </p>
   </div>
  </div>
 </body>
</html>
