1904 3304
282 298 364 336 644
770 286 1305 328 EXCURSUSI

286 406 487 445 Mercurius
512 410 591 442 erat
611 405 664 440 vis
679 404 808 453 sictrix
835 414 878 438 ac
904 402 1036 438 rectrix
1057 405 1094 438 et
1118 401 1222 449 quasi
1244 411 1337 436 mens
1356 401 1492 439 mundi.
1539 399 1708 449 Uterque
1726 409 1790 435 au-

285 480 361 512 tem
383 474 488 511 adest
507 472 642 509 Osiridi
655 500 667 517 ‚
697 473 735 508 et
757 468 962 506 Mercurius
991 472 1029 506 et
1053 466 1231 505 Minerva.
1295 467 1423 519 Itaque
1441 469 1494 506 rei
1510 469 1590 519 ipsa
1607 467 1700 504 ratio
1720 477 1790 516 po-

286 542 415 588 stulat,
444 543 483 576 ut
504 540 687 587 utriusque
708 539 814 574 etiam
837 540 985 573 tesserae
1005 536 1053 582 (τ
1064 549 1142 588 ετρ
1155 532 1211 587 οἱγ
1222 550 1284 574 ων
1297 550 1317 575 o
1329 550 1353 574 ν
1378 540 1411 573 et
1435 550 1456 573 τ
1467 550 1488 586 ρ
1501 535 1515 574 ἰ
1526 550 1547 587 γ
1560 549 1591 574 ω
1602 549 1626 573 ν
1637 549 1658 573 ο
1672 535 1722 582 ν)
1751 534 1791 570 in

288 609 445 647 Osiridis
463 606 648 644 simulacro
665 605 779 655 Apide
807 607 1049 655 apparuerint.
1111 604 1217 647 Quae.
1247 617 1327 641 cum
1361 605 1411 641 ita
1441 604 1533 649 sint,
1572 615 1642 652 ego
1671 600 1790 639 nullus

286 678 434 724 dubito,
477 676 562 725 quin
587 675 624 710 in
651 673 903 721 undetriginta
923 674 1013 709 notis
1031 671 1157 722 Apidis
1181 674 1213 707 et
1235 671 1508 721 quadrangulus
1529 673 1564 707 et
1586 668 1792 718 triangulus

281 745 421 796 suerit,
457 743 610 792 adeoque
631 742 670 777 in
694 742 769 777 eius
782 739 901 790 fronte
929 742 1034 776 etiam
1061 753 1167 790 τετρ
1180 736 1205 777 α’
1217 754 1240 791 γ
1253 754 1281 777 ω
1294 755 1317 778 ν
1329 755 1348 778 o
1360 754 1383 778 ν
1407 743 1509 778 notae
1528 751 1650 776 sacrae
1669 737 1792 786 digni-

289 817 395 850 tatem
415 811 537 848 habere
553 809 716 858 potuerit.
775 807 908 857 Neque
932 808 1027 845 enim
1047 819 1090 844 ex
1113 811 1187 843 tam
1208 819 1403 857 paucorum
1428 807 1640 858 scriptorum
1660 808 1699 843 et
1714 816 1792 842 mo-

289 883 543 917 numentorum
563 876 725 925 reliquiis
746 888 827 913 eam
842 889 918 913 rem
939 875 1079 913 definiri
1097 887 1164 925 pro
1181 879 1281 912 certo
1302 888 1412 926 posse
1438 878 1603 926 apparet.
1659 873 1732 918 Et,
1762 872 1793 908 si

289 946 488 985 accuratius
514 944 635 981 omnia
667 943 1012 994 circumspiciamus,
1058 942 1144 980 illud
1174 942 1291 993 ipsum
1324 943 1543 992 quadratum
1575 941 1684 993 Apidi
1714 941 1795 977 iun-

289 1020 384 1052 ctum
412 1014 448 1051 iu
480 1025 551 1050 uno
583 1011 772 1060 alteroque
799 1015 1033 1049 monumento
1062 1010 1253 1060 reperitur.
1311 1011 1363 1048 Ac
1382 1023 1534 1061 reapse,
1569 1010 1631 1060 qui
1659 1009 1696 1046 in
1716 1020 1796 1046 mu-

291 1082 383 1119 miae
404 1079 622 1119 Dresdensis
640 1080 796 1116 feminae
814 1078 999 1116 involucro
1020 1078 1136 1128 pictus
1156 1077 1282 1114 visitur
1301 1076 1410 1128 Apis,
1448 1079 1479 1115 is
1502 1090 1575 1115 non
1596 1077 1707 1115 modo
1731 1075 1795 1113 tri-

291 1147 463 1198 angulum
485 1148 586 1184 iuxta
606 1159 646 1183 se
663 1147 822 1196 positum
839 1146 963 1191 habet,
993 1157 1118 1182 verum
1138 1157 1249 1194 supra
1264 1145 1410 1181 dorsum
1434 1145 1543 1182 etiam
1562 1144 1793 1193 quadratum.

289 1216 394 1254 Haec
415 1215 509 1253 enim
531 1214 648 1262 figura
666 1213 889 1264 probabilior
907 1213 1072 1249 videatur
1101 1211 1166 1258 iis,
1207 1212 1268 1260 qui
1290 1211 1467 1261 Augustei
1490 1211 1571 1249 Vol.
1596 1212 1611 1248 I
1636 1211 1795 1249 tabulam

293 1287 319 1324 2
336 1282 562 1333 adspiciunt,
592 1292 699 1329 quam
721 1280 796 1317 avis
819 1284 882 1316 aut
901 1279 966 1317 loti
988 1280 1099 1318 floris.
1158 1277 1382 1317 Alterutrum
1407 1280 1503 1317 enim
1522 1279 1707 1318 Beckerus
1730 1279 1753 1316 l.
1772 1278 1795 1316 l.

291 1363 401 1400 supra
429 1349 576 1386 dorsum
603 1360 782 1399 apparere
810 1347 965 1384 dictitat.
1023 1346 1178 1395 Verum,
1209 1351 1290 1384 utut
1320 1351 1395 1393 est,
1435 1347 1505 1384 hoc
1528 1360 1636 1385 nemo
1660 1348 1794 1386 infitias

291 1417 412 1455 iverit:
439 1411 684 1468 τετράγωνον
705 1414 762 1452 vel
783 1415 937 1453 maxime
960 1414 1143 1464 pertinere
1162 1415 1210 1451 ad
1230 1414 1386 1452 Osiridis
1402 1415 1646 1463 simulacrum,
1676 1414 1795 1466 Apim.

400 1484 499 1520 Satis
535 1483 583 1520 de
618 1478 862 1536 τετραγώνῳ.
937 1482 1146 1520 Mutilatum
1188 1486 1310 1520 autem
1340 1483 1521 1520 Herodoti
1548 1482 1665 1521 locum
1700 1483 1798 1521 dicat

291 1552 471 1602 quispiam
492 1550 562 1587 alia
580 1563 728 1600 quoque
748 1552 795 1589 de
816 1563 936 1588 causa.
993 1549 1137 1588 Etenim
1164 1563 1255 1599 quas
1274 1549 1402 1600 Apidis
1430 1551 1605 1600 imagines
1628 1551 1799 1589 exhibent

294 1619 438 1658 tabulae
457 1616 721 1669 Aegyptiorum
743 1620 881 1670 pictae,
914 1617 1140 1667 anaglypha,
1169 1617 1312 1667 aliaque
1332 1617 1419 1654 artis
1438 1622 1695 1665 monumenta,
1718 1631 1798 1666 eae,

292 1690 433 1738 praeter
459 1689 572 1724 certas
601 1689 675 1724 eius
708 1688 803 1724 bovis
838 1689 958 1733 notas,
1004 1697 1096 1734 quas
1124 1684 1242 1721 adhuc
1276 1684 1485 1733 attigimus,
1528 1685 1676 1736 insuper
1713 1685 1796 1722 solis

294 1755 427 1792 discum
443 1758 535 1792 inter
554 1767 683 1792 cornua
700 1754 874 1802 locatum,
903 1757 945 1794 ut
968 1753 1158 1805 plurimum
1177 1752 1415 1803 spectandum
1436 1753 1616 1804 praebent
1633 1755 1681 1800 *).
1741 1752 1795 1791 Ac

382 1970 544 2000 memorat
566 1965 744 2008 τρίγωνον
768 1971 926 2010 tanquam
951 1964 1190 1999 foecunditatis
1216 1963 1393 2008 imaginem
1418 1963 1480 1997 διὰ
1507 1960 1551 1998 τό
1574 1960 1707 2006 μόριον
1729 1964 1798 2009 τῆς

381 2023 550 2067 θηλείας,
577 2028 611 2055 et
636 2019 784 2065 φάλητα
808 2023 843 2055 in
867 2022 1056 2056 memoriam
1082 2022 1228 2065 redigit:
1275 2032 1337 2054 nec
1362 2021 1444 2054 haec
1468 2020 1619 2065 symbola
1643 2031 1664 2054 a
1686 2021 1797 2055 trian-

382 2081 453 2124 guli
480 2088 515 2114 et
540 2079 699 2124 quadrati
730 2078 981 2124 significatione
1016 2078 1050 2112 in
1075 2079 1164 2112 notis
1190 2078 1309 2123 Apidis
1334 2078 1546 2112 excludenda
1569 2083 1658 2112 sunt.
1706 2078 1798 2113 Vide

383 2149 470 2182 quae
501 2137 544 2171 ad
569 2135 746 2170 Ciceronis
780 2137 802 2171 l.
828 2135 850 2168 l.
886 2136 928 2168 de
953 2135 1127 2170 Mercurio
1153 2135 1314 2178 Phalete,
1345 2147 1372 2171 s.
1398 2134 1621 2181 ithyphallico
1640 2135 1797 2180 apposui.

382 2195 431 2227 Et
454 2194 764 2239 Hermaphroditus
788 2192 886 2226 etiam
913 2193 976 2225 huc
1001 2193 1084 2226 facit
1108 2191 1349 2237 quodammodo
1375 2205 1414 2227 ac
1445 2193 1575 2232 Venus,
1599 2193 1653 2225 cui
1678 2195 1713 2226 et
1732 2193 1798 2239 ipsi

384 2252 624 2295 quaternarius
647 2261 806 2284 numerus
830 2249 962 2283 dicatus
987 2255 1050 2284 est.
1097 2250 1145 2285 Io.
1171 2250 1284 2294 Lydus
1308 2250 1360 2283 De
1385 2261 1504 2284 menss.
1528 2260 1562 2294 p.
1587 2250 1651 2284 87:
1676 2246 1700 2294 ἦ
1725 2247 1795 2293 γὰρ

384 2308 452 2341 τοῦ
477 2306 617 2346 παντὸς
642 2306 825 2350 αἰσθητοῦ
851 2303 961 2349 φύσις
986 2303 1023 2339 ἐκ
1046 2304 1231 2350 τεσσάρων
1250 2303 1325 2341 ἐστὶ
1350 2306 1547 2350 στοιχείων,
1573 2302 1666 2350 αὐτὴ
1693 2304 1726 2341 δ’
1748 2302 1795 2340 ἂν

388 2364 443 2408 εἴη
464 2363 558 2398 κατὰ
582 2363 671 2402 τοὺς
696 2361 941 2406 φυσιολόγους
962 2360 1161 2408 Ἀφροδίτη.

342 2446 375 2488 ·)
404 2443 491 2477 Vide
518 2443 564 2476 sis
587 2445 725 2477 tabulae
752 2444 882 2476 Isiacae
907 2442 1008 2486 figur.
1033 2444 1074 2477 R.
1104 2443 1183 2477 item
1209 2444 1461 2477 Monumentum
1485 2444 1671 2484 venetum,
1704 2442 1794 2487 quod

388 2513 430 2534 ex
454 2501 586 2534 Pricaei
621 2499 860 2534 commentario
895 2500 1057 2533 desumsit
1081 2500 1276 2534 Gronovius
1310 2506 1343 2533 et
1374 2501 1476 2533 habet
1499 2499 1603 2533 editio
1627 2499 1795 2534 Herodoti

382 2558 588 2602 WVesseling.
614 2558 655 2592 ad
682 2570 715 2602 p.
742 2559 827 2596 1663
866 2567 966 2599 porro
998 2569 1086 2602 quae
1118 2570 1159 2591 ex
1188 2559 1249 2591 hoc
1278 2568 1402 2600 genere
1426 2557 1551 2600 Caylus
1576 2556 1697 2590 Comes
1723 2568 1793 2591 me—

380 2622 488 2648 morat
513 2615 545 2647 in
571 2614 710 2648 Recueil
734 2613 766 2646 d'
792 2613 930 2657 Antiqq.
958 2614 1030 2646 Vol.
1056 2614 1071 2647 1
1097 2626 1128 2658 p.
1158 2615 1199 2649 43
1224 2626 1296 2658 seq.
1322 2619 1356 2646 et
1380 2614 1446 2647 tria
1470 2614 1590 2657 Apidis
1614 2614 1793 2648 simulacra

382 2672 494 2704 Musei
521 2670 682 2715 Borgiani
708 2682 728 2703 a
751 2670 867 2713 Zoega
895 2670 937 2703 de
962 2671 1130 2705 Obeliscc.
1157 2682 1188 2714 p.
1215 2670 1282 2705 448
1308 2676 1510 2704 enumerata.
1560 2671 1698 2706 Pricaei
1721 2671 1793 2706 ico—

383 2740 457 2762 nem
481 2729 568 2761 illam
594 2728 683 2772 quod
708 2727 849 2767 attinet,
889 2727 1019 2760 recedit
1042 2729 1099 2760 illa
1125 2728 1258 2772 quidem
1295 2727 1328 2759 in
1363 2727 1632 2762 vestimentorum
1666 2740 1793 2773 genere

383 2785 526 2829 aliisque
549 2786 652 2818 rebus
677 2785 719 2818 ab
754 2783 892 2828 antiquo
926 2783 1017 2817 cultu
1042 2784 1308 2828 Aegyptiorum3
1353 2796 1416 2817 nec
1448 2785 1624 2828 τρίγωνον
1650 2797 1793 2830 expres-

383 2853 474 2875 sum:
507 2841 611 2874 nihilo
637 2847 748 2876 tamen
770 2841 880 2875 secius
905 2841 958 2873 vel
983 2842 1123 2875 maxime
1147 2841 1370 2874 memorabilis
1394 2846 1447 2874 est
1471 2843 1651 2877 censenda.
1697 2842 1791 2876 Disci

381 2898 471 2931 iuter
495 2898 578 2943 Apis
611 2899 664 2932 vel
688 2898 822 2933 Mnevis
854 2909 981 2931 cornua
1014 2898 1117 2932 locati
1141 2910 1183 2932 ex
1206 2909 1266 2931 suo
1291 2898 1364 2942 ipse
1389 2909 1501 2932 museo
1525 2899 1655 2945 aliquot
1677 2898 1791 2934 icones
