1904 3304
353 506 419 552 73

150 573 311 614 Sepultura
324 574 425 599 caete-

164 617 195 635 ro
189 616 262 634 rum
280 608 336 641 Sc)
342 606 406 632 tha-

284 639 424 680 purgatio

149 684 185 701 oo
178 683 251 701 rum
271 675 321 708 qui
338 680 425 708 nepe—

149 709 290 736 liverunt.

151 650 232 668 tuln.

477 260 562 302 418

450 369 637 424 6ἓτέρου
667 366 799 421 ξύλου
831 369 912 410 τοῦ
943 366 1016 411 δια
1044 370 1126 411 τοῦ
1155 368 1302 412 ἵππου.

875 257 1344 299 HERODOTI

1359 367 1664 425 ἐπιστήσαντες
1695 368 1742 413 δὲ

480 440 625 497 κύκλῳ
654 438 702 482 τὸ
735 442 850 494 σῆμα
879 436 1031 488 ἱππέας
1057 438 1308 493 τοιούτους,
1337 437 1646 483 ἀπελαύνουσι.

593 510 719 554 Οὕτω
760 509 838 564 μὲν
873 509 976 560 τούς
1018 509 1222 564 βασιλέας
1260 510 1496 554 θάπτουσι.

1551 509 1655 562 τούς
1694 510 1743 554 δὲ

480 583 640 632 ἄλλους
671 579 879 631 Σκύθας,
921 578 1051 623 ἐπεὰν
1090 577 1367 632 ἀποθάνωσι,
1409 581 1662 636 περιάγουσι
1700 581 1744 624 οἱ

483 650 707 708 ἀγχοτάτω
736 650 1029 706 προσήκοντες
1047 651 1155 694 κατὰ
1179 649 1280 701 τούς
1309 652 1466 706 φίλους
1484 652 1532 695 ἐν
1556 651 1743 709 ἁμάξῃσι

481 721 706 779 κειμένους
719 737 727 746 ·

776 726 865 764 τῶν
900 722 946 766 δὲ
987 721 1164 772 ἕκαστος
1199 721 1523 776 ὑποδεκόμενος
1571 721 1800 777 εὐωχέειὸο

476 795 579 845 τούς
615 792 875 848 ἑπομένους,
917 792 990 837 καὶ
1030 796 1091 848 τῷ
1127 795 1266 849 νεκρῷ
1296 792 1474 835 πάντων
1511 798 1747 846 παρατιθεῖ

447 869 572 909 Ξτῶν
619 864 694 907 καὶ
735 871 848 909 τοῖσι
893 864 1088 912 ἄλλοισι,

1146 862 1307 918 ἡμέρας
1348 864 1394 907 δὲ
1431 863 1746 919 τεσσεράκοντα

478 934 597 979 οὕτω
639 935 682 977 οἱ
730 938 899 979 ἰδιῶται
938 931 1221 989 περιάγονται
1239 965 1250 985 ,
1303 933 1447 977 ἔπειτα
1485 935 1745 978 θάπτονται.

484 1003 712 1057 Θάψαντες
734 1004 779 1048 δὲ
800 1006 844 1048 οἱ
865 1003 1069 1058 Σκύθαι,
1099 1006 1391 1061 καθαίρονται
1409 1005 1559 1064 τρόπῳ
1580 1007 1802 1061 ‘confide-55

424 1204 618 1256 apodosin‚
647 1202 742 1240 hunc
761 1199 865 1237 fere'
856 1211 893 1236 in
910 1199 1083 1237 modum:

426 1260 605 1311 „quando
650 1258 858 1295 uniuscuius
900 1255 1085 1292 cadavera?

425 1320 532 1355 insita
546 1328 682 1366 spzuam
694 1315 790 1350 dorsi
802 1315 931 1349 ree-tum
948 1313 1086 1360 lignum

427 1386 535 1422 usqne
562 1372 611 1408 ad
635 1373 797 1408 cervicem
817 1370 1085 1419 transfixerunt,

427 1432 500 1467 iam
521 1430 564 1465 ab
587 1430 654 1465 imo
668 1429 761 1476 ligni
779 1426 884 1463 huius
898 1439 986 1476 pars
1004 1426 1087 1461 emi-

427 1489 507 1533 net,
548 1497 652 1535 quam
674 1487 711 1521 in
730 1483 895 1534 foramen
927 1484 1085 1519 inserunt

429 1543 578 1579 alterius
599 1542 695 1589 ligni
715 1553 779 1590 per
797 1552 921 1588 equum
949 1539 1086 1576 ‹luch'f‘

429 1598 527 1637 Nam
540 1598 689 1647 genitivi
703 1591 847 1634 τούτου
867 1597 938 1634 τοῦ
962 1590 1084 1641 ξύλου

430 1667 454 1692 a
476 1654 642 1703 sequenti
665 1652 817 1690 relativo
836 1647 879 1690 τό
898 1652 1085 1701 pendent3

430 1723 499 1748 nec
519 1723 607 1747 sane
629 1713 728 1754 erat,
760 1709 859 1757 quod
880 1707 1087 1744 distinctio-

429 1779 513 1804 nem
534 1770 619 1803 ante
641 1762 683 1804 τὸ
709 1764 818 1813 vulgo
840 1764 996 1813 positam
1019 1761 1088 1799 tol—

429 1822 521 1860 leret
541 1822 679 1867 Gaisf.,
708 1821 912 1858 Werferum
941 1824 1087 1857 secutus

430 1879 469 1915 in
487 1877 584 1915 Actt.
618 1877 713 1928 phill.
737 1877 901 1914 Monacc.
925 1875 963 1921 I,
995 1879 1014 1916 1
1052 1889 1087 1925 p.

433 1933 514 1976 114
531 1934 610 1971 coll.
629 1948 664 1984 p.
684 1934 751 1972 81.
789 1933 991 1981 Schweigh.
1026 1944 1088 1967 su-

434 1992 593 2042 spicatur
615 1991 788 2036 τοῦτο,
817 1988 840 2026 i.
855 2003 886 2027 e.
906 1990 1022 2027 τοῦτο
1042 1985 1085 2026 τὸ

431 2045 550 2099 μέρος
571 2049 643 2085 τοῦ
664 2041 795 2094 ξύλου.

488 2099 766 2153 ἐπιστήσαντες
805 2098 847 2141 δὲ
876 2096 1017 2168 κύκλῳ
1043 2115 1087 2139 το

434 2171 543 2210 σημα
561 2158 705 2206 ἱππέας
724 2153 954 2205 τοιούτους,
993 2171 1088 2195 απε-

431 2213 636 2265 λαύνουσι]
678 2216 701 2253 i.
722 2229 752 2253 e.
783 2219 970 2266 postquam
998 2214 1088 2251 tales

431 2275 562 2322 equites
588 2273 637 2309 ad
665 2276 915 2309 monumentum
942 2273 1087 2309 circnm-

431 2331 526 2366 εἰναι
585 2329 821 2375 collocarunt,
892 2329 1085 2365 ‹lis-cedunt.

429 2385 547 2433 lungo
560 2386 727 2433 equidem
747 2381 1024 2433 ἐπιστήσαντες
1042 2399 1084 2423 το

431 2443 539 2504 σῆμα
557 2453 600 2478 eo
620 2442 696 2478 sere
713 2453 821 2477 sensu
841 2441 989 2486 dictum,
1013 2453 1086 2489 quo

431 2509 580 2548 στησαι
584 2511 644 2542 τες
662 2518 718 2524 —
736 2495 800 2535 ἐπὶ
822 2493 863 2535 τὸ
880 2509 1002 2561 σημα,
1021 2497 1085 2533 mi-

428 2567 560 2603 rorque
571 2553 916 2620 Schweighaeuser,
939 2555 1001 2602 qui
1016 2548 1085 2591 κύ-

429 2613 508 2663 κλῳ
545 2625 587 2648 το
621 2611 729 2658 σῆμα
767 2610 868 2658 iungi
899 2610 998 2656 vult,
1046 2613 1085 2646 ut

429 2667 527 2704 idem
553 2667 601 2702 sit
623 2670 736 2714 atque
758 2663 868 2714 πέριξ
895 2663 936 2705 τὸ
961 2668 1084 2716 σῆμα,

431 2736 510 2759 cum
529 2718 684 2775 κύκλῳ,
714 2726 755 2759 ut
776 2720 907 2771 πέριξ,
940 2735 1084 2759 accusa-

428 2779 503 2816 tivo
522 2779 704 2826 iungatur.
756 2778 867 2822 Quod
897 2778 981 2814 inihi
1004 2779 1086 2827 qui-

431 2835 513 2872 dem
552 2835 712 2871 nondum
759 2835 961 2884 persuasit,
1018 2847 1085 2871 nec

430 2903 539 2941 quem
558 2891 666 2929 affert
683 2890 801 2928 locum
814 2890 878 2938 IV,
901 2892 977 2931 181
998 2890 1084 2938 (πε·

1141 1193 1324 1249 ριᾶγουσι
1351 1197 1426 1250 τήν
1455 1201 1598 1252 λίμνην
1624 1196 1799 1255 κύκλῳ),

1141 1267 1224 1292 eum
1246 1256 1314 1293 huc
1333 1259 1516 1306 pertinere
1539 1258 1695 1295 credam.

1316 1346 1348 1384 C
1358 1359 1424 1397 ap.
1453 1345 1622 1387 LXXIII.

1199 1420 1293 1471 τούς
1313 1424 1521 1476 βασιλέας]
1553 1425 1669 1463 Miror
1691 1425 1802 1464 Gais-

1141 1481 1301 1519 sordium
1332 1483 1370 1520 in
1399 1487 1501 1520 textu
1526 1482 1713 1532 reliquisse
1733 1483 1802 1534 βα-

1143 1539 1307 1587 σιλῆας,
1346 1540 1446 1587 quod
1472 1540 1665 1588 equidem,
1696 1540 1802 1576 Stru-

1140 1594 1236 1630 vium
1262 1594 1284 1629 l.
1311 1594 1332 1630 l.
1363 1595 1376 1630 l
1409 1609 1445 1645 p.
1481 1597 1530 1635 16
1561 1601 1728 1642 secutus,
1764 1596 1802 1632 in

1141 1648 1325 1700 βασιλέας
1345 1652 1489 1688 mutavi.
1522 1650 1621 1688 Idem
1641 1651 1801 1689 exhibuit

1143 1705 1334 1743 Matthiae.
1370 1728 1425 1735 —
1472 1708 1512 1743 In
1550 1720 1652 1757 seqq.
1690 1708 1802 1744 verba

1144 1758 1242 1799 κατὰ
1274 1759 1366 1809 τούς
1395 1763 1537 1811 φίλους
1567 1776 1611 1800 ea
1640 1765 1716 1802 fere
1743 1776 1802 1801 ra-

1144 1819 1246 1856 tione
1274 1820 1509 1868 explicanda,
1549 1820 1623 1870 qua
1652 1820 1690 1867 1,
1725 1821 1801 1860 30:

1144 1877 1336 1927 περιῆγον
1373 1872 1537 1924 (αὐτὸν)
1576 1873 1675 1914 κατοέ
1709 1873 1804 1922 τούς

1144 1928 1381 1981 θησαυρούς
1400 1932 1478 1970 coll.
1503 1932 1531 1980 l,
1546 1934 1612 1974 96.
1630 1953 1686 1960 -—
1713 1932 1804 1970 Mox

1144 2001 1225 2024 cum
1257 1989 1460 2038 Schweigh.
1498 1994 1535 2026 et
1561 1989 1678 2026 Gaisf.
1715 1989 1802 2026 dedi

1144 2040 1306 2083 πάντων
1316 2058 1382 2095 pro
1393 2041 1592 2090 ἁπάντων,
1604 2046 1704 2095 quod
1714 2046 1802 2083 reti·

1143 2101 1222 2137 nuit
1246 2101 1435 2139 Matthiae.

1202 2154 1306 2196 οὕτω
1338 2157 1379 2197 οἱ
1405 2154 1559 2197 ἰδιῶται
1589 2154 1799 2209 περιάγον-

1142 2213 1232 2265 ται]
1264 2214 1418 2253 ἰδιῶται
1432 2217 1569 2265 privati
1583 2221 1665 2251 sunt
1684 2215 1801 2251 homi-

1143 2284 1230 2317 nes,
1260 2273 1321 2319 qui
1343 2273 1482 2320 regibus
1505 2275 1739 2321 opponuntur
1756 2282 1799 2307 ac

1136 2328 1367 2378 principibus,
1399 2328 1600 2365 Larcherus
1616 2328 1798 2373 observat,

1142 2398 1218 2421 non
1257 2384 1410 2421 eandem
1447 2384 1601 2419 omnium
1642 2382 1798 2432 Scytha-

1142 2453 1222 2477 rum
1264 2441 1377 2476 videri
1416 2441 1524 2476 fuisse
1562 2439 1798 2488 sepulturam,

1143 2509 1224 2533 cnm
1252 2497 1429 2533 cadavera
1459 2496 1592 2531 truncis
1620 2507 1798 2545 suspensa

1142 2553 1200 2589 alii
1237 2556 1445 2603 putrescere
1475 2551 1664 2597 sivissent,
1705 2556 1799 2589 teste

1142 2608 1229 2644 Silio
1274 2608 1394 2644 Italico
1431 2607 1538 2653 ΧΙΙΙ,
1590 2607 1672 2648 486
1719 2607 1797 2645 coll.

1140 2664 1318 2701 Plutarch.
1352 2664 1379 2699 ll
1405 2676 1490 2713 pag.
1511 2664 1591 2705 499
1611 2664 1655 2701 D.
1695 2663 1797 2701 Idem

1141 2720 1246 2757 affert
1264 2720 1484 2757 celeberrimi
1501 2720 1798 2771 peregrinator-is,

1141 2777 1294 2823 eooldi,
1323 2777 1565 2814 testimouium
1597 2777 1643 2814 de
1669 2776 1795 2813 incolis

1140 2833 1278 2870 insulae
1307 2833 1492 2877 Otaheiti,
1529 2833 1590 2883 qui
1618 2833 1796 2870 cadavera

1140 2893 1215 2926 tam
1249 2889 1312 2926 diu
1334 2890 1526 2927 arboribus
1554 2889 1796 2940 suspendunt,
