1904 3304
433 265 491 306 8⁰

841 263 1320 304 HERODOTI

432 373 502 422 ἐπὶ
531 390 608 426 τας
635 371 802 429 θύρας,
850 370 1126 427 Πολυκράτει·
1163 371 1247 430 ἔφη
1281 373 1448 418 ἐθέλειν
1488 375 1635 420 ἐλθεῖν
1662 374 1706 428 ἒς

398 445 555 497 ἳὸψιν.
612 444 889 501 χωρήσαντος
919 442 964 486 δέ
995 445 1040 487 οἱ
1066 442 1248 496 τούτου,
1279 444 1416 501 ε’λεγε,
1447 445 1598 498 διδούς
1626 445 1705 491 τὸν

433 518 588 573 ἰχθῦν,
629 509 717 568 ‚552
747 517 952 571 βασιλεῦ,
989 513 1073 571 ἐγω
1105 513 1231 557 τόνδε
1260 513 1393 567 ἔλων,
1436 516 1518 560 οὐκ
1551 517 1707 561 ἐδικαί-

433 600 525 631 ωσα
555 586 704 643 φέρειν
732 586 774 637 ἐς
804 583 994 642 ἀγορήν,
1025 586 1179 639 καίπερ
1209 601 1256 640 γε
1286 584 1369 628 ἐών
1400 583 1706 644 ἀποχειροβίω-

431 675 530 710 τος,
561 656 670 701 ἄλλά
690 674 763 712 μοι
793 656 936 701 ἐδόκεε
957 660 1034 699 σεῦ
1058 673 1102 701 τε
1134 654 1245 699 εἶναι
1276 654 1394 708 ἄξιος
1423 658 1497 701 καὶ
1524 662 1600 713 τῆς
1629 662 1761 715 σῆς95

403 727 593 785 ὃοῖρχῆς·
634 729 705 772 σοὶ
735 727 799 785 δή·
819 745 896 784 μιν
925 728 1075 782 φέρων
1105 729 1313 782 δίδωμι.“
1367 726 1416 770 Ὁ
1447 729 1517 778 δὲ,
1555 727 1708 784 ἡσθεὶς

430 806 543 843 τοῖσι
563 800 702 847 ἔπεσι,
735 798 954 856 α’μείβεται
983 800 1150 841 τοῖσδε·
1194 796 1383 851 ,,Κάρτα
1413 814 1457 841 τε
1488 794 1535 842 εὖ
1566 801 1708 857 ἐποίη-

433 882 530 922 σας·
578 871 653 914 καὶ
691 870 817 926 χάρις
856 869 1004 926 διπλὲη
1041 874 1130 912 τῶν
1159 885 1202 912 τε
1232 868 1376 925 λόγων
1406 869 1478 912 καὶ
1507 874 1587 913 τοῦ
1618 870 1706 914 δώ·-

403 946 540 996 4ρου·
592 943 666 985 καί
706 953 752 985 σε
797 942 866 985 ἐπὶ
908 943 1087 984 δεῖπνον
1128 940 1348 997 καλέομεν.
1365 944 1392 964 “
1451 938 1502 984 ‘0
1535 940 1613 997 μὲν
1653 940 1706 998 δὴ

431 1011 597 1065 ἁλιεύς,
640 1011 749 1068 μέγα
785 1010 1047 1068 ποιεύμενος
1086 1016 1246 1062 ταῦτα,
1294 1010 1360 1068 ἤϊε
1399 1011 1441 1062 ἐς
1478 1012 1530 1055 τὰ
1562 1014 1702 1056 οἰκία·

430 1083 507 1127 τόν
537 1084 583 1127 δὲ
613 1086 743 1139 ἰχθῦν
770 1082 1006 1139 τάμνοντες
1047 1085 1091 1127 οἱ
1119 1082 1408 1137 θεράποντες,
1449 1081 1731 1138 εὑρίσκουσιι

431 1155 479 1199 ἐν
501 1159 554 1213 τῇ
573 1153 706 1211 νηδύϊ
733 1153 870 1197 αὐτοῦ
901 1155 1112 1198 ἐνεοῦσαν
1141 1154 1221 1210 τήν
1239 1153 1547 1209 Πολυκράτεος
1569 1167 1705 1210 σφρη-

407 1229 565 1282 5γῖδα’
618 1225 676 1278 ὡς
707 1226 752 1269 δὲ
784 1224 902 1270 εἶδόν
931 1242 974 1269 τε
1003 1227 1075 1269 καὶ
1109 1226 1266 1282 ἔλαβον
1305 1225 1503 1281 τάχιστα,
1545 1225 1707 1281 ἔφερον

430 1295 715 1354 κεχαρηκότες
750 1296 870 1350 παροὶ
906 1296 985 1339 τόν
1016 1295 1315 1349 Πολυκράτεα·
1363 1296 1556 1348 διδόντες
1587 1297 1633 1340 δέ
1664 1297 1707 1340 οἱ

401 1366 516 1424 δτὴν
546 1370 790 1424 σφρηγῖδα,
822 1367 970 1424 ἔλεγον
999 1367 1105 1425 ὅτεῳ
1136 1365 1282 1424 τρόπῳ
1314 1366 1490 1423 εὑρέθη.

1542 1367 1631 1410 Τόν
1659 1366 1706 1410 δὲ

432 1437 492 1490 ὥς
522 1438 678 1495 ἐσῆλθε
716 1443 843 1482 θεῖον
886 1436 997 1483 εἶναι
1039 1438 1089 1482 τὸ
1121 1442 1322 1494 πρῆγμα,
1370 1437 1531 1494 γράφει
1567 1438 1610 1489 ἐς
1643 1441 1733 1494 βι-5

429 1512 556 1566 βλίον
583 1510 743 1561 πάντα,
785 1509 839 1553 τὰ
866 1508 1108 1567 ποιήσαντά
1139 1526 1213 1566 μιν
1245 1507 1317 1554 οἷα
1345 1508 1705 1566 καταλελαβήκεε·

431 1658 688 1713 χωρήσαντος
719 1660 762 1701 δέ
796 1661 837 1701 οἱ
865 1657 1033 1712 τούτου]

376 1720 400 1757 i.
430 1732 462 1756 e.
495 1720 558 1756 hoc
591 1733 667 1756 cum
698 1721 732 1756 ez·
758 1721 976 1756 successisset
1007 1732 1035 1754 s.

376 1788 452 1813 cum
482 1777 642 1813 adeunda·
677 1778 812 1826 copiam
842 1778 875 1812 ez'
892 1775 1035 1825 fecisset

374 1845 448 1870 rex.
507 1833 667 1870 Verbum
701 1836 841 1883 χωρεῖν
878 1846 906 1869 5.
936 1846 1038 1881 προ-

375 1892 517 1940 χωρεῖν
538 1890 637 1926 haud
656 1890 865 1938 infrequens
885 1890 932 1927 de
949 1889 1037 1938 feli—

375 1947 464 1983 ciorz'
489 1959 659 1983 successu.
731 1946 864 1983 Attulit
888 1945 996 1983 Wess
999 1958 1038 1982 e-

375 2002 463 2052 Iing.
484 2004 529 2049 V,
557 2005 622 2044 62.
649 2002 747 2049 VIII,
767 2004 856 2043 102.
878 2002 956 2049 VII,
984 2004 1036 2042 10

375 2057 413 2110 ᾗ.
445 2063 484 2105 2,
516 2059 646 2108 quibus
667 2060 754 2096 add.
785 2058 841 2105 V,
873 2060 938 2099 89-
969 2058 1038 2099 49·

374 2115 474 2162 VIII
496 2118 565 2162 68,
587 2129 633 2153 ne
655 2115 771 2166 plura.
793 2135 849 2142 —
879 2109 1035 2164 οἷποχει-

376 2172 569 2223 ροβίωτος
604 2173 633 2209 ἰ5
669 2176 747 2219 est,
788 2172 849 2221 qui
889 2184 1036 2208 suarum

376 2229 487 2278 IPSIUS
509 2241 680 2266 manuum
699 2241 812 2279 opera
829 2228 937 2264 VItam
956 2240 1038 2263 sns-

374 2289 491 2322 tentat
509 2285 713 2333 victumque
731 2285 799 2321 sibi
825 2285 903 2333 ipse
924 2296 1037 2332 quae-

376 2341 433 2377 rit.
464 2341 549 2384 Quo
568 2343 697 2378 eodem
714 2341 920 2389 significatu
936 2340 1034 2389 apud

375 2397 464 2434 alios
482 2397 662 2435 invenitur
682 2392 911 2447 αὐτουργός.

434 2451 531 2505 μέγα
553 2449 743 2504 ποιεύμει
749 2469 790 2499 ος
810 2450 949 2501 ταῦτα]
971 2466 1032 2501 με-

375 2504 476 2562 γάλα
500 2510 648 2548 exhibet
677 2510 860 2546 Sancrosti
890 2513 925 2546 et
945 2509 1035 2544 Vin-

376 2567 511 2604 dobon.
529 2566 630 2613 liber,
663 2567 724 2616 qui
741 2566 848 2602 iidem
870 2565 949 2601 libri
970 2564 1033 2610 IX,

379 2624 451 2664 111
478 2624 656 2674 praebent
676 2621 785 2673 μέγα,
803 2622 861 2658 ubi
879 2621 1032 2658 Floren-

375 2679 472 2716 tinus
487 2675 799 2730 ειΙίἱφιεμεγοΞλας
817 2678 917 2727 quod
937 2678 1032 2714 idem

376 2736 557 2773 invenitur
578 2737 613 2772 in
644 2736 698 2772 his
723 2735 808 2772 Iocis
829 2747 850 2770 a
877 2732 1032 2770 IVessel.

374 2792 509 2829 allatis:
542 2792 681 2829 Herod.
705 2792 749 2838 II,
781 2794 870 2835 121,
892 2788 928 2828 4.
961 2789 1033 2825 Po-

375 2848 495 2898 Iyaen.
528 2849 607 2896 VII,
643 2852 705 2894 10,
737 2850 774 2888 8.
809 2847 960 2883 Homer.
991 2846 1031 2882 ΙΙ.

375 2905 474 2953 XIII,
490 2908 584 2948 282.
614 2905 776 2956 Euripid.
791 2902 1031 2940 Andromach.

1099 1665 1178 1705 188
1199 1661 1280 1699 coll.
1303 1661 1457 1700 Dorvill.
1480 1661 1527 1700 ad
1549 1661 1691 1699 Charit.
1720 1674 1758 1712 p.

1096 1720 1189 1760 564.
1223 1717 1320 1770 μέγα
1357 1724 1502 1769 praeter
1534 1718 1650 1754 Iocum
1682 1717 1760 1755 Iau-

1095 1777 1221 1813 datum
1246 1776 1308 1821 IX,
1342 1778 1418 1816 111
1454 1776 1636 1812 invenitur
1659 1774 1759 1820 VIII,

1095 1834 1141 1878 3,
1180 1829 1328 1884 μεγάλα
1360 1832 1388 1878 Ι,
1416 1835 1507 1878 119,
1540 1831 1639 1880 quod
1671 1830 1758 1867 mihi

1095 1889 1314 1925 documento
1351 1892 1427 1935 est,
1477 1893 1673 1936 utrumque
1701 1886 1758 1923 di-

1095 1945 1200 1982 cendi
1214 1957 1328 1994 genus
1347 1957 1466 1993 aeque
1486 1943 1670 1995 placuisse
1680 1942 1760 1980 He-

1093 2002 1238 2038 rodoto.
1261 2024 1311 2028 —
1343 2001 1404 2037 Ad
1423 2002 1576 2038 formam
1595 2013 1759 2050 κεχαρη-

1094 2054 1202 2104 κότες
1225 2059 1321 2095 conf.
1343 2057 1476 2094 Matth
1497 2057 1562 2094 Gr.
1585 2056 1651 2095 Gr.
1671 2068 1759 2107 pag.

1156 2166 1235 2210 Tov
1255 2167 1297 2209 δὲ
1323 2185 1377 2216 ως
1404 2167 1552 2220 ἐσῆλθε
1574 2170 1692 2207 θεῖον
1720 2182 1757 2206 κ.

1094 2243 1125 2265 τ.
1148 2227 1195 2277 λ.]
1228 2228 1250 2264 i.
1269 2240 1302 2264 e.
1330 2239 1406 2263 cum
1434 2238 1511 2262 vero
1538 2226 1652 2275 ipsum
1675 2224 1756 2260 sub-

1094 2287 1160 2321 iret
1187 2284 1367 2332 cogitatio,
1399 2282 1557 2318 divinam
1589 2294 1658 2317 esse
1685 2293 1756 2317 rem

1095 2354 1122 2377 s.
1161 2340 1336 2376 (livinitus
1371 2339 1433 2375 hoc
1470 2340 1541 2388 ipsi
1574 2337 1756 2374 accidisse.

1092 2397 1216 2434 Verbo
1237 2395 1382 2445 ἐσῆλθε
1402 2400 1437 2432 et
1460 2395 1620 2431 dativum
1641 2399 1678 2431 et
1695 2406 1756 2431 ac-

1091 2453 1287 2490 cusativum
1321 2451 1460 2488 adstrui
1499 2451 1586 2487 satis
1614 2455 1752 2487 notum.

1092 2509 1146 2546 Ex
1161 2509 1349 2546 Herodoto
1371 2508 1430 2545 Tu
1448 2507 1542 2544 conf.
1565 2507 1592 2553 I,
1607 2505 1672 2548 24.
1686 2508 1751 2546 86.

1091 2566 1154 2612 ΙΙΙ,
1177 2565 1238 2606 14.
1261 2564 1323 2610 vl,
1347 2563 1435 2605 125.
1458 2563 1556 2608 vm,
1583 2565 1672 2603 137.

1149 2617 1292 2672 γράφει
1322 2618 1360 2666 ἐς
1393 2620 1561 2670 βιβλίον]
1595 2619 1753 2670 βιβλίον

1092 2678 1138 2715 de
1159 2677 1283 2714 tabula
1305 2689 1333 2712 s.
1354 2676 1490 2723 charta,
1513 2677 1550 2713 in
1571 2678 1641 2725 qua
1663 2675 1752 2725 quid

1091 2734 1227 2784 scripto
1257 2733 1514 2781 consignatur,
1544 2733 1751 2780 intelligen-

1090 2791 1200 2837 dum,
1247 2794 1286 2826 ut
1319 2789 1357 2836 I,
1391 2790 1480 2830 123.
1526 2789 1616 2830 124.
1660 2787 1749 2830 125.

1089 2846 1169 2892 VII,
1191 2848 1282 2887 211.

1145 2898 1191 2941 τὰ
1216 2896 1439 2952 ποιήσαντά
1459 2916 1526 2952 μιν
1548 2896 1612 2940 οἷα
1633 2914 1748 2939 κατα-
