1904 3304
421 241 504 281 136

807 239 1277 281 HERODOTI

391 347 634 404 3γεγονότα
662 347 979 393 ἐπυνθάνοντο.
1011 347 1204 394 ἐνθαῦτα
1228 348 1451 401 ἐκστάντες
1469 354 1544 407 τῆς
1564 349 1688 405 ὁδοῦ,

420 419 625 464 ἐδίδοσαν
666 415 788 471 αὖτίς
835 430 959 475 σφισι
1001 419 1179 475 λόγους·

1241 423 1285 465 οἱ
1333 421 1412 476 μὲν
1458 420 1572 478 α’μφὶ
1613 423 1747 467 τὸν45

416 487 603 546 Ὀτάνην
631 489 775 546 πάγχυ
803 488 1049 541 κελεύοντες
1076 489 1421 545 ὑπερβαλέσθαι,
1461 495 1589 549 μηδὲ,
1621 496 1693 538 ol-

418 559 609 604 δεόντων
637 566 726 605 τῶν
754 559 1043 617 πρηγμάτων,
1074 561 1348 607 ἐπιτίθεσθαι
1367 577 1376 586 ·

1427 564 1470 606 οἱ
1501 565 1547 608 δὲ
1578 565 1693 621 ἀμφὶ

418 630 498 674 τόν
527 636 744 686 Δαρεῖον,
793 630 952 675 αὐτίκα
989 648 1033 676 τε
1072 632 1205 686 ἰέναι,
1252 633 1326 676 καὶ
1364 633 1416 676 τοὶ
1456 635 1694 691 δεδογμένα

388 701 604 751 4ποιέειν,
638 702 744 759 μηδὲ
770 700 1131 759 ὑπερβάλλεσθαι.
1174 701 1453 761 ὠθιζομένων
1476 704 1511 749 δ’
1532 705 1693 758 αὐτῶν,

369 903 434 940 Gr.
455 901 490 954 §.
508 905 589 944 620
610 916 646 954 Ι).
662 901 781 943 1257.
821 901 903 942 Alia
922 915 1036 958 quae-

370 960 454 996 dam
476 960 624 1008 Steger.
646 959 765 997 affert.

427 1015 614 1054 ἐδίδοσαν
654 1010 804 1062 αὖτίς
834 1026 947 1065 σφισι
974 1010 1033 1055 λό-

371 1071 481 1124 γους]
513 1072 538 1110 i.
566 1085 598 1110 e.
623 1072 747 1120 denuo,
774 1075 902 1110 iterum
921 1086 1034 1110 secum

367 1129 627 1165 ἀαίιὺιταῦαηΐ.
649 1123 760 1176 αὖτις
773 1143 852 1167 cum
865 1130 1032 1179 Schugh.

368 1190 404 1223 et
428 1186 543 1222 Gaisf.
575 1199 642 1234 pro
666 1186 762 1236 vulg.
796 1181 952 1253 αυτοῖσι
977 1199 1034 1223 re-

367 1242 506 1292 scripsi.
566 1242 607 1278 In
636 1256 740 1292 seqq.
766 1243 808 1281 οἷ
828 1239 900 1293 μὲν
928 1237 1033 1293 ἀμφὶ

367 1295 439 1337 τόν
461 1293 632 1349 Ὀτάνην
651 1300 700 1347 (5.
722 1299 914 1349 Δαρεῖον)
938 1298 1034 1335 valet

370 1357 444 1404 ipse
485 1355 640 1403 Οἰιιηεε,
680 1369 707 1392 s.
746 1355 884 1392 Darius
918 1353 1033 1405 (conf.

368 1411 503 1448 Matth.
525 1412 589 1448 Gr.
615 1412 681 1449 Gr.
701 1410 737 1463 ἓ.
752 1412 846 1459 533,
864 1426 891 1449 c.
909 1415 926 1451 1
946 1425 1032 1462 pag.

372 1466 514 1518 1159),
544 1467 601 1506 vel
625 1470 762 1519 potius,
793 1482 888 1518 quae
916 1468 1035 1505 Geelii

370 1528 426 1561 est
447 1525 711 1574 interpretatio,
729 1526 861 1561 Otanes
880 1537 955 1561 cum
976 1526 1033 1570 iis,

370 1582 435 1631 qui
452 1582 565 1629 ipsius
589 1584 781 1618 sententiae
803 1584 1032 1618 accesserant.

427 1632 557 1687 πάγχυ
578 1633 804 1684 κελεύοντες
820 1636 886 1676 ὑπ
898 1652 913 1676 ε
926 1652 946 1688 ρ
959 1638 1035 1688 βα-

371 1689 582 1743 λέσθαι]
623 1693 679 1730 Ita
717 1707 797 1731 cum
828 1694 1032 1742 Schweigh.

373 1752 411 1786 et
435 1749 551 1786 Gaist'.
579 1751 685 1800 posui
708 1751 923 1787 auctoritate
950 1751 1031 1800 plu-

369 1805 462 1842 rium
499 1805 672 1843 librorum
707 1811 819 1855 atque
850 1806 1032 1843 Eustathii

369 1861 461 1899 haee
482 1861 623 1899 citantis
642 1863 689 1899 ad
714 1863 1033 1913 Odyss.p.1441‚

370 1919 417 1957 61
446 1930 476 1954 S·
498 1920 565 1966 90,
587 1917 654 1958 44.
692 1919 732 1955 ln
752 1919 920 1956 Mediceo
942 1919 1033 1956 libro

369 1973 540 2023 binisque
561 1974 639 2011 aliis
668 1980 787 2012 exstat
810 1973 1033 2026 ὑπερβαλέ-

372 2033 511 2078 εσθαι,
545 2031 581 2067 in
602 2031 814 2069 Florentino
836 2030 1034 2084 ’ὑπερβαλ-

370 2084 660 2136 λὲεσθαι((]ηο(1
673 2101 746 2124 non
767 2101 912 2138 prorsus
932 2101 1035 2138 sper-

370 2144 553 2189 11en‹lurn·‚
584 2145 677 2181 conf.
700 2150 790 2181 nott.
806 2146 852 2182 ad
873 2146 934 2193 Ill,
947 2147 1034 2192 23),

370 2201 408 2235 in
442 2200 615 2236 Parisinis
655 2201 799 2237 duobus
837 2197 1035 2252 ὑπερβάλ-

371 2257 525 2294 λεσθαι.
538 2256 751 2293 Eustatliius
771 2257 1036 2308 interpretatur

372 2311 603 2362 διατρίβειν,
634 2313 749 2349 minus
768 2318 868 2362 apte,
901 2319 1035 2350 utmo-

372 2368 453 2404 nuit
474 2368 662 2415 Valcken„
692 2369 753 2417 qui
775 2370 950 2419 explicat:
976 2384 1034 2419 op-

366 2426 623 2473 portunitatem
654 2429 855 2474 exspectare
889 2428 942 2462 rei
972 2439 1035 2474 ge-

371 2480 515 2528 rendae,
532 2482 606 2517 sive
620 2481 776 2529 defferre,
798 2487 837 2518 ut
848 2482 929 2529 Vll,
942 2485 1036 2523 206.

371 2536 437 2582 lx,
459 2537 525 2577 45.
551 2536 616 2577 51.
638 2538 699 2583 lv,
721 2539 758 2576 9.

430 2590 549 2642 μηδὲ,
583 2588 798 2632 οἰδεόντων
827 2595 906 2631 τῶν
935 2609 1035 2645 πρη-

371 2645 544 2700 γμάτων,
575 2647 844 2698 ἐπιτίθεσθαι]
877 2651 899 2685 i.
920 2663 950 2687 e.
975 2664 1035 2686 ue-

374 2718 452 2755 que,
484 2707 519 2741 in
540 2706 607 2741 hac
629 2718 742 2742 rerum
758 2707 1036 2755 perturbatione,

371 2762 669 2810 adgrediendum.
728 2762 870 2799 Dicitur
893 2761 1036 2801 οἰδὲειν

370 2822 501 2855 tumere
521 2818 567 2855 de
590 2819 695 2856 rebus
716 2818 946 2864 turbulentis,
969 2820 1035 2856 mi-

373 2875 471 2912 nime
491 2874 694 2925 tranquillis
720 2875 886 2922 certisve,
916 2879 955 2912 ut
972 2875 1036 2923 Ill,

1094 906 1189 952 127,
1203 904 1262 943 ubi
1282 905 1458 944 Valcken.
1477 906 1525 944 de
1535 906 1647 944 verbo
1661 908 1753 955 φλε-

1089 962 1273 1012 γμαίνειν
1293 967 1431 1008 monet,
1444 963 1543 1013 quod
1562 962 1667 1000 simili
1677 963 1754 1001 sere

1090 1019 1202 1055 modo
1231 1024 1434 1069 usurpatur.
1491 1019 1550 1057 De
1573 1033 1647 1069 quo
1671 1019 1754 1057 Ast.

1092 1075 1140 1111 ad
1164 1074 1306 1112 Platon.
1329 1076 1434 1112 Polit.
1456 1075 1503 1122 ll,
1528 1078 1578 1116 13
1599 1090 1635 1127 p.
1658 1075 1754 1116 420·

1091 1130 1243 1169 Tralate
1281 1133 1389 1168 etiam
1420 1131 1587 1169 Plotinus
1618 1132 1689 1179 vl,
1713 1135 1753 1173 7.

1092 1189 1145 1227 36
1174 1201 1211 1237 Ι).
1234 1190 1338 1228 728:
1375 1187 1594 1238 ἐξενεχθεὶς
1628 1185 1670 1227 δὲ
1698 1190 1756 1242 τῷ

1093 1239 1221 1297 αὐτῷ,
1250 1259 1319 1282 του
1341 1246 1417 1282 νοῦ
1440 1246 1528 1284 οἱον
1556 1239 1613 1282 κύ
1624 1259 1754 1295 ματι,

1091 1298 1159 1338 καὶ
1174 1285 1297 1349 ’ὑψοῦ
1320 1295 1394 1338 υπ’
1415 1296 1540 1340 αὕτοῦ
1559 1316 1578 1340 ο
1593 1296 1670 1340 ἷον
1694 1300 1754 1340 οἰ-

1092 1350 1300 1407 δήσαντος.
1358 1357 1416 1394 De
1444 1357 1630 1395 locutione
1661 1360 1756 1406 φλε-

1090 1413 1273 1465 γμαίνειν
1291 1414 1337 1450 ad
1351 1414 1628 1465 Olympiodori
1621 1427 1657 1451 in
1668 1414 1755 1452 Pla-

1090 1470 1188 1506 tonis
1222 1470 1339 1507 Alcib.
1368 1483 1424 1520 pr.
1461 1484 1498 1535 p.
1531 1472 1610 1512 136
1644 1471 1753 1509 haec:

1093 1521 1197 1564 διότι
1227 1529 1323 1577 φλεγ
1327 1523 1528 1579 μαινούση
1551 1523 1664 1565 πόλει
1687 1528 1754 1565 δυ-

1091 1596 1230 1632 ναμεις
1249 1586 1491 1632 περιποιεῖτο
1509 1584 1662 1620 diximus
1672 1584 1757 1621 Μο-

1091 1651 1192 1675 serns
1213 1643 1248 1676 et
1269 1638 1333 1676 Cr.
1375 1640 1473 1677 Inter
1494 1638 1645 1676 Latinos
1666 1640 1756 1676 scri-

1091 1700 1215 1746 ptores
1259 1695 1409 1733 Tacitus
1449 1696 1547 1732 Hist.
1582 1696 1639 1742 ll,
1677 1697 1752 1737 32:

1090 1752 1292 1800 „quoniam
1316 1751 1459 1789 Galliae
1480 1754 1676 1799 tunoeant,“
1707 1753 1755 1790 de

1089 1808 1279 1845 seditione.
1310 1808 1432 1857 Atque
1453 1809 1530 1858 ipse
1553 1809 1682 1846 Cicero
1705 1809 1754 1845 ad

1089 1864 1163 1901 Att.
1185 1864 1284 1910 XIV,
1303 1864 1349 1903 4:
1381 1868 1544 1911 „tument
1565 1865 1756 1914 negotia,“

1090 1933 1186 1970 quae
1212 1921 1453 1959 diversimode
1482 1935 1503 1959 a
1529 1922 1612 1958 viris
1638 1921 1755 1958 doctis

1091 1976 1328 2027 explicantur,
1349 1989 1440 2026 quos
1459 1977 1584 2015 laudat
1607 1977 1757 2015 Ernesti

1091 2034 1128 2069 in
1153 2034 1256 2070 Clav.
1284 2033 1362 2070 Cic.
1390 2047 1419 2071 s.
1443 2046 1475 2071 v,
1502 2055 1558 2062 -—
1590 2033 1647 2071 Ad
1676 2046 1758 2071 ver-

1092 2089 1179 2126 bum
1204 2088 1462 2129 ἐπιτίθεσθαι
1480 2091 1657 2138 (aggredi
1680 2091 1756 2139 res)

1091 2145 1267 2183 Valcken.
1290 2147 1424 2184 excitat
1447 2146 1592 2184 lsocrat.
1612 2147 1659 2183 ad
1670 2146 1758 2183 Phi-

1091 2201 1178 2252 lipp.
1209 2215 1294 2252 pag.
1322 2205 1375 2243 90
1402 2202 1445 2239 A.
1478 2202 1646 2252 Xenoph.
1674 2202 1756 2239 Me-

1091 2271 1182 2296 mor.
1202 2259 1266 2305 lll,
1281 2261 1319 2304 9,
1332 2262 1369 2298 7.
1400 2259 1495 2295 Add.
1509 2260 1595 2295 ibid.
1610 2258 1654 2305 ll,
1667 2261 1705 2305 8,
1717 2260 1755 2298 3.

1149 2309 1407 2364 ω’θιζομένων
1443 2310 1483 2353 δ’
1528 2310 1663 2352 ου’τῶν
1698 2334 1755 2342 ——

1093 2366 1244 2421 ζεύγεα]
1256 2372 1277 2407 i.
1293 2384 1323 2407 e.
1339 2371 1421 2406 dum
1434 2373 1523 2407 inter
1534 2386 1567 2407 se
1576 2371 1754 2407 altercan-

1092 2431 1164 2473 tur,
1195 2427 1369 2476 adparent
1395 2431 1519 2476 „septem
1545 2429 1756 2477 accipitrum

1087 2486 1207 2533 paria.
1240 2478 1460 2529 ὥθίζεσθαι
1492 2497 1536 2521 eo
1566 2485 1621 2521 hic
1653 2496 1757 2520 usur-

1093 2545 1201 2589 patur
1229 2552 1360 2586 sensu,
1391 2552 1464 2589 quo
1485 2540 1549 2586 lx,
1575 2543 1627 2580 26
1658 2536 1757 2578 ω’θι-

1094 2593 1192 2644 σμός
1220 2591 1360 2646 λόγων.
1420 2596 1502 2632 Alio
1535 2609 1644 2633 sensu
1672 2596 1755 2642 VH,

1093 2651 1186 2691 225.
1217 2652 1362 2703 ζεῦγος,
1393 2653 1493 2700 quod
1516 2653 1679 2702 proxime
1708 2652 1756 2690 de

1093 2708 1200 2755 bigis,
1222 2708 1296 2744 sive
1318 2708 1365 2745 de
1392 2709 1490 2744 boum
1504 2711 1590 2758 pari
1608 2710 1753 2756 dicitur,

1092 2769 1167 2800 tum
1200 2764 1247 2800 de
1281 2766 1398 2813 quovis
1429 2767 1517 2815 pari
1547 2765 1755 2810 adhibetur,

1092 2825 1134 2856 ut
1154 2819 1216 2866 111,
1240 2822 1329 2860 130.
1354 2820 1508 2868 vll,35.
1528 2844 1578 2849 —
1597 2822 1753 2869 Inseqq.

1093 2875 1294 2928 αἰγυπιῶν
1315 2877 1450 2915 Glossa
1476 2877 1616 2916 Herod.
1641 2875 1756 2928 expli-

1869 0 1888 226 l

1880 305 1892 563 l

1885 568 1889 587 1
