1904 3304
413 207 499 247 28⁰
804 201 1279 241 HERODOTI

391 319 499 369 Ξχης
527 327 570 355 τε
601 311 893 365 ἐπελάθοντο,
922 311 994 354 καὶ
1025 311 1224 367 ἔφευγον.
1286 311 1412 354 Οὕτω
1442 311 1486 354 οἷ
1509 309 1686 355 Σκύθαι

416 387 493 439 τῆς
528 399 573 426 τε
610 380 751 437 Ἀσίης
785 376 944 436 ἦρξαν,
990 380 1063 424 καὶ
1103 381 1399 433 ἐξελασθέντες
1440 375 1562 433 αὖτις
1600 380 1686 426 ὑπὸ

418 454 616 510 Μήδων,
646 456 870 508 κατῆλθον
901 448 1048 508 τρόπῳ
1077 451 1263 509 τοιούτῳ
1294 453 1337 503 ἐς
1366 451 1445 508 τὴν
1463 451 1686 509 σφετέρην.

417 528 507 568 τῶν
548 524 593 567 δὲ
642 524 784 566 εἵνεκα
834 521 858 566 ὁ
898 526 1088 576 Δαρεῖος
1138 524 1345 567 τίσασθαι
1395 522 1747 579 βουλόμενος,6ο

420 594 647 650 συνήγειρε
677 592 748 638 ἐπ’
781 592 944 645 αὐτοὺς
974 590 1231 650 στράτευμα.

327 670 359 715 5
527 664 604 717 Ὡς
649 665 695 709 δὲ
736 662 918 708 Σκύθαι
964 664 1163 719 λέγουσι,
1220 663 1440 708 νεώτατον
1485 663 1692 709 ἁπάντων

87 735 282 803 οῗξέξξξξζᾛ
295 735 365 798 „2¹2ss-
421 738 586 783 ἐθνέων
616 734 730 780 εἶναι
756 735 804 779 τὸ
838 734 1073 791 σφέτερον·
1121 740 1252 779 τοῦτο
1284 734 1330 778 δὲ
1358 735 1562 791 γενέσθαι
1597 732 1692 781 ὦδε.

88 802 364 897 Ξζξᾞιζξῗῆῑῑῗῆξῗζ
393 808 570 864 Ξᾶνδρα
607 807 811 864 γενέσθαι
849 811 1027 861 πρῶτον
1069 806 1116 850 ἐν
1153 811 1206 863 τῇ
1251 811 1308 864 γῇ
1347 804 1506 863 ταύτῃ,
1559 807 1692 864 ἐούσῃ

116 872 246 905 ipoxais,
270 879 288 898 a
307 880 365 906 quo

91 904 260 938 Auchatae3
273 906 365 941 Arpo-

369 1034 580 1083 λαθέντες,
618 1037 780 1085 itemque
803 1038 883 1074 τῶν
907 1034 949 1076 δὲ
971 1049 1029 1074 se-

367 1095 518 1131 iunctim
546 1106 613 1143 pro
643 1093 780 1131 τῶνδε.
840 1093 950 1136 Quod
981 1093 1030 1130 ad

368 1152 485 1201 ipsum
512 1149 643 1200 capitis
664 1154 920 1199 argumentum
945 1150 1032 1187 atti-

367 1211 450 1253 net,
482 1205 611 1242 similia
633 1206 813 1254 quaedam
834 1206 871 1241 in
893 1205 1032 1243 annali—

367 1264 437 1300 bus
455 1262 812 1311 Novgorodensibus
835 1263 931 1299 tradi
952 1274 1033 1299 mo-

368 1323 431 1356 net
460 1318 570 1356 Italus
598 1318 778 1368 interpres
809 1330 852 1355 ex
882 1319 1033 1356 Ramus.

368 1375 463 1414 Dell.
490 1374 610 1423 navig.
633 1388 654 1412 e
684 1374 748 1412 de'
763 1374 885 1424 viaggi
907 1375 922 1412 I
946 1388 1031 1426 pag.

374 1434 467 1473 166.
498 1431 607 1468 Cives
622 1430 935 1480 Novgorodenses
953 1445 1033 1469 cum

372 1488 555 1525 Graecam
597 1489 782 1537 quandam
825 1488 1036 1526 obsidentes

372 1545 500 1582 urbem
521 1557 587 1594 per
606 1548 751 1594 septem
774 1556 889 1582 annos
920 1545 1038 1582 conti-

372 1613 466 1638 nuos
490 1602 686 1648 abessent,
727 1613 857 1637 uxores
887 1602 1038 1637 marito-

373 1670 453 1694 rum
488 1657 690 1693 absentiam
731 1670 841 1705 aegre
880 1658 1038 1695 serentes

375 1714 498 1763 deque
521 1714 640 1750 reditu
662 1713 923 1762 desperantes,
964 1726 1041 1750 ser-

374 1771 430 1806 vis
454 1774 656 1819 nupserunt
679 1770 761 1806 suis.
807 1770 928 1813 Quum
954 1783 1040 1807 vero

375 1830 590 1876 expugnata
620 1826 710 1863 urbe
743 1827 864 1863 mariti
893 1827 1040 1863 domum

375 1883 563 1929 redirent,
604 1883 699 1919 servi
740 1883 843 1919 initio
891 1884 1041 1932 quidem

374 1940 521 1976 sortiter
541 1939 769 1986 resistentes,
799 1951 884 1977 mox
907 1945 1040 1986 tamen,

376 1995 438 2032 ubi
468 1994 540 2042 illi,
583 1995 763 2044 depositis
785 1996 917 2043 armis,
961 2009 1042 2033 cum

377 2051 514 2088 baculis
562 2052 640 2088 sive
676 2051 831 2100 flagellis
879 2053 1044 2090 fecerunt

378 2108 575 2158 impetum,
625 2109 810 2158 perterriti
845 2109 882 2145 in
916 2110 1043 2158 sugam

380 2177 420 2202 se
452 2164 635 2201 dederunt
666 2177 824 2214 eumque
850 2166 886 2202 in
911 2165 1043 2212 locum,

379 2220 435 2257 cui
476 2221 670 2258 etiamnum
711 2233 844 2259 nomen
877 2221 1045 2272 Chloppi-

381 2276 474 2324 grod
502 2277 524 2312 i.
547 2289 577 2314 e.
605 2289 779 2313 servorum
802 2278 983 2315 castellum
1006 2290 1045 2315 se

381 2333 571 2382 recipiunt.
628 2333 711 2377 Quo
743 2338 866 2371 tamen
898 2335 978 2384 ipso
1009 2335 1046 2370 in

381 2388 461 2425 loco
484 2388 520 2424 hi
539 2390 632 2426 servi
652 2394 782 2439 postea
804 2392 900 2440 capti
921 2390 1047 2427 variis-

383 2457 455 2494 que
476 2444 659 2495 suppliciis
680 2445 804 2483 affecti
827 2451 918 2483 sunt.

615 2501 646 2537 C
660 2514 729 2551 ap.
760 2502 804 2537 V.

441 2555 495 2603 ὥς
519 2554 561 2595 δὲ
586 2553 751 2596 Σκύθαι
773 2556 944 2609 λέγουσι]
989 2557 1047 2595 Ad

382 2613 450 2650 loci
472 2618 690 2650 structuram
709 2615 803 2650 conf.
824 2615 955 2651 Matth.
979 2615 1045 2651 Gr.

384 2670 452 2706 Gr.
475 2682 560 2720 pag.
583 2670 663 2710 539
687 2675 762 2706 not.
784 2673 809 2711 2
831 2676 867 2707 et
891 2673 986 2716 631,
1010 2673 1046 2710 2.

385 2725 520 2775 Attigit
543 2739 688 2774 quoque
706 2726 859 2763 Siebelis
882 2728 930 2763 ad
951 2727 1046 2763 Pau-

385 2794 463 2819 san.
487 2782 582 2829 VIII,
606 2785 656 2822 12
678 2780 713 2832 ἓ.
734 2785 772 2822 2.
819 2782 874 2819 Ex
894 2782 963 2819 hoc
985 2796 1048 2819 au-

387 2843 461 2875 tem
496 2837 598 2886 loco,
647 2852 720 2887 quo
757 2838 911 2888 Scythas
950 2839 1048 2890 ipsos

423 879 593 939 ἐρήμῳ,
636 883 696 936 τῷ
735 877 904 934 οὔνομα
934 876 1046 922 εἶναι
1082 879 1345 935 Ταργίταον·
1388 881 1468 921 τοῦ
1507 877 1554 921 δὲ
1589 881 1750 934 Toto-65

1085 1036 1226 1076 Noster
1247 1035 1400 1073 adhibet
1426 1040 1594 1074 auctores
1625 1048 1751 1074 narra·

1087 1095 1220 1140 tionis,
1256 1092 1414 1142 aliisque
1455 1093 1664 1140 simillimis,
1710 1096 1752 1129 ut

1087 1151 1151 1198 IV,
1168 1152 1205 1190 7.
1227 1151 1263 1188 8.
1294 1148 1323 1196 I,
1346 1148 1437 1189 105.
1470 1150 1516 1196 II,
1542 1152 1642 1196 103;
1674 1149 1754 1186 He-

1088 1207 1257 1245 rodotum
1277 1205 1395 1255 ipsum
1415 1207 1540 1243 visisse
1551 1206 1752 1254 Scythiam,

1090 1263 1212 1311 colligi
1234 1261 1309 1297 vult
1330 1262 1457 1309 Heyse
1480 1263 1650 1306 Quaestt.
1674 1262 1753 1299 He-

1094 1319 1201 1357 rodd.
1225 1330 1312 1369 pag.
1350 1319 1424 1358 131
1456 1331 1610 1368 eamque
1637 1313 1754 1357 αύτο-

1097 1376 1201 1424 ψῖαν
1232 1374 1436 1412 confirmari
1464 1379 1637 1412 accurata
1665 1375 1757 1423 Scy-

1093 1433 1213 1470 thicae
1233 1431 1353 1480 gentis
1376 1444 1418 1468 ac
1436 1431 1597 1481 regionis
1620 1431 1756 1469 descri-

1093 1490 1244 1541 ptione,
1274 1500 1368 1536 quae
1387 1487 1473 1525 inde
1490 1500 1511 1525 a
1529 1501 1608 1538 cap.
1627 1487 1681 1527 46
1699 1488 1756 1525 in-

1095 1545 1278 1583 stituitur:
1309 1545 1355 1581 ad
1374 1556 1481 1592 quem
1499 1545 1618 1595 ipsum
1637 1543 1755 1582 locum

1096 1600 1234 1640 consul.
1258 1604 1422 1637 annotat.

1155 1652 1354 1696 νεώτατον
1382 1652 1572 1696 ἁπάντων
1601 1654 1757 1696 ἐθνέων

1099 1710 1201 1754 εἶναι
1217 1710 1262 1752 τό
1286 1711 1476 1765 σφέτερον
1494 1728 1528 1752 κ.
1550 1728 1580 1752 τ.
1603 1712 1651 1763 λ.]
1683 1714 1759 1751 Fa-

1099 1772 1148 1809 cit
1180 1771 1250 1807 huc
1272 1770 1399 1807 Iustini
1429 1771 1589 1807 narratio
1622 1770 1677 1817 ll,
1713 1772 1756 1811 1:

1099 1828 1318 1876 Scytharum
1344 1831 1491 1875 gentem
1521 1839 1666 1877 semper
1690 1826 1758 1864 ha-

1100 1886 1211 1922 bitam
1237 1896 1318 1920 esse
1342 1884 1651 1932 antiquissimam,
1690 1882 1760 1921 etsi

1100 1942 1193 1978 inter
1213 1940 1368 1989 Scythas
1389 1941 1667 1990 Aegyptiosque
1697 1940 1760 1976 diu

1101 1998 1148 2035 de
1177 1997 1321 2046 generis
1351 2001 1530 2034 vetustate
1553 2009 1596 2033 ac
1628 1995 1762 2046 princi-

1099 2057 1189 2105 patu
1218 2053 1471 2103 disceptatum.
1511 2053 1559 2090 At
1581 2052 1762 2090 Herodoti

1099 2110 1345 2148 narrationem
1376 2109 1653 2160 praeferendam
1679 2121 1762 2146 esse

1101 2167 1231 2204 merito
1250 2166 1380 2203 statuit
1401 2166 1512 2203 Italus
1533 2166 1580 2203 ad
1600 2165 1634 2202 h.
1659 2166 1681 2202 l.
1706 2165 1762 2201 in-

1102 2228 1256 2273 terpres.

1159 2281 1215 2331 τῷ
1233 2274 1390 2328 οὕνομα
1409 2273 1509 2316 εἶναι
1525 2275 1761 2328 Ταργίταον]

1108 2334 1283 2383 Targitai
1300 2347 1431 2371 nomen
1451 2334 1563 2371 multo
1576 2337 1658 2384 post
1671 2346 1764 2382 quo-

1104 2405 1176 2442 que
1219 2391 1370 2428 inveniri
1408 2390 1507 2440 apud
1541 2389 1763 2438 Polyaenum

1104 2451 1232 2485 auctor
1257 2452 1312 2484 est
1336 2445 1447 2483 Italus
1471 2446 1676 2496 interpres,
1706 2447 1764 2483 in-

1105 2504 1285 2552 telligens,
1307 2503 1447 2553 opinor,
1467 2501 1583 2539 locum
1607 2503 1642 2539 in
1663 2503 1765 2539 Stra-

1104 2565 1205 2608 tegg.
1231 2559 1336 2605 VIII,
1367 2559 1444 2604 55,
1475 2559 1536 2595 ubi
1563 2556 1765 2610 Τιργαταώ

1105 2615 1260 2653 Maeotis
1296 2620 1599 2652 commemoratur
1615 2644 1625 2661 ,
1670 2627 1765 2664 quae

1105 2672 1291 2708 Hecataeo
1304 2671 1489 2707 Sintorum
1502 2672 1579 2720 regi
1591 2672 1765 2721 nupserit.

1105 2727 1227 2776 Magis
1243 2728 1310 2763 huc
1330 2728 1414 2764 facit
1425 2727 1593 2765 Rennelii
1606 2724 1764 2780 (Geogr.

1107 2783 1243 2820 Herod.
1283 2797 1370 2833 pag.
1412 2782 1522 2833 410)
1561 2784 1765 2830 annotatio,

1107 2839 1142 2877 T
1145 2844 1347 2877 artarorum
1367 2840 1402 2876 iu
1421 2840 1475 2877 his
1498 2841 1631 2878 famam
1651 2852 1766 2889 agno-
