1904 3304
456 211 541 251 346
859 212 1338 253 HERODOTI

121 328 167 356 his
195 329 246 363 qui
272 329 401 356 honores

121 362 307 390 habeantur:
322 364 398 390 olen

121 396 251 432 Lycius,
277 397 399 432 hymno-

120 438 223 465 pocus.

459 317 770 376 ἀποφερούσας
797 320 892 364 ἀντὶ
918 324 1000 364 τοῦ
1033 319 1261 366 ωκυτόκου
1295 324 1374 366 τᾶν
1411 324 1613 378 ἐτάξαντο
1645 326 1722 382 φό-

458 408 541 447 ρον
578 391 832 436 ἀπικέσθαι·
879 391 960 448 τήν
1008 392 1054 435 δὲ
1084 392 1251 449 ’Ἄργην
1289 411 1334 438 τε
1370 397 1440 439 καὶ
1481 396 1559 452 τὴν
1593 398 1724 440 ᾨπιν

456 463 546 519 ἅμα
586 463 759 508 αὐτοῖσι
797 469 909 507 τοῖσι
948 469 1091 506 θεοῖσι
1131 461 1362 509 ἀπικέσθαι
1402 468 1600 523 λέγουσι,
1651 470 1726 512 καί

456 545 537 590 σφι
578 535 704 591 τιμάς
742 534 872 586 ἄλλας
911 533 1120 578 δεδόσθαι
1160 535 1270 590 πρὸς
1309 536 1475 592 σφέων·
1526 540 1599 582 καὶ
1637 540 1721 595 γάρ

456 604 645 662 ἀγείρειν
667 619 744 661 σφι
775 606 853 657 τοὶς
880 611 1114 662 γυναῖκας,
1145 606 1500 663 ἐπονομαζούσας
1519 609 1571 652 τὰ
1595 610 1722 653 ου’νό-

454 692 569 730 ματα
606 677 654 720 ἐν
691 681 752 733 τῷ
791 677 941 734 ὕμνῳ,
995 676 1074 720 τόν
1113 690 1192 732 σφι
1228 677 1363 734 Ὠλήν
1407 677 1517 736 ἀνήρ
1559 680 1722 732 Λύκιος

400 818 472 855 τοῦ
493 812 701 857 ὠκυτόκου
727 818 749 855 i.
774 831 805 855 e.
835 830 899 867 pro
926 821 1058 868 partus

397 873 598 920 celeritate,
640 877 715 912 sive
731 878 843 924 partu
863 879 1057 921 maturato,

1115 831 1219 865 nem,
1264 831 1390 856 revera
1419 823 1537 856 autem
1557 819 1623 857 sibi
1646 820 1777 870 stipem

1115 875 1354 924 quaerebant.
1413 875 1560 912 Monuit
1579 875 1776 914 Ruhnken.

395 931 444 967 ad
490 931 784 981 cosmogonicam
837 932 1054 978 doctrinam,

395 987 497 1024 cuius
517 987 732 1025 incunabula
754 988 790 1025 in
810 988 876 1025 hac
895 989 975 1038 ipsa
997 988 1054 1024 lli-

396 1043 517 1093 thyiae
541 1045 662 1082 fabula
689 1045 848 1091 lateant,
896 1046 1056 1082 reseren-

392 1099 452 1136 da.
506 1100 566 1137 Tu
590 1103 686 1138 conf.
713 1102 759 1138 de
779 1101 921 1149 llithyia
940 1101 1056 1138 Creu-

391 1169 464 1193 zer.
495 1158 658 1205 Symbol.
694 1157 723 1194 ll
758 1170 833 1207 pag
868 1159 946 1198 118
976 1170 1053 1206 seq.

393 1214 473 1253 123
509 1226 613 1262 seqq.
671 1214 800 1262 Itaque
831 1226 960 1263 parum
995 1226 1055 1250 ac-

392 1274 514 1306 curate
542 1270 635 1307 hunc
665 1270 782 1307 locum
824 1282 846 1305 a
871 1269 1054 1307 Larchero

393 1338 604 1374 expressum
644 1339 724 1363 esse
758 1330 860 1376 patet
893 1326 987 1362 hunc
1017 1326 1055 1362 in

394 1382 565 1419 modum:
623 1382 712 1429 „Le
754 1383 867 1419 tribut
906 1382 1055 1431 qu'elles

395 1438 533 1476 etoient
556 1439 732 1488 chargees
754 1438 892 1475 d’offrir
912 1452 1005 1489 pour
1022 1439 1055 1476 le

394 1500 543 1545 prompt
587 1500 623 1532 et
660 1497 819 1533 heureux
859 1496 1055 1533 accouche-

394 1558 496 1588 ment
514 1553 578 1589 des
595 1553 744 1589 semmes
761 1552 808 1589 de
826 1551 902 1588 leur
921 1554 1054 1601 pa)5.“

393 1628 451 1636 -—·
472 1607 713 1645 Locutionem
749 1603 881 1657 φόρον
915 1603 1051 1646 τάσσε-

395 1667 493 1703 σθαι
515 1665 700 1713 attigimus
722 1665 770 1702 ad
794 1663 859 1710 ΙΙΙ,
882 1666 949 1704 97.

452 1717 534 1770 α’μα
565 1716 719 1760 αὐτοῖσι
753 1724 855 1759 τοῖσι
891 1717 1052 1771 θεοῖσι]

392 1775 597 1827 Apollinem
631 1782 669 1815 et
704 1777 862 1814 Dianam
902 1777 1054 1826 intelligi

392 1834 571 1871 existimat
591 1835 783 1871 Schubart.
802 1833 823 1870 l.
844 1833 867 1870 l.
888 1847 973 1883 pag.
987 1836 1053 1873 48.

390 1890 449 1928 De
477 1889 618 1927 Lucina
657 1891 868 1939 deabusque
909 1891 1055 1940 parien-

390 1947 478 1984 tium
499 1948 728 1997 praesidibus
752 1946 841 1984 alius
859 1948 940 1997 quis
953 1948 1054 1996 cogi-

390 2007 547 2041 taverat.

450 2055 634 2111 α’γείρειι]
686 2060 747 2097 Sic
784 2059 895 2126 paulo
945 2064 1051 2110 post·

391 2111 654 2167 ὅνομαζοντες
691 2115 758 2154 καὶ
803 2116 1052 2166 αγειρον-

391 2187 469 2219 τες
485 2202 495 2220 ,
542 2174 641 2210 cuius
679 2172 758 2209 loco
799 2172 871 2210 T.h
910 2173 1047 2210 Galeus

390 2231 594 2267 coniecerat
657 2228 883 2280 ἐγείροντες.
971 2230 1049 2267 Sed

392 2281 565 2336 ἀγείρειν
584 2299 709 2323 eorum
732 2291 808 2331 est,
838 2286 899 2335 qui
919 2287 1049 2336 stipem

393 2343 599 2390 efflagitant
635 2343 672 2378 in
706 2343 866 2393 speciem
901 2343 1049 2391 quidem

395 2398 464 2435 diis
502 2411 700 2447 eorumque
733 2399 836 2447 quasi
871 2400 907 2435 in
934 2399 1050 2436 hono-

396 2467 493 2500 rem·‚
518 2455 617 2503 quod
636 2467 718 2490 mox
738 2456 773 2491 in
790 2456 951 2492 deterius
969 2468 1050 2493 ver-

395 2523 475 2548 sum
495 2511 540 2547 ab
559 2511 600 2546 iis
622 2511 852 2557 sacrificulis,
875 2512 955 2560 qui,
978 2524 1049 2561 quo

394 2566 604 2617 plebeculae
633 2567 787 2603 stolidae
810 2568 981 2617 pecunias
1001 2568 1049 2604 ad

394 2636 434 2661 se
453 2624 678 2669 derivarent,
724 2623 784 2659 dei
818 2624 957 2661 deaeve
984 2624 1050 2660 ali-

393 2680 492 2717 cuius
517 2679 640 2727 effigie
667 2680 849 2726 assumta,
891 2692 956 2731 per
980 2693 1049 2731 op-

393 2736 479 2786 pida
507 2736 680 2785 vicosque
703 2736 936 2785 vagabundi,
965 2749 1049 2786 spe-

393 2792 446 2830 cie
485 2793 633 2842 quidem
667 2805 709 2830 ac
739 2792 850 2830 verbo
883 2792 930 2829 illi
963 2793 1048 2840 deo,

392 2849 490 2887 cuius
527 2861 617 2900 prae
656 2861 694 2887 se
723 2849 889 2887 serebant
918 2849 1047 2899 imagi-

1115 932 1164 968 ad
1192 931 1288 969 Tim.
1314 931 1403 969 Lex.
1429 931 1572 969 Platon.
1600 945 1685 983 pag.
1708 935 1773 974 10.

1113 988 1196 1024 Hoc
1235 993 1356 1025 autem
1397 988 1476 1026 loco
1513 1002 1586 1025 non
1615 989 1662 1026 de
1690 1001 1777 1026 con-

1112 1045 1313 1081 temnenda
1337 1045 1405 1081 ista
1425 1057 1466 1081 ac
1485 1045 1693 1083 detestabili
1717 1057 1776 1083 sa-

1113 1100 1349 1137 crificulorum
1407 1102 1555 1138 istorum
1615 1102 1773 1149 ratione,

1113 1157 1178 1193 sed
1209 1158 1255 1194 ‹le
1277 1157 1484 1195 honestiore
1513 1159 1645 1208 stipem
1673 1158 1774 1195 colli-

1113 1213 1225 1260 gendi
1251 1226 1387 1262 genere
1411 1215 1669 1262 cogitandum,
1698 1228 1774 1252 non

1113 1269 1220 1306 aliter
1249 1274 1361 1318 atque
1383 1271 1480 1320 apud
1502 1270 1684 1307 lamblich.
1714 1271 1774 1308 De

1115 1326 1174 1362 vit.
1209 1325 1316 1374 Pyth.
1351 1328 1401 1368 19
1437 1327 1550 1374 (91)
1582 1339 1666 1377 pag.
1702 1330 1771 1374 76,

1112 1382 1175 1419 ubi
1224 1382 1356 1419 Abaris
1412 1378 1584 1434 ἀγείρειν
1642 1383 1772 1420 dicitur

1111 1437 1272 1488 Apollini
1295 1439 1626 1489 Hyperboreorum.
1647 1440 1772 1484 Quare

1111 1495 1221 1531 nolim
1252 1508 1331 1532 cum
1365 1495 1530 1533 Lobeck.
1571 1496 1770 1546 (Aglaoph.

1111 1564 1146 1600 p.
1168 1552 1269 1598 314)
1293 1551 1360 1588 hoc
1380 1553 1428 1588 ita
1448 1553 1702 1602 interpretari,
1732 1558 1770 1590 ut

1111 1606 1241 1643 Abaris
1261 1608 1335 1644 eius
1354 1610 1455 1655 artis,
1474 1622 1582 1657 quam
1604 1610 1641 1646 S.
1652 1609 1770 1646 Fran·

1110 1665 1225 1700 ciscus
1251 1664 1414 1701 alumnos
1443 1678 1529 1701 suos
1564 1666 1770 1715 perdocuit,

1110 1721 1295 1770 specimen
1326 1721 1505 1766 ediderit,
1560 1722 1666 1771 stipis
1708 1735 1768 1758 sa-

1111 1789 1193 1813 crae
1213 1776 1440 1824 colligendae
1457 1790 1564 1814 causa
1578 1785 1675 1815 terra
1692 1790 1769 1815 ma-

1111 1833 1213 1881 rique
1261 1834 1530 1871 circumvectus.
1588 1834 1647 1872 De
1689 1835 1769 1885 ipsa

1111 1902 1199 1926 voce
1216 1884 1388 1940 α’γείοειν
1402 1903 1497 1927 nunc
1515 1903 1663 1939 quoque
1680 1904 1769 1928 eon-

1110 1946 1249 1983 seratur
1280 1946 1329 1984 H.
1361 1947 1539 1996 Stephani
1570 1946 1606 1984 s
1609 1947 1682 1984 hes
1719 1946 1766 1985 L.

1111 2003 1177 2039 Gr.
1211 2002 1299 2049 (ed.
1329 2003 1442 2040 Hase.
1463 2004 1564 2040 Paris
1588 2001 1719 2055 1831)
1749 2004 1765 2041 I

1107 2071 1195 2109 pag.
1217 2061 1310 2100 261.
1353 2059 1419 2097 Cr.
1447 2061 1601 2097 conferri
1618 2073 1767 2109 quoque

1107 2115 1184 2152 vult
1205 2115 1359 2153 Porsoni
1380 2116 1551 2154 Adverss.
1574 2129 1660 2167 pag.
1684 2118 1763 2156 109

1105 2173 1163 2210 ed.
1182 2171 1284 2222 Lips.

1162 2223 1234 2267 τόν
1253 2241 1326 2277 σφι
1345 2223 1468 2278 Ὠλήν
1489 2223 1591 2279 nimio
1609 2223 1764 2275 Λύκιος

1107 2283 1283 2335 ἐποίησε]
1324 2284 1437 2321 Simili
1467 2285 1576 2321 modo
1605 2284 1763 2334 loquitur

1108 2342 1261 2378 Pausan.
1286 2342 1351 2387 lx,
1374 2343 1449 2386 27,
1474 2343 1522 2387 2,
1553 2341 1633 2377 loco
1653 2354 1763 2392 supra

1106 2399 1155 2435 ad
1183 2399 1225 2445 ll,
1246 2398 1298 2439 53
1321 2397 1402 2444 (ubi
1420 2397 1491 2433 vid.
1514 2402 1654 2434 annott.
1674 2411 1762 2448 pag.

1107 2457 1217 2503 610)
1257 2454 1416 2490 laudato.
1471 2451 1567 2489 Add.
1604 2454 1760 2491 Pausan.

1107 2511 1195 2557 Vll,
1225 2512 1277 2552 23
1312 2509 1348 2561 ς.
1368 2512 1394 2550 2
1416 2510 1463 2546 de
1484 2510 1669 2560 Pamph0,
1717 2506 1761 2557 ὃς

1104 2563 1334 2631 ᾈθηναίοις
1357 2562 1449 2611 τούς
1481 2561 1762 2616 ἄρχαιοτάτους

1106 2621 1523 2728 υμᾏᾟνέτέιῧιιιέηῗιξζ
1552 2678 1621 2716 loci
1660 2678 1761 2728 quod

1105 2736 1259 2782 attinet,
1302 2749 1383 2772 cum
1412 2735 1631 2773 Herodoteis
1664 2735 1759 2772 conf.

1105 2791 1313 2830 Callimach.
1351 2793 1386 2829 in
1415 2791 1496 2829 Del.
1527 2791 1610 2833 304
1645 2796 1758 2841 atque

1103 2849 1260 2887 Pausan.
1282 2848 1328 2896 X,
1354 2849 1379 2890 5
1402 2846 1439 2899 ἓ.
1466 2847 1502 2888 4.
1534 2848 1563 2895 l,
1588 2850 1638 2890 18
1659 2846 1696 2899 ἓ.
1719 2848 1757 2888 5.
