1904 3304
0 882 62 926 12

535 265 880 306 THALIA.
940 267 1002 305 111.
1341 270 1395 309 17

124 378 240 437 μέσῳ
275 377 460 435 ἔστησαν
489 375 752 435 ἀμφοτέρων
781 381 871 422 τῶν
907 376 1235 432 στρατοπέδων·
1289 378 1396 433 μετὰ

126 451 194 501 δὲ,
225 448 472 506 ἀγινέοντες
502 448 611 492 κατὰ
633 450 709 493 ἕνα
729 450 915 494 ἕκαστον
932 453 1022 492 τῶν
1047 450 1229 499 παίδων,
1262 447 1394 504 ἔσφα-

97 525 207 574 3ζον
238 520 281 572 ές
315 521 394 564 τόν
423 525 628 578 κρητῆρα.
691 520 762 565 διοὶ
801 518 982 564 πάντων
1022 520 1067 564 δὲ
1105 518 1451 572 διεξελθόντες-75

123 595 213 635 τῶν
242 593 433 645 παίδων,
477 590 604 635 οἶνόν
640 609 683 636 τε
715 592 790 636 καὶ
825 591 948 646 ὕδωρ
980 588 1217 646 ἐσεφόρεον
1246 590 1288 642 ἐς
1319 590 1396 634 αύ-
1417 592 1491 671 β

122 661 220 706 τόν·
262 662 489 718 ἐμπιόντες
519 663 565 707 δὲ
588 668 668 707 τοῦ
692 665 872 720 αἵματος
901 660 1060 713 πάντες
1080 663 1124 705 οἱ
1154 662 1395 718 ἐπίκουροι,

123 734 240 778 οὕτω
274 733 325 790 δὴ
357 735 611 791 συνέβαλον.
660 735 795 791 μάχης
824 734 869 778 δὲ
900 733 1138 790 γενομένης
1168 737 1396 790 καρτερῆς,

121 806 195 849 καὶ
223 804 449 849 πεσόντων
480 806 521 858 ἐξ
552 804 815 862 ἀμφοτέρων
844 809 934 848 τῶν
954 805 1263 860 στρατοπέδων
1292 803 1395 862 πλή-

1144 880 1310 931 Θῶυμα
1349 875 1394 919 δὲ
1454 871 1670 911 Aegyptiorum

1453 913 1556 932 orama
1594 905 1729 938 robusta,

1296 937 1729 1006 ωνεοξῑεῑ““ε3;,,ἱ“ῗι

1451 1014 1591 1032 causam:
1613 1006 1729 1041 paucis-

1451 1040 1518 1066 simi
1554 1039 1697 1074 Aegyptii

1451 1073 1539 1100 calvi.
1567 1074 1730 1100 Achaeme-

1452 1115 1505 1133 nes
1528 1107 1612 1134 Darii
1633 1107 1667 1134 F.
1692 1106 1730 1134 ab

1452 1140 1539 1167 lnaro
1565 1140 1664 1168 victus
1699 1144 1730 1168 et

1452 1182 1558 1202 caesus
1577 1182 1606 1203 a.
1623 1174 1686 1202 463.

121 881 194 920 θεῖ
230 881 427 931 πολλῶν,
475 877 714 931 ἐτράποντο
756 879 799 921 οἱ
835 877 1081 932 Αἰγύπτιοι.

120 948 228 1004 μέγα
257 950 381 1000 ἰ’δον,
413 948 667 1004 πυθόμενος
707 948 827 1002 παρὰ
859 952 948 991 τῶν
978 948 1236 1002 ἐπιχωρίων.

118 1019 202 1074 γὰρ
242 1018 403 1063 ὀστέων
439 1019 789 1075 περικεχυμένων
816 1019 950 1075 χωρὶς
981 1018 1199 1073 ἑκατέρων
1228 1021 1318 1061 τῶν
1348 1018 1395 1061 ἐν

118 1095 173 1148 τῇ
202 1090 318 1148 μάχῃ
347 1090 484 1148 ταύτῃ
513 1090 761 1134 πεσόντων·
799 1091 948 1147 (χωρὶς
971 1090 1150 1147 μὲνγὰρ
1170 1093 1259 1133 τῶν
1281 1093 1391 1144 Περ-

122 1162 235 1206 σέων
272 1163 411 1207 έκέετο
456 1163 509 1206 τὰ
547 1162 696 1213 ὀστέα,
743 1159 802 1213 ὥς
840 1162 1056 1219 ἐχωρίσθη
1094 1161 1192 1206 κατ’
1234 1161 1391 1217 ἄρχάς’

89 1232 305 1288 Ξέτέρωθι
336 1234 404 1286 δὲ,
436 1238 521 1277 τῶν
551 1235 860 1290 Αἶγυπτίων·)
892 1235 938 1276 αἱ
965 1233 1045 1290 μὲν
1074 1237 1160 1276 τῶν
1189 1232 1395 1289 Περσέων

784 1378 881 1428 apud
899 1378 1104 1415 Germanos
1124 1378 1284 1428 reperiri.
1314 1378 1450 1416 Hebri-

784 1435 901 1471 diunis
934 1434 1020 1471 solis
1053 1447 1190 1471 morem
1217 1435 1328 1473 fuisse
1359 1435 1451 1484 legi-

782 1504 882 1538 mu5‚
914 1496 953 1528 ut
971 1504 1099 1528 manus
1121 1490 1278 1528 humano
1298 1492 1449 1540 sangui-

121 1373 343 1431 τῖγινὲοντες
374 1375 499 1417 κατὰ
530 1377 598 1417 ἕνα
636 1376 727 1417 ἕκα-

64 1447 156 1474 στον
179 1438 257 1474 τῶν
274 1435 444 1484 παίδων]
471 1432 569 1473 κατα1
590 1449 610 1472 a
632 1435 726 1472 binis

62 1492 235 1529 Parisinis
282 1493 397 1530 abest.
469 1491 581 1529 Male.
640 1491 726 1530 Vid.

61 1548 193 1585 Matth.
225 1549 291 1586 Gr.
319 1549 383 1585 Gr.
416 1546 451 1598 ἓ.
485 1546 566 1588 427
595 1552 669 1585 not.
698 1550 725 1588 2

60 1618 144 1655 pag.
170 1606 264 1646 789.
324 1605 382 1641 Ad
402 1611 654 1653 argumentum
675 1604 726 1641 ci-

59 1666 114 1698 tat
154 1661 419 1711 lVesselingius
458 1660 610 1698 similem
649 1663 726 1698 sere

61 1718 265 1755 barbariem
303 1718 520 1768 Apollodori
565 1718 726 1755 Cassan-

61 1774 203 1812 drensis
229 1775 375 1823 tyranni
401 1775 436 1811 in
466 1774 621 1812 Diodor.
650 1774 724 1811 Sic.

58 1830 93 1867 Π
128 1845 165 1881 p.
193 1831 274 1872 563
303 1845 381 1881 seq.
459 1831 584 1880 Atque
616 1832 724 1869 etiam

59 1887 148 1924 alias
188 1888 288 1937 apud
327 1892 455 1937 gentes
489 1887 615 1924 similia
649 1889 725 1925 sere

60 1948 306 1981 memorantur
329 1946 375 1982 de
397 1946 574 1993 sanguine
596 1945 725 1981 huma-

61 2013 123 2045 no,
155 2000 229 2049 qui,
264 2001 347 2037 vino
370 2001 500 2037 mixtus
523 2001 632 2049 inque
656 2014 723 2050 pa-

60 2057 147 2093 teris
169 2057 410 2103 circumlatus,
429 2057 475 2093 ab
494 2058 549 2103 iis,
563 2058 626 2106 qui
648 2059 725 2093 foe-

61 2112 150 2150 dera
173 2113 385 2161 iungebant,
407 2115 637 2162 gustabatur.
666 2113 725 2150 De

60 2169 206 2218 Scythis
236 2169 315 2219 ipse
340 2170 480 2207 Noster
506 2170 566 2216 lv,
588 2173 612 2210 7
617 2172 641 2209 O
672 2170 725 2207 ei-

61 2238 131 2274 que
184 2227 418 2264 consentiens
455 2226 638 2263 Lucianus
688 2227 724 2262 in

60 2281 198 2318 'l'oxari
220 2295 297 2333 cap.
320 2284 389 2330 37,
413 2283 471 2319 ubi
496 2283 569 2319 vid.
602 2283 722 2319 Iacob.

58 2337 117 2376 De
144 2338 320 2376 Romanis
353 2340 449 2376 conf.
473 2339 655 2376 Plutarch.
686 2339 724 2376 in

59 2394 233 2432 Publicol.
260 2408 339 2446 cap.
369 2396 394 2436 4
426 2397 502 2433 init.
535 2409 622 2446 pag.
656 2398 723 2443 98,

59 2450 138 2489 coll.
163 2451 310 2488 Sallust.
334 2452 441 2489 Catil.
465 2455 532 2493 22.
572 2452 631 2490 De
653 2452 723 2489 Ar-

59 2508 188 2545 meniis
217 2514 328 2557 atque
349 2508 463 2546 Iberis
488 2509 641 2546 Tacitus
665 2514 722 2546 te-

59 2568 176 2600 statur
192 2564 338 2602 Annall.
364 2565 446 2612 XlI,
463 2564 530 2613 47,
561 2566 622 2602 ubi
648 2565 720 2602 vid.

59 2619 173 2670 Lipsii
199 2626 293 2658 nott.
352 2621 452 2665 Quin
483 2623 590 2659 etiam
620 2622 722 2672 apud

59 2676 255 2725 Ungaros,
294 2678 498 2724 Camanos,
536 2678 722 2715 Hibernos

59 2732 155 2769 idem
188 2733 342 2773 valuisse
371 2739 498 2772 monet
526 2735 552 2771 I.
580 2734 721 2772 Grimm

61 2788 268 2834 (Deutsche
314 2790 597 2828 Rechtsalterth.
635 2805 721 2841 pag.

65 2846 143 2885 193
163 2846 257 2895 seq.)
282 2846 351 2884 hoc
372 2847 509 2885 diserte
533 2847 720 2894 adiiciens,

60 2901 158 2938 nulla
205 2903 371 2939 immanis
411 2904 520 2940 moris
566 2904 722 2953 vestigia

112 2957 322 2997 HERoDoT.
357 2959 403 2997 ΙΙ.

783 1561 831 1585 ne
877 1548 1008 1584 tinctas
1057 1547 1254 1596 iungentes
1299 1549 1451 1585 iurarint

784 1604 967 1641 communi
999 1616 1109 1649 voce,
1143 1603 1253 1654 plane
1288 1610 1329 1641 ut
1358 1605 1450 1653 Scy-

784 1661 870 1698 thae
885 1660 1041 1709 gladios,
1064 1661 1220 1709 sagittas
1246 1665 1284 1698 et
1305 1660 1450 1699 lanceas

784 1717 954 1766 sanguini
1011 1718 1228 1766 immergere
1280 1718 1453 1755 dicuntur

783 1775 883 1825 apud
913 1774 1096 1811 Herodot.
1126 1773 1147 1810 l.
1180 1773 1203 1810 l.

839 1826 1045 1869 πεσόντων
1068 1829 1117 1877 ἐξ
1149 1825 1388 1881 α’μφοτὲρων
1409 1845 1446 1868 κ.

782 1902 802 1925 τ
853 1888 909 1937 λ.]
949 1887 1087 1924 Vocula
1115 1885 1153 1933 ἐξ
1180 1899 1201 1922 a
1221 1887 1314 1923 binis
1347 1886 1448 1923 libris

782 1943 898 1991 abest,
916 1943 1024 1994 plane
1044 1949 1084 1981 ut
1102 1944 1208 1989 I‚76,
1228 1944 1291 1980 ubi
1311 1948 1448 1989 tamen,

782 2013 862 2037 mea
902 2001 1051 2049 quidem
1088 2000 1295 2047 sententia,
1338 2013 1451 2048 aegre

781 2069 943 2093 caremus
994 2057 1296 2107 praepositione,
1354 2069 1452 2105 quae

781 2126 854 2161 quo
903 2113 1019 2150 minus
1058 2114 1262 2158 inseratur,
1300 2113 1448 2149 obstant

780 2169 859 2206 libri
882 2169 1007 2220 scripti
1024 2169 1071 2206 ad
1091 2182 1201 2206 unum
1221 2181 1361 2206 omnes.

1002 2272 1109 2322 Cap.
1137 2270 1221 2307 XII.

839 2338 884 2377 αἵ
904 2336 976 2389 μὲν
1004 2341 1084 2378 τῶν
1109 2336 1297 2388 Περσέων
1317 2352 1444 2388 κεφα-

781 2397 846 2434 λαί
869 2395 944 2435 εἰσι
962 2411 998 2434 κ.
1021 2412 1051 2434 τ.
1077 2395 1125 2445 L]
1159 2395 1316 2432 Plurima
1337 2408 1379 2432 ex
1390 2395 1446 2431 his

781 2452 955 2502 leguntur
979 2454 1016 2490 in
1041 2452 1229 2502 Excerptt.
1253 2451 1349 2488 Cod.
1376 2451 1448 2488 Pa-

781 2509 904 2556 latini,
939 2521 1034 2558 quae
1054 2509 1191 2546 contuli
1214 2508 1250 2544 in
1273 2508 1447 2545 Creuzeri

779 2566 1000 2603 Commentt.
1020 2566 1221 2603 Herodott.
1245 2577 1330 2615 pag.
1350 2563 1447 2606 429.

779 2621 895 2658 Paulo
917 2627 1004 2660 ante
1030 2623 1079 2658 ad
1101 2634 1226 2658 vocem
1251 2619 1447 2672 ἑκατέρων

780 2679 875 2718 conf.
903 2691 999 2728 quae
1017 2679 1064 2715 ad
1077 2677 1175 2724 111,8
1198 2678 1335 2714 monita
1347 2682 1444 2714 sunt.

779 2734 820 2771 In
842 2747 946 2784 seqq.
972 2731 1293 2783 διατετρανέεις
1317 2734 1365 2770 ob
1388 2734 1444 2770 su-

778 2791 849 2827 turi
867 2792 1018 2829 formam
1033 2791 1123 2828 citat
1143 2790 1264 2827 Matth
1297 2790 1362 2827 Gr.
1377 2790 1442 2827 Gr.

778 2860 865 2897 pag·
886 2848 979 2889 491.
1017 2848 1089 2885 Pro
1110 2845 1243 2893 θέλεις
1261 2846 1445 2883 Sancrofti

778 2904 872 2941 liber
908 2904 1056 2951 θέλοις.
1117 2904 1314 2941 Caeterum
1351 2902 1441 2939 haee
