1904 3304
508 242 1197 281 MELPOMENE.lV.
1400 245 1481 284 631

217 350 504 407 αὐτόχθονες·
549 354 592 395 οἱ
620 351 699 407 μὲν
728 351 780 394 τὰ
805 350 918 406 πρός
945 351 1111 407 βορέω,
1142 352 1186 394 οἱ
1214 350 1260 394 δὲ
1289 349 1343 393 τοὶ
1372 352 1483 404 πρὸς

214 421 348 466 νότου
380 425 457 478 τῆς
485 422 654 479 Λιβύης
684 422 916 472 οἰκέοντες·
971 423 1173 472 Φοίνικες
1212 421 1258 465 δὲ
1295 421 1368 464 καὶ
1386 420 1481 465 ’-Ελ

69 497 168 543 198
208 496 354 547 ληνες,
383 492 604 549 ἐπήλυδες.
663 494 820 537 Δοκὲει
857 492 902 536 δέ
932 510 1009 548 μοι
1041 490 1144 536 οὐδ’
1178 490 1335 548 αρετὴν
1365 490 1478 535 εἷναί
1536 494 1685 555 Ῑχῑξῑζῇζω
1636 499 1751 522 em*
1736 497 1817 522 ‘'f-¹¹¹

217 579 280 614 τις
317 561 345 619 ἡ
377 563 520 621 Λιβύη
560 567 795 615 σπουδαίν,
845 562 954 607 ὥστε
991 563 1020 621 ἢ
1054 562 1173 620 Ἀσίη
1213 562 1243 619 ἢ
1280 562 1479 621 Εὐρώπῃ
1538 537 1816 635 33:13‘20-“322m

209 637 570 691 παραβληθηναι,
608 635 721 692 πλὴν
750 638 955 686 Κίνυπος
982 634 1173 691 μούνης·
1221 633 1270 676 τό
1300 633 1383 690 γὰρ
1416 635 1607 690 δὴὸθξξῗ,
1617 629 1664 655 ¹¹⁷¹
1629 630 1710 689 „13¹¹
1711 638 1813 690 ,,,““,,Ἦ,,;

186 703 326 750 Ξαύτὸ
357 705 529 762 οὕνομα
558 705 584 762 ἡ
614 710 671 763 γῆ
698 711 758 764 τῷ
788 709 971 765 ποταμῷ
1003 705 1095 761 ἔχει.
1147 703 1256 759 αὕτη
1277 703 1368 748 δὲ’
1344 706 1475 761 ομοίη
1533 696 1644 757 ἶξῖξῡᾟῗ,ὴ
1629 671 1692 723 ¹¹¹ss
1680 705 1730 724 ΗΡ
1734 705 1769 732 ¹¹⁸
1772 697 1811 724 ¹¹

209 792 262 832 τῃ
301 775 454 834 α’ρίστη
492 782 605 834 γεῶν
634 777 870 835 Δήμητρος
906 777 1078 832 καρπὸν
1110 774 1329 831 ἐκφέρειν
1373 774 1476 820 οὐδὲ

181 844 307 890 δοῖκε
337 847 468 892 οὐδὲν
485 853 539 906 τῇ
556 849 663 905 ἄλλῃ
686 849 842 905 Λιβύῃ.
904 844 1162 903 μελάγγαιός
1191 861 1236 889 τε
1264 845 1348 903 γάρ
1372 847 1475 897 ἐστι,

154 962 280 1009 abest,
310 969 351 1001 ut
368 965 512 1011 Mauri,
552 965 615 1014 qui
640 977 735 1001 nunc
756 965 813 1001 ‹li-

153 1024 301 1065 cuntur,
356 1020 404 1057 ad
448 1021 641 1069 indigenas
682 1025 813 1070 gentes

152 1075 222 1111 sint
240 1076 420 1114 referendi
433 1107 444 1125 ,
474 1078 535 1127 qui
557 1077 679 1128 potius
697 1077 814 1114 aliun-

152 1131 200 1169 de
215 1131 369 1180 ingressi
380 1132 522 1182 Libyae
540 1147 642 1171 oram
662 1139 814 1184 septen-

152 1188 345 1226 trionalem
375 1202 556 1227 armorum
587 1192 622 1227 vi
654 1203 812 1241 occupa-

150 1248 256 1292 runt,
286 1246 464 1295 prioribus
481 1246 607 1283 incolis
629 1247 705 1284 sive
725 1246 812 1283 sub-

152 1301 243 1337 actis
265 1302 341 1339 sive
359 1303 504 1349 eiectis,
533 1303 584 1340 ita
603 1308 641 1340 ut
658 1304 706 1340 ab
720 1303 812 1339 Ara-

150 1357 238 1394 bum
284 1358 371 1396 inde
418 1359 682 1396 incursionibus
719 1359 812 1397 hanc

150 1418 283 1450 terram
324 1415 477 1465 eiusque
524 1415 661 1453 incolas
701 1415 810 1466 plane

149 1475 310 1507 mutatos
347 1484 428 1509 esse
466 1473 624 1509 credam.
680 1472 811 1521 ltaque

149 1532 333 1577 praestat,
357 1529 506 1578 opinor,
530 1529 704 1566 Heerenii
728 1541 811 1566 sen-

149 1583 264 1620 tentia
286 1583 418 1631 (ldeen
436 1584 483 1629 ll,
509 1587 529 1625 1
551 1597 586 1634 p.
612 1586 693 1625 309
706 1586 808 1634 sqq.)

147 1638 283 1687 Libyes
309 1645 449 1677 veteres
478 1641 524 1677 ab
547 1641 728 1678 Arabibus
755 1641 809 1677 vi·

147 1697 310 1732 ctoribus
332 1700 446 1746 atque
462 1697 534 1734 iam
553 1706 661 1734 antea
675 1710 696 1734 a
708 1697 808 1734 Van·

149 1751 242 1788 dalis
272 1753 317 1789 ab
347 1766 411 1789 ora
437 1754 619 1790 maritima
647 1753 808 1802 regioni·

147 1809 292 1857 busque
318 1810 490 1858 proximis
517 1809 682 1860 repulsos
712 1823 808 1848 nunc

148 1865 185 1900 in
219 1864 376 1902 Atlantis
424 1867 598 1903 tractibus
639 1866 808 1916 iugisque

148 1920 311 1958 habitare
342 1925 378 1958 et
404 1923 441 1958 in
469 1924 678 1971 regionibus
701 1924 808 1960 meri-

150 1977 246 2014 diem
266 1990 389 2014 versus
405 1978 489 2014 hinc
506 1980 705 2028 porrectis;
725 1992 807 2016 eos-

148 2046 222 2082 que
268 2046 364 2070 nunc
409 2035 531 2071 vocari
571 2034 743 2081 Bethar-5,
784 2047 806 2072 a

147 2089 286 2126 Mauris
319 2102 437 2139 aeque
464 2103 507 2127 ac
537 2090 662 2139 Nigris
690 2091 807 2141 probe

146 2147 417 2184 discernendos.
477 2146 519 2183 In
555 2148 685 2196 quibus
716 2148 806 2183 duas

143 2203 374 2253 potissimum
407 2203 517 2240 refert
547 2208 676 2252 gentes
706 2204 806 2241 Hee-

145 2259 290 2305 renius,
349 2260 480 2308 quibus
530 2273 627 2297 nunc
671 2273 804 2297 nomen

150 2315 185 2352 T
184 2316 259 2352 ibbo
289 2319 326 2353 et
359 2315 508 2353 Tuarilr.
565 2316 661 2353 Add.
692 2316 803 2356 Pach.

146 2371 299 2421 Voyage
320 2377 387 2409 etc.
409 2386 445 2422 p.
461 2374 526 2413 28.
549 2375 601 2414 29
620 2378 696 2409 not.
727 2373 803 2410 Sed

147 2428 327 2478 Aethiopes
352 2441 424 2477 quo
455 2430 572 2465 minus
602 2430 649 2466 ad
666 2428 804 2478 Nz'gros

147 2485 370 2532 referantur,
410 2485 497 2522 nihil
519 2486 659 2533 obstat,
697 2498 804 2536 prae-

149 2541 273 2578 sertim
294 2542 325 2578 εἰ
343 2554 451 2591 quam
471 2542 642 2579 latissime
653 2542 804 2580 Aethio·

148 2609 235 2646 pum
270 2602 382 2646 atque
415 2597 632 2649 Aethiopiae
670 2611 802 2636 nomen

148 2652 247 2702 apud
266 2660 405 2691 veteres
423 2659 547 2705 pateat
566 2656 734 2704 adeoque
755 2655 803 2692 de

149 2709 246 2745 omni
266 2710 342 2747 fere
361 2711 482 2748 Africa
499 2711 727 2750 meridionali
746 2711 802 2748 di-

149 2769 271 2812 catur,
299 2772 518 2815 reputemus.

303 2822 334 2859 c
348 2834 369 2858 a
383 2835 418 2871 p.
449 2823 648 2862 cxcvffl.

207 2876 345 2918 Λοκέει
365 2877 407 2918 δέ
425 2894 492 2929 μοι
511 2901 565 2908 -
587 2878 801 2930 σπουδαίη]

870 957 992 1014 οἷρετή
1009 962 1058 999 ad
1079 963 1148 998 soli
1172 962 1398 1001 fertilitatem
1416 975 1444 1000 s,
1463 963 1531 1000 bo-

870 1019 1026 1056 nitatem
1065 1017 1247 1068 pertinet,
1302 1022 1342 1056 ut
1368 1018 1461 1068 VII,
1491 1020 1531 1061 5.

869 1075 968 1122 VIII,
994 1073 1086 1116 144.
1122 1073 1346 1123 Thucyd.1,
1376 1077 1415 1115 2.
1473 1075 1533 1113 Ad

870 1132 1033 1169 voculam
1070 1146 1129 1178 τις
1169 1131 1264 1168 conf.
1294 1131 1429 1168 Matth.
1461 1132 1526 1169 Gr.

870 1189 936 1226 Gr.
956 1202 991 1239 p.
1011 1189 1089 1227 911
1112 1191 1149 1225 et
1164 1188 1211 1224 ad
1232 1187 1429 1238 σπουδαίη
1449 1188 1529 1226 He-

868 1245 949 1281 rod.
968 1245 1028 1290 W,
1050 1245 1116 1285 23.
1147 1242 1247 1291 VIII,
1267 1246 1332 1285 69.
1377 1243 1438 1282 De
1470 1244 1530 1282 Ci-

868 1314 961 1351 nype
989 1301 1142 1338 diximus
1164 1301 1212 1337 ad
1229 1299 1292 1347 lV,
1313 1300 1404 1341 175.
1434 1301 1530 1352 Spe-

868 1362 943 1394 ctat
974 1357 1065 1404 huc,
1096 1357 1249 1406 opinor,
1287 1356 1388 1394 Mela
1420 1357 1456 1405 I,
1489 1360 1528 1404 7,

867 1415 944 1454 33:
995 1413 1242 1464 „—-Cinyps
1285 1414 1416 1450 fluvius
1463 1427 1530 1464 per

868 1470 1050 1507 uberrima
1095 1482 1182 1506 arva
1231 1470 1442 1507 decidens“
1490 1476 1530 1508 et

867 1527 976 1563 ovid.
1030 1526 1087 1563 Ex
1124 1525 1231 1562 Pont.
1271 1526 1324 1573 ll,
1364 1529 1414 1571 7,
1451 1526 1527 1566 25:

866 1582 1104 1632 „Cinyphiae
1137 1583 1274 1630 segetis
1317 1583 1420 1620 citius
1459 1595 1526 1620 nu-

865 1639 1021 1676 merabis
1041 1639 1185 1676 aristas.
1199 1640 1223 1659 “

924 1690 1025 1745 αὕτη
1046 1692 1088 1734 δὲ
1112 1692 1229 1745 ὁμοίη
1246 1710 1281 1733 κ.
1300 1710 1330 1734 τ.
1342 1693 1391 1744 λ.]
1414 1694 1527 1732 Com-

864 1755 1015 1802 paratur
1052 1752 1212 1800 regionis
1249 1751 1414 1789 fertilitas
1445 1763 1525 1788 cum

865 1822 922 1854 ea,
945 1820 1041 1856 quae
1062 1807 1309 1858 Babylonicae
1328 1811 1383 1845 est
1405 1811 1525 1845 terrae

862 1864 902 1910 I,
931 1866 1030 1910 193,
1060 1865 1123 1901 ubi
1144 1865 1215 1901 vid.
1256 1864 1354 1901 Hine
1374 1876 1523 1912 quoque

863 1920 1117 1969 agriculturam
1146 1921 1182 1957 in
1216 1920 1416 1968 Cyrenaica
1444 1932 1521 1957 ma—

862 1978 956 2013 xime
988 1978 1180 2014 florentem
1207 1976 1392 2013 celebrant
1418 1979 1521 2014 vete-

864 2046 943 2079 res,
992 2045 1084 2081 quos
1125 2032 1214 2069 citat
1249 2031 1283 2069 T
1286 2032 1390 2080 hrige
1423 2031 1519 2069 Hist.

863 2088 997 2136 Cyren.
1017 2102 1101 2138 pag.
1122 2090 1200 2129 251
1237 2088 1316 2126 coll.
1339 2088 1521 2126 Mannert.

862 2145 910 2190 X,
932 2149 957 2185 2
973 2158 1056 2194 pag.
1079 2145 1143 2185 58.
1179 2145 1244 2182 Cr.
1269 2145 1426 2182 conferri
1446 2144 1522 2182 vult

863 2201 1075 2238 Schneider.
1099 2202 1136 2238 in
1158 2201 1237 2238 Ind.
1261 2202 1307 2238 ad
1319 2202 1524 2251 Scriptores

862 2257 932 2295 Rei
952 2257 1091 2294 Rustic.
1113 2257 1161 2295 T.
1184 2258 1233 2295 lv
1256 2271 1293 2308 p.
1309 2259 1362 2298 88
1384 2258 1421 2294 in
1442 2270 1523 2294 voc.

863 2312 1002 2362 IIIago;
1037 2315 1099 2362 qui
1128 2315 1224 2351 idem
1248 2313 1297 2350 ad
1325 2314 1393 2350 hoc
1414 2319 1523 2364 caput

862 2371 1017 2408 conferri
1037 2371 1110 2407 vult
1120 2371 1296 2409 Valcken.
1316 2371 1363 2407 de
1381 2369 1522 2406 Aristo—

862 2425 947 2463 bulo
967 2427 1103 2464 Iudaeo
1132 2440 1217 2478 pag.
1237 2428 1290 2466 33
1318 2431 1356 2464 et
1374 2426 1520 2464 Amers-

860 2484 996 2520 soordt.
1017 2483 1173 2521 Dissert.
1196 2485 1243 2521 de
1271 2483 1379 2520 variis
1399 2482 1521 2520 Lectt.

859 2538 1109 2577 Holmesiann.
1160 2539 1397 2577 Pentateuchi
1436 2538 1519 2576 Μο-

862 2596 948 2633 saici
977 2609 1064 2647 pag.
1091 2599 1154 2637 18.
1180 2620 1230 2625 —-
1275 2595 1333 2632 Ad
1362 2596 1515 2632 formam

859 2655 961 2704 ’,ἐῶν
990 2653 1105 2702 (quod
1125 2653 1289 2703 reposuit
1306 2651 1433 2689 Valck.
1450 2664 1517 2701 pro

860 2706 1014 2760 γαιων)
1053 2711 1148 2746 conf.
1180 2708 1311 2745 Matth.
1350 2708 1417 2745 Gr.
1450 2707 1516 2744 Gr

858 2779 945 2816 pag.
966 2765 1061 2805 517.

918 2819 1165 2873 μελάγγαιος]
1191 2819 1260 2857 Alii
1278 2819 1360 2858 libri
1380 2814 1517 2869 μελάγ-

861 2893 970 2930 γεος,
1012 2878 1265 2923 Florentinus,
1293 2872 1518 2928 πελαγγεος.
