1904 3304
398 254 483 294 468

795 249 1264 290 HERODOTI

370 367 393 401 6
404 364 486 405 κοῦ
516 358 640 417 μέχρι
663 357 969 415 Ἀναφλύστου
997 358 1151 416 δήμου.
1210 359 1320 416 λέγω
1359 360 1426 410 δὲ,
1466 358 1522 410 ὡς
1553 356 1665 402 εἶναι

400 435 538 475 ταῦτα
579 429 739 485 σμικροὶ
787 429 1014 486 μεγάλοισι
1061 430 1330 486 συμβαλέειν.
1396 434 1601 474 τοιοῦτον
1637 428 1722 486 ἡ80

406 498 603 556 Ταυρική
634 500 733 543 ἐστι.
791 500 841 552 ὃς
879 502 925 544 δὲ
954 503 1030 556 τῆς
1056 499 1246 557 Ἀττικῆς
1274 504 1410 544 ταῦτα
1438 501 1496 558 μή
1528 517 1664 556 παρα-

402 573 621 622 πέπλωκε,
660 570 742 627 ἐγώ
772 571 817 615 δὲ
846 569 987 622 ἄλλως
1025 570 1228 626 δηλώσω·
1280 571 1339 622 ὥς
1368 573 1404 614 εἰ
1430 576 1504 627 τῆς
1531 569 1669 628 Ἰηπυ-

403 645 499 699 γίης
539 641 643 684 ἄλλο
682 643 832 696 ἔθνος,
872 643 947 687 καὶ
985 641 1043 698 μή
1080 641 1296 698 Ἰήπυγες,
1348 639 1581 697 ἀρξάμενοι
1622 642 1669 684 ἐκ

405 714 665 770 Βρεντεσίου
694 713 893 769 λιμένος,
933 712 1232 768 ἀποταμοίατο
1271 712 1394 768 μέχρι
1429 710 1668 766 Τάραντος,

369 786 475 829 7καὶ
517 785 723 839 νεμοίατο
763 785 844 841 τὴν
889 784 1042 841 ἄκρην.

1111 782 1193 827 δύο
1235 783 1280 826 δὲ
1327 782 1466 838 λέγων
1509 786 1668 834 ταῦτα,

405 856 544 900 πολλὰ
564 854 672 911 λέγω
688 854 932 912 παρόμοια,
961 860 1072 900 τοῖσι
1097 854 1265 898 ἄλλοισι
1282 851 1436 908 ἔοικεὴ
1464 852 1724 909 Ταυρική.85

350 1087 385 1120 et
412 1082 674 1133 Anaphlystum
711 1080 870 1118 nonnihil
907 1084 1008 1117 arta-

350 1144 424 1176 tum
445 1139 546 1188 longe
566 1141 603 1176 in
621 1138 800 1186 Aegaeum
818 1150 913 1174 mare
926 1150 1009 1187 pro—

350 1198 477 1244 minet,
511 1200 551 1232 ut
571 1198 668 1232 recte
689 1194 836 1244 exponit
856 1193 1011 1230 Wesse-

349 1252 438 1301 ling.
496 1251 554 1289 De
595 1250 744 1287 Thorico
779 1262 877 1300 pago
914 1262 1011 1285 nunc

350 1308 486 1346 confer.
514 1307 636 1344 Kruse
657 1305 780 1343 Hellas
803 1306 856 1353 11,
882 1309 900 1345 1
924 1317 1010 1355 pag.

351 1365 434 1405 248
454 1376 532 1412 seq.
577 1362 609 1399 A
633 1363 747 1399 Sunio
769 1361 828 1399 ille
851 1366 1011 1399 remotus

352 1423 432 1458 erat
478 1420 631 1456 duarum
680 1420 795 1456 ferme
842 1418 1012 1455 horarum

353 1476 497 1528 spatio,
540 1475 758 1525 antiquitate
787 1475 939 1524 insignis
974 1477 1013 1511 et

351 1537 482 1584 postea
494 1532 724 1569 Acamantidi
742 1532 853 1568 tribui
872 1531 1012 1569 adscri-

355 1594 452 1640 ptus.
482 1589 557 1626 Ubi
579 1589 762 1636 hodieque
783 1588 933 1625 inveniri
955 1599 1014 1623 as-

352 1649 478 1683 serunt
505 1645 647 1683 moenia
669 1645 809 1694 priscae
847 1657 889 1681 ac
914 1643 1013 1680 rudis

354 1705 578 1748 structurae,
610 1700 784 1750 Cyclopia
809 1700 918 1749 vulgo
948 1712 1013 1736 vo-

352 1762 437 1795 cant
454 1769 586 1808 opera,
626 1756 769 1806 aliaque
789 1758 944 1802 rudera,
975 1760 1016 1792 ut

355 1813 502 1852 theatri.
552 1813 757 1849 Etiamnum
779 1812 859 1850 loco
881 1824 1014 1849 nomen

360 1869 527 1907 Thoricos
559 1883 587 1906 s.
620 1868 780 1906 Thorico.
825 1868 1014 1918 Anaphly-

356 1931 432 1963 stus
452 1926 535 1963 hinc
556 1926 782 1963 occidentem
802 1938 929 1963 versus
949 1925 1016 1961 ab-

356 1986 435 2021 erat
460 1982 652 2031 sexaginta
677 1982 830 2029 stadiis,
860 1981 897 2018 in
921 1981 1017 2017 occi-

356 2038 495 2076 dentali
528 2038 670 2075 Atticae
702 2051 789 2084 ora,
829 2038 889 2074 ubi
920 2049 1016 2074 nunc

355 2096 453 2147 vicus
477 2095 671 2144 Anaphiso.
736 2094 836 2131 Arcis
857 2094 1017 2131 munitae

354 2151 489 2188 rudera
512 2151 693 2200 quaedam
712 2152 760 2188 ad
780 2150 897 2197 viam,
921 2163 1017 2200 quae

355 2207 507 2245 Athenis
528 2207 680 2244 Sunium
711 2207 892 2253 ducebat,
931 2219 1018 2243 con·—

357 2264 447 2313 spici
479 2276 596 2313 prope
625 2263 740 2301 locum
759 2262 902 2300 Metoki
918 2263 1018 2300 Ana—

358 2320 459 2366 basi,
491 2320 553 2369 qui
574 2332 669 2357 nunc
690 2324 859 2366 vocatur,
888 2320 1017 2357 admo-

359 2380 459 2413 nent.
517 2375 601 2412 Vid.
639 2377 761 2413 Kruse
799 2376 885 2413 ibid.
931 2389 1019 2427 pag.

358 2432 441 2473 233
461 2443 565 2480 seqq.

419 2484 473 2533 οἷς
496 2484 669 2526 εἷναι-
691 2485 941 2538 συμβαλέειν]
956 2487 1017 2525 Tu

359 2545 453 2581 conf.
476 2543 522 2591 11,
550 2546 600 2584 10
624 2544 747 2593 ibique
764 2548 854 2580 nott.
875 2565 931 2572 -——-
956 2543 1015 2581 Ad

360 2613 464 2637 usum
489 2600 684 2650 particulae
707 2598 749 2638 δέ
775 2601 812 2636 in
841 2613 941 2649 seqq.
969 2602 1016 2638 cf.

362 2656 425 2702 lll,
447 2658 500 2697 37
527 2657 650 2705 ibique
674 2656 771 2692 laud.
793 2656 947 2694 Werfer.
980 2657 1017 2693 in

362 2711 458 2750 Actt.
489 2712 587 2763 phill.
610 2712 779 2749 Monacc.
802 2712 815 2748 l
840 2726 926 2762 pag.
951 2714 1017 2753 97.

359 2769 418 2806 De
435 2768 616 2820 Iapygia,
648 2782 757 2818 quam
778 2769 916 2815 urbem,
945 2782 1018 2806 non

357 2826 545 2874 regionem
585 2837 665 2863 esse
700 2825 865 2863 voluerat
896 2825 1019 2862 Heca-

360 2886 463 2920 taeus
484 2882 646 2920 Milesius
673 2882 786 2929 (cons.
818 2894 854 2932 p.
874 2880 940 2922 55.
964 2883 1018 2922 62

249 928 346 972 100
409 927 468 970 Τό
493 925 535 970 δ’
560 924 646 970 ἀπό
668 930 742 983 τῆς
765 930 1007 982 Ταυρικῆς,
1043 924 1125 983 ἤδη
1148 924 1327 969 Σκύθαι
1346 925 1393 967 τὸ
1422 921 1667 978 κατύπερθε

1065 1081 1233 1128 fragmm.
1270 1080 1328 1117 ed.
1363 1078 1579 1129 Klausen.),
1627 1080 1722 1116 conf.

1066 1142 1157 1173 nott.
1177 1137 1223 1172 ad
1243 1136 1314 1182 lll,
1341 1138 1430 1177 138.
1481 1136 1577 1173 Add.
1599 1136 1724 1173 Strab.

1066 1192 1115 1228 Vl
1137 1206 1171 1242 p.
1195 1195 1275 1232 277
1299 1206 1326 1229 s.
1347 1192 1428 1232 425
1447 1193 1490 1229 Β.
1520 1192 1578 1230 De
1602 1192 1725 1229 Brun-

1067 1248 1178 1294 disi0,
1216 1249 1312 1285 unde
1332 1248 1580 1285 Romanorum
1604 1252 1727 1286 aetate

1067 1304 1241 1342 traiectus
1263 1305 1298 1340 in
1315 1304 1509 1341 Graeciam
1530 1304 1608 1341 fieri
1630 1304 1728 1342 sole-

1067 1362 1153 1408 bat,
1192 1360 1295 1410 plura
1317 1365 1494 1398 annotare
1517 1373 1590 1397 non
1622 1374 1727 1412 opus·

1067 1417 1176 1455 Nunc
1197 1422 1347 1454 vocatur
1367 1416 1545 1454 Brindisi.
1575 1416 1634 1456 De
1648 1419 1728 1469 ipsa

1068 1474 1166 1510 vocis
1215 1474 1332 1510 forma
1382 1471 1638 1524 (Βρεντέσιον
1692 1477 1729 1511 et

1070 1525 1334 1580 Βρεντήσιον)
1356 1531 1450 1567 conf.
1471 1530 1656 1568 Schaefer.
1680 1530 1729 1568 ad

1070 1586 1252 1623 Plutarch.
1277 1586 1323 1623 T.
1343 1587 1376 1622 V
1396 1599 1430 1636 p.
1451 1585 1544 1628 234.
1586 1587 1727 1631 Quibus

1074 1641 1141 1680 Cr.
1167 1643 1258 1679 haec
1276 1642 1402 1678 addit:
1439 1642 1587 1691 „Atque
1613 1641 1731 1692 Τεμέ-

1073 1710 1147 1749 σην
1167 1698 1318 1735 Homeri
1347 1698 1481 1747 Odyss.
1506 1694 1530 1736 α’
1559 1713 1612 1736 vs.
1634 1698 1727 1745 184,

1072 1768 1167 1804 quae
1200 1754 1276 1792 aliis
1305 1755 1420 1804 Cypri
1457 1755 1597 1793 insulae
1640 1756 1726 1793 urbs

1071 1813 1148 1848 visa
1176 1816 1255 1857 est,
1288 1811 1381 1847 hanc
1403 1811 1517 1861 ipsam
1541 1811 1729 1849 Ausonum

1071 1865 1304 1919 Βρεντέσιον
1324 1867 1448 1904 urbem
1467 1880 1548 1906 esse
1575 1882 1727 1907 censue-

1071 1929 1158 1961 runt
1180 1924 1338 1961 Pausan.
1360 1923 1424 1970 Vl,
1446 1925 1481 1964 6.
1524 1923 1664 1962 Aelian.
1682 1925 1729 1962 V.

1072 1981 1123 2017 H.
1142 1980 1241 2026 Vlll,
1265 1981 1326 2020 18.
1366 1979 1543 2031 Pompon.
1569 1981 1668 2018 Mela
1683 1980 1731 2029 Π,

1073 2037 1099 2078 4
1123 2037 1211 2086 ibiq.
1240 2036 1409 2087 interprr.
1438 2038 1533 2074 conf.
1554 2036 1731 2075 Niebuhr.

1072 2093 1180 2130 Rom.
1203 2091 1337 2130 Gesch.
1361 2093 1377 2129 Ι
1414 2106 1451 2143 p.
1477 2092 1531 2134 48
1563 2099 1601 2131 et
1629 2092 1729 2131 Will.

1075 2149 1171 2188 Gell.
1201 2148 1427 2199 Geography
1456 2149 1530 2186 and
1556 2150 1732 2199 Itinerary

1074 2207 1116 2243 of
1132 2206 1261 2243 Ithaka
1282 2218 1318 2256 p.
1338 2207 1469 2246 10l.“

1131 2259 1255 2301 πολλοὶ
1285 2260 1381 2312 λέγω
1400 2283 1456 2289 ——
1477 2258 1507 2312 ἡ
1534 2254 1729 2311 Ταυρική]

1075 2319 1202 2366 „Idem
1226 2319 1293 2355 hoc
1321 2317 1417 2355 valet
1444 2330 1486 2354 ac
1510 2318 1539 2354 si
1567 2317 1729 2363 dixisset,

1074 2372 1201 2414 πολλοὶ
1215 2372 1312 2413 ἄλλα
1330 2372 1427 2425 λέγω
1446 2368 1656 2424 παρόμοια,
1670 2368 1732 2420 οἷς

1075 2431 1177 2471 ἔοικε
1197 2430 1226 2482 ἦ
1250 2425 1467 2481 Ταυρική.“
1524 2429 1730 2478 Schwglae.

1302 2487 1412 2536 Cap.
1455 2486 1498 2522 C.

1140 2539 1187 2582 Τὸ
1209 2537 1250 2581 δ’
1271 2537 1349 2581 nino*
1372 2544 1442 2591 τῆς
1468 2540 1674 2592 Ταυρικῆς
1697 2556 1732 2579 κ.

1074 2615 1106 2639 τ.
1126 2601 1172 2650 λ.]
1204 2599 1290 2636 Non
1314 2598 1418 2636 aliter
1439 2597 1502 2645 lv,
1523 2600 1598 2640 99:
1628 2595 1671 2637 τὸ
1689 2594 1732 2636 δὲ

1076 2653 1155 2695 οἷπό
1170 2653 1331 2704 Ἴστρου.
1382 2656 1521 2691 Sensus
1540 2658 1615 2692 est:
1646 2654 1730 2702 „in-

1076 2714 1122 2750 de
1143 2725 1164 2748 a
1185 2712 1341 2749 Taurica
1355 2740 1366 2757 ‚
1403 2711 1549 2748 ulterius
1579 2723 1731 2761 progre-

1076 2769 1188 2806 dienti
1206 2768 1423 2816 Scytharum
1446 2772 1503 2805 est
1521 2767 1646 2816 regio,
1668 2767 1730 2816 qui

1076 2830 1114 2863 et
1143 2825 1221 2861 loca
1249 2824 1344 2861 ultra
1367 2823 1515 2862 Tauros
1535 2825 1602 2861 sita
1626 2828 1732 2861 tene·

1075 2886 1140 2919 ant
1180 2881 1227 2918 ad
1270 2893 1370 2918 mare
1413 2879 1570 2918 australe
1607 2881 1731 2929 (quae
