1904 3304
556 274 651 313 ET
708 272 1301 313 CORRIGENDA.
1591 278 1675 317 677

387 389 502 428 gatam
525 383 724 418 lectionem:
750 380 818 427 τήν
843 379 899 417 ἂν
923 381 1114 428 ἐβούλετο,
1140 383 1266 429 quippe
1290 382 1387 418 cuius
1411 385 1521 418 nullus
1546 385 1674 420 citetur

385 431 483 464 testis
516 429 669 463 idoneus.
717 429 787 462 Iam
813 431 1006 464 Hermanno
1039 431 1110 473 (De
1143 430 1299 473 particul.
1326 425 1373 463 ὃὶν
1398 442 1476 474 pag.
1502 433 1548 466 26
1583 433 1674 475 seq.)

386 478 473 509 hanc
504 475 680 508 lectionem
740 476 853 508 lacere
881 476 981 509 video
1007 475 1152 509 monenti
1179 476 1408 509 differentiam
1433 487 1507 509 esse
1533 479 1674 510 manife-

383 528 491 560 stam,
526 533 598 554 cum
623 517 689 562 τήν
713 487 884 564 Ξβούλετο
911 523 975 555 sit:
1009 534 1081 554 eam
1104 533 1205 565 quam
1225 522 1376 562 volebat,
1409 520 1476 565 τὴν
1499 517 1546 555 ἂν
1567 520 1675 566 {1301}-

386 569 487 600 λετοε
524 578 624 610 quam
639 569 734 608 sorte
753 568 885 599 volebat
903 579 918 599 s
949 579 1184 611 quamcunque
1204 569 1345 602 uolebat.
1395 569 1494 608 Quae
1515 568 1546 600 in
1567 580 1673 612 prae-

388 625 465 646 sens
490 618 620 656 tempus
641 613 817 654 translata,
845 613 893 645 sic
916 614 1091 646 efferenda
1111 615 1215 646 fuisse
1233 614 1348 646 addit:
1375 612 1674 657 προσὲξαιρέεται

386 655 431 703 ἣν
461 656 633 703 βούλεται
655 665 690 690 et
710 657 1006 700 προσεξαιρέεται
1033 655 1079 702 ἣν
1109 655 1154 691 ἒὶν
1181 656 1397 703 βούληται.“
1448 660 1565 699 Unde,
1598 671 1674 693 mea

385 705 521 748 quidem
545 715 586 736 ex
609 704 798 743 sententia,
823 705 998 748 sequitur,
1032 717 1093 749 pro
1111 702 1177 748 τήν
1201 700 1247 737 ἰὶν
1265 702 1458 749 ἐβούλετο,
1493 705 1671 739 Herodoto

384 751 496 795 potius
527 750 737 782 scribendum
775 750 897 783 fuisse:
935 749 1004 793 τὴν
1034 748 1231 795 βούλοιτ-ος
1279 751 1366 795 quod
1392 751 1479 784 idem
1510 751 1672 784 observat

385 807 503 829 censor
532 807 635 840 supra
663 795 820 828 laudatus
842 807 920 840 pag.
943 798 1028 836 982,
1061 797 1117 840 qui
1141 799 1203 830 hoc
1227 797 1261 829 in
1282 798 1354 830 loco
1374 796 1551 831 lectionem
1570 797 1670 830 codd.

385 853 551 875 consensu
592 842 756 874 firmatam
793 846 828 874 et
861 842 936 886 ipsa
965 844 1133 877 sententia
1163 844 1339 888 probatam
1380 840 1448 886 τὴν
1485 840 1670 886 ἐβούλετο,

384 887 640 932 praeferendam
666 887 811 920 censuit.

166 938 218 972 Ad
235 936 306 977 111,
332 936 396 970 155
423 945 500 978 pag.
524 933 591 966 265
628 929 713 965 οὔτε
740 944 794 970 τις
819 929 1020 975 ἀλλοτρίων
1044 946 1073 966 κ.
1091 947 1122 967 τ.
1147 935 1175 967 λ.
1223 934 1344 967 Utitur
1374 934 1406 968 h.
1432 934 1453 968 1.
1483 934 1670 968 Hermann.

386 980 536 1024 Opuscc.
558 977 608 1010 ΙΙΙ
630 990 662 1021 p.
685 980 749 1011 158
767 990 817 1021 sq.
837 980 878 1011 de
895 980 1088 1012 discrimine
1109 980 1289 1024 disputans
1309 980 1399 1013 inter
1416 976 1505 1013 ου’ὁὲ
1521 987 1556 1013 et
1570 976 1670 1023 οὔτε,

384 1025 474 1068 quod
496 1024 603 1067 ipsum
624 1023 701 1056 huic
722 1024 795 1056 loco
817 1025 942 1068 optime
962 1026 1146 1058 convenire
1167 1026 1236 1065 ait,
1263 1026 1357 1058 cuius
1376 1037 1493 1059 sensus
1516 1026 1581 1058 sit:
1617 1027 1671 1059 Tu

381 1070 569 1112 hocfecisti
585 1070 686 1112 idque
709 1081 774 1101 non
792 1081 854 1113 pei·
876 1071 1005 1111 alium,
1028 1072 1086 1104 sed
1103 1083 1165 1115 per
1185 1072 1361 1115 meipsum
1375 1084 1388 1111 ,·
1420 1083 1493 1104 cum
1516 1072 1543 1104 si
1563 1072 1669 1105 dixis-

380 1123 434 1149 set
453 1111 563 1157 οὐδέ,
599 1116 653 1147 hic
673 1115 785 1158 potius
807 1117 895 1149 soret
914 1128 1050 1150 sensus:
1085 1129 1181 1151 nemo
1203 1118 1267 1150 hoc
1294 1117 1358 1150 nisi
1376 1123 1413 1151 tu
1435 1117 1566 1159 fecisti3
1600 1129 1670 1151 non

379 1173 458 1196 vero
477 1172 538 1205 per
558 1161 679 1197 alium,
700 1161 757 1193 sed
770 1172 833 1204 per
851 1173 903 1195 me
920 1163 1039 1205 ipsum.

163 1212 214 1246 Ad
235 1211 309 1252 111,
333 1209 399 1244 155
426 1219 503 1252 pag.
529 1208 607 1241 267.
632 1206 743 1240 τοῦτο
761 1205 798 1239 ὸὲ
817 1204 883 1240 ἐᾶν
907 1205 1014 1252 ἔχειν]
1041 1209 1094 1242 Ita
1119 1221 1206 1242 nunc
1233 1209 1349 1242 editur
1365 1208 1438 1242 sine
1460 1209 1527 1242 ulla
1546 1208 1667 1242 lectio-

381 1253 433 1286 nis
452 1253 662 1285 diversitate.
694 1252 733 1284 In
758 1253 802 1285 ll.
824 1254 989 1297 Stephani
1007 1255 1156 1288 editione
1179 1260 1293 1288 exstat
1313 1250 1360 1287 ἒὶν
1379 1266 1439 1298 pro
1460 1252 1544 1288 ε’ἇνε
1570 1266 1668 1299 quem

381 1298 584 1332 infinitivum
618 1310 691 1331 cum
722 1293 769 1330 ἂν
803 1310 864 1342 pro
906 1299 1108 1342 imperativo
1148 1301 1291 1345 positum
1327 1301 1467 1334 defendi
1494 1312 1593 1346 posse
1618 1301 1668 1334 ait

379 1346 565 1378 Hermann.
595 1344 647 1377 De
681 1344 838 1388 particul.
865 1340 912 1378 ἂν
933 1346 1083 1390 Opuscc.
1104 1347 1150 1379 IV
1176 1358 1254 1391 pag.
1276 1348 1355 1382 178.

161 1439 213 1472 Ad
236 1437 298 1479 IV,
320 1438 343 1473 3
368 1447 446 1481 pag.
471 1437 539 1470 278
563 1436 584 1467 b
602 1435 659 1469 lin.
683 1437 729 1470 20
748 1435 814 1479 leg.
851 1436 918 1478 Qui
937 1448 1039 1480 quum
1059 1442 1093 1470 et
1112 1437 1170 1471 lin.
1189 1439 1235 1472 22
1253 1437 1386 1471 delend.
1404 1438 1474 1481 qui.

160 1486 213 1518 Ad
237 1484 298 1525 lv,
323 1484 345 1517 3
371 1494 448 1526 pag.
475 1484 541 1515 278
566 1482 586 1513 b
607 1481 665 1514 lin.
685 1482 747 1514 inf.
771 1481 870 1515 add.:
915 1483 1102 1528 Aeschylus
1128 1483 1302 1517 Prometh.
1334 1485 1402 1519 426
1425 1483 1548 1518 Blomf.
1578 1482 1669 1518 dixit

378 1527 562 1560 Mmcsuv.

159 1575 211 1610 Ad
236 1576 297 1616 IV,
323 1576 343 1608 8
371 1585 450 1618 pag.
474 1574 541 1608 287
567 1584 587 1606 a
612 1572 668 1606 lin.
697 1573 737 1607 15
762 1573 830 1606 del.
856 1585 985 1607 comma
1010 1579 1088 1619 post
1112 1575 1274 1618 Erythia.

159 1622 211 1655 Ad
236 1621 298 1661 IV,
323 1622 366 1655 16
392 1631 469 1662 pag.
494 1620 573 1654 305.
617 1619 668 1651 Ad
700 1624 813 1652 notam
847 1620 889 1652 de
922 1632 1006 1653 voce
1031 1617 1125 1665 εέκοῇ
1151 1622 1227 1654 add.
1253 1621 1404 1666 Lennep.
1429 1620 1472 1654 ad
1496 1620 1667 1654 Phalarid.

376 1665 444 1708 Ep.
470 1676 547 1708 pag.
572 1665 640 1698 229
657 1665 688 1697 b.
711 1684 755 1688 ——
779 1666 831 1698 Ad
854 1666 1052 1699 locutionem
1072 1663 1131 1700 ἐπὶ
1149 1665 1384 1711 μακρότατον
1402 1667 1491 1700 conf.
1516 1666 1666 1700 Ellendt.

377 1711 419 1744 ad
439 1710 573 1743 Arrian.
602 1710 734 1754 Exped.
761 1711 857 1746 Alex.
875 1712 927 1751 ll,
959 1715 1000 1747 19
1026 1715 1057 1753 ἓ.
1083 1716 1112 1747 1.

158 1758 210 1791 Ad
233 1757 294 1798 IV,
317 1758 364 1792 23
388 1768 468 1800 pag.
493 1757 606 1833 322121
630 1756 688 1789 lin.
716 1757 758 1791 13
783 1763 862 1801 post
885 1759 1009 1802 species
1031 1769 1120 1803 pone
1145 1770 1290 1800 comma,
1328 1763 1364 1793 et
1387 1759 1446 1793 lin.
1474 1759 1517 1794 16
1542 1770 1604 1804 pro
1627 1762 1666 1793 at

376 1812 492 1846 repon.
517 1814 587 1835 ser.

158 1848 211 1883 Ad
234 1848 296 1890 IV,
320 1849 365 1884 28
391 1858 460 1892 pag
494 1849 573 1882 333.
609 1847 676 1888 Iis,
712 1860 800 1890 quae
825 1849 868 1882 de
891 1850 1073 1883 Sindorum
1104 1855 1208 1894 gente
1237 1850 1405 1891 disserui,
1436 1850 1501 1884 iam
1532 1850 1668 1885 accedit

377 1904 492 1926 numus
512 1894 545 1925 in
570 1894 679 1926 insula
698 1894 830 1927 Taman
851 1904 1031 1939 repertus,
1064 1901 1102 1928 ut
1127 1896 1287 1936 tradunt,
1322 1901 1523 1940 argentem,
1556 1897 1667 1932 altera

375 1946 473 1981 parte
496 1938 653 1972 Herculis
671 1947 773 1983 caput
794 1940 927 1972 leonina
951 1942 1037 1983 pelle
1056 1947 1194 1979 tectum,
1221 1942 1330 1974 altera
1351 1942 1428 1986 equi
1450 1947 1554 1987 caput
1571 1943 1668 1977 exhi-

376 1985 481 2024 bens,
505 1984 630 2017 additis
649 1984 755 2016 literis
776 1985 986 2018 ΣῘΝΔΩΝ.
1037 1987 1137 2026 Quod
1160 1999 1199 2019 eo
1222 1987 1328 2030 magis
1347 1988 1545 2029 tenendum,
1570 1989 1666 2034 quia,

377 2035 537 2074 quantum
559 2028 713 2073 equidem
734 2030 802 2063 scio
816 2055 826 2070 ‚
862 2032 970 2064 nullus
993 2033 1106 2065 adhuc
1128 2032 1215 2066 illius
1235 2033 1348 2077 gentis
1366 2045 1485 2067 numus
1507 2041 1666 2080 repertus

377 2080 462 2108 erat.
511 2076 566 2108 Tu
597 2075 667 2108 vid.
696 2075 865 2109 Ferussac
890 2077 1011 2110 Bullet.
1038 2077 1071 2111 d.
1098 2078 1224 2111 scienc.
1259 2079 1378 2115 histor.
1400 2079 1551 2114 Janvier.
1577 2082 1664 2116 1831

376 2132 456 2165 pag.
475 2122 539 2161 28,
573 2124 629 2165 qui
653 2120 758 2154 citat=
791 2122 930 2156 Journal
959 2123 1120 2156 d'Odess.
1142 2126 1230 2159 1829
1251 2136 1301 2158 nr.
1321 2126 1375 2159 77.
1423 2126 1552 2159 Eodem
1576 2127 1667 2161 haud

374 2167 445 2200 scio
466 2178 508 2199 an
527 2166 699 2210 pertineat
718 2168 918 2211 sepulcralis
936 2169 1115 2213 inscriptio
1137 2182 1241 2215 prope
1258 2171 1404 2204 Kertsch
1422 2172 1558 2205 detecta
1578 2184 1665 2206 anno

375 2214 485 2251 1830,
521 2213 579 2245 ubi
608 2220 813 2246 memoratur
846 2215 1072 2254 Timotheus,
1109 2216 1243 2250 adiecta
1275 2229 1360 2250 voce
1389 2217 1548 2259 Σίνδαξ;
1599 2221 1666 2262 qua

375 2257 590 2291 Timotheum
618 2258 717 2292 istum
736 2260 923 2293 Sindorum
953 2273 970 2293 e
1001 2266 1103 2304 gente
1133 2262 1240 2295 fuisse
1267 2262 1344 2307 quis
1367 2263 1516 2307 colligat.
1564 2262 1665 2299 Conf.

372 2302 520 2337 Seebod.
541 2312 576 2337 et.
592 2304 688 2340 Jahn.
710 2306 840 2338 Annall.
862 2306 989 2349 (1832)
1010 2308 1041 2347 I,
1065 2308 1087 2342 3
1111 2319 1189 2352 pag.
1215 2311 1296 2344 360.

156 2348 207 2382 Ad
227 2348 286 2390 lv,
310 2349 353 2383 31
382 2359 461 2392 pag.
487 2350 565 2384 337.
596 2348 680 2392 mol
709 2348 747 2384 δὲ
775 2351 848 2384 τῶν
873 2353 1018 2395 πτερῶν
1034 2365 1066 2386 κ.
1086 2365 1116 2388 τ.
1141 2356 1170 2387 λ.
1207 2354 1340 2398 Tangit
1357 2354 1442 2388 haec
1462 2355 1663 2390 Eustathius

374 2394 409 2426 in
427 2394 573 2438 epistoll.
594 2406 614 2428 a
631 2396 767 2430 'l'afelio
786 2409 858 2431 meo
879 2409 986 2443 nuper
1005 2398 1106 2432 editis
1125 2400 1302 2442 (Francos.
1326 2402 1431 2443 1832)
1456 2412 1488 2445 p.
1506 2403 1587 2441 310,
1607 2405 1661 2436 10.

155 2440 207 2473 Ad
229 2439 292 2481 IV,
315 2440 360 2474 35
380 2451 457 2484 pag.
487 2440 554 2474 347
586 2441 607 2473 b
644 2441 701 2474 lin.
735 2441 781 2478 34
808 2444 911 2477 add.:
973 2445 1076 2477 Usum
1114 2446 1211 2478 verbi
1245 2446 1459 2489 καθαγίζειν
1489 2447 1532 2480 de
1561 2447 1663 2481 victi-

372 2486 463 2564 xlgis:i
487 2497 681 2567 ‹Raessrae
706 2487 885 2533 impositae
911 2489 991 2534 igne
1024 2497 1282 2534 consumuntur,
1328 2492 1446 2536 attigit
1472 2493 1586 2529 Wess.
1616 2493 1662 2528 ad

410 2544 438 2564 ιο
467 2556 474 2564 .
545 2557 554 2571 ,
627 2558 633 2564 .

155 2574 208 2608 Ad
233 2575 294 2617 IV,
318 2575 364 2610 40
389 2588 468 2622 pag.
494 2578 560 2611 358
580 2578 601 2610 b
620 2577 678 2611 lin.
694 2580 717 2614 3
732 2580 786 2613 ab.
807 2579 868 2614 inf.
892 2592 954 2625 pro
974 2578 1193 2625 ἐκδέχεσται
1213 2582 1278 2625 leg.
1300 2580 1545 2626 ἐκδέχεσθαι.

156 2621 208 2654 Ad
231 2621 292 2664 lv,
315 2621 360 2656 46
384 2634 461 2667 pag.
473 2623 549 2667 3374
570 2624 589 2655 b
611 2634 681 2667 seq.
740 2626 840 2666 Quod
860 2626 1004 2660 vocibus
1023 2630 1119 2661 τοῖσι
1137 2626 1207 2671 γὰρ
1227 2626 1317 2671 μήτε
1349 2624 1461 2662 ἄστεα
1478 2627 1567 2673 μήτε
1586 2630 1658 2664 tsi·

372 2679 436 2710 χεα
460 2667 484 2712 ῃ’
518 2665 707 2711 ἐκτισμένα
743 2683 809 2704 non
838 2671 956 2705 addidi
988 2674 1188 2717 particulam
1221 2670 1287 2714 ἂν,
1334 2675 1448 2719 prouti
1479 2677 1658 2710 voluerunt

375 2715 579 2748 Schaeferus
610 2726 650 2748 ac
676 2716 876 2757 werferus,
910 2717 946 2751 id
973 2730 1060 2752 nunc
1091 2719 1229 2763 probari
1253 2720 1363 2753 laetor
1388 2721 1582 2755 Hermanno
1603 2722 1656 2755 De

371 2755 562 2840 ῗῧτῖίἓδέὶν
583 2761 635 2801 ΙΙ,
669 2764 714 2796 10
733 2774 768 2806 p.
788 2764 853 2797 116
871 2775 964 2808 seq„
996 2764 1053 2809 qui
1078 2765 1166 2799 idem
1185 2765 1229 2798 ad
1250 2766 1284 2799 h.
1302 2765 1326 2799 Ι.
1354 2766 1510 2802 adhibuit
1528 2766 1655 2801 Herod.

435 2828 445 2845 ‚
518 2829 526 2838 .

155 2846 207 2881 Ad
231 2847 294 2890 lv,
319 2848 364 2885 53
387 2860 467 2894 pag.
487 2852 565 2885 399.
611 2851 666 2885 Ad
689 2863 749 2893 ea,
776 2864 863 2897 quae
883 2854 926 2888 de
944 2866 1005 2889 usu
1027 2856 1272 2900 particularum
1288 2855 1450 2891 ’τε-καὶ
1471 2856 1654 2902 disputavi,

372 2896 451 2929 add.
469 2896 617 2930 Ellendt.
632 2898 676 2932 ad
692 2898 826 2932 Arrian.
850 2900 986 2946 Exped.
1005 2902 1103 2935 Alex.
1125 2901 1194 2946 ΙΙΙ,
1222 2904 1283 2943 16,
1307 2902 1341 2937 4.
