1904 3304
464 254 1148 294 MELPOMENE.1V.

1357 256 1442 295 633

180 365 370 424 βουνούς
397 365 626 409 καλέουσι·
673 363 1013 420 συγκεκόμισταί
1041 378 1084 406 τε
1106 356 1237 413 οὗτος
1259 359 1282 405 ὁ
1313 361 1443 416 μέσος

178 435 362 492 καρπὸς,
395 436 467 479 καὶ
501 435 523 479 ὁ
555 435 602 479 ἐν
632 439 686 491 τῇ
719 434 1018 490 κατυπερτάτῃ
1048 438 1123 490 τῆς
1146 437 1224 489 γῆς
1244 433 1443 475 πεπαίνε-

148 508 252 550 3ταί
290 522 334 549 τε
374 508 448 551 καὶ
487 505 610 565 ὀργᾷ.

120 640 168 678 ad
193 653 330 678 messem
362 641 638 691 vindemiamque
665 646 781 678 matu-

120 710 182 734 rus
225 700 314 735 est.“
372 699 533 736 Verbum
573 695 699 749 ἅργᾶν
733 700 780 735 de

115 753 273 804 plantis,
305 767 394 804 quae
421 758 563 803 turgent
586 760 617 792 et
636 756 686 792 acl
705 767 781 791 ma-

122 812 303 847 turitatem
326 815 566 861 pervenerunt,
596 813 679 858 dici,
711 812 780 848 hoc

119 867 201 916 ipso
261 867 340 904 loco
395 868 506 904 allato
567 868 781 904 monstravit

120 923 316 961 Ruhnken.
351 925 398 960 ad
432 924 529 961 Tim.
561 924 650 961 Lex.
687 923 779 960 Plat.

121 992 155 1028 P·
190 981 291 1024 193,
322 980 383 1016 ubi
411 975 529 1033 ὀργᾷ·
574 979 779 1030 ἐπείγεται,

121 1034 322 1084 ἐπιθυμεῖ.
370 1035 467 1072 Add.
499 1036 587 1073 Her.
622 1036 694 1082 lv,
726 1037 780 1076 64

121 1091 208 1141 ibiq.
237 1096 328 1129 nott.
369 1091 529 1129 Verbum
558 1088 664 1144 α’μᾶν
695 1090 781 1144 (me-

122 1149 211 1197 tere)
240 1153 281 1185 ut
298 1149 346 1185 ad
364 1161 499 1185 messem
519 1150 680 1198 proxime
698 1162 780 1198 spe-

120 1209 198 1241 ctat
227 1204 295 1251 (de
320 1218 392 1253 quo
421 1206 533 1241 multa
550 1205 658 1242 allata
673 1206 780 1242 video

120 1261 158 1296 in
186 1260 338 1309 Anglica
366 1261 478 1298 Thes.
498 1261 675 1312 Stephan.
694 1262 779 1298 edit.

122 1315 171 1353 T.
200 1316 232 1353 11
262 1330 298 1366 p.
323 1319 432 1357 1910
459 1321 580 1366 seq.),
610 1318 661 1355 ita
688 1333 778 1368 τρυ-

119 1374 199 1424 γᾶν
219 1374 267 1410 ad
290 1373 473 1410 videmz‘am
493 1375 669 1423 pertinet3
699 1387 779 1411 cum

119 1429 218 1467 enim
258 1431 405 1466 omnino
443 1430 582 1468 valeat:
632 1431 781 1481 fructus

122 1485 288 1534 colligere
317 1486 486 1532 cereales,
516 1487 629 1533 alios,
665 1487 717 1536 (v.
749 1501 778 1524 c.

121 1542 211 1588 mel,
245 1543 376 1593 flores,
415 1542 512 1590 alia)
552 1543 781 1593 peculiariter

122 1602 319 1648 usurpatur
340 1599 387 1635 de
406 1600 483 1635 uvis
503 1600 700 1649 carpendis,
727 1601 781 1635 in-

122 1654 296 1703 dicatque
316 1653 533 1692 Latinorum
556 1657 781 1694 vindemiare.

120 1710 283 1747 Plurima
319 1712 390 1749 vid.
420 1712 507 1748 ibid.
539 1713 587 1750 T.
616 1713 667 1749 VI
697 1725 782 1762 pag.

122 1769 247 1808 9692.
291 1766 380 1804 Mox
410 1769 535 1818 scripsi
563 1782 641 1806 cum
663 1769 782 1806 Gaisf.

122 1819 279 1861 τούτων
313 1820 364 1862 δὲ
399 1824 784 1876 συγκεκομισμένων,

123 1880 187 1916 ubi
242 1879 350 1929 vulgo
404 1880 575 1920 τουτέων
626 1896 676 1920 τε
722 1878 782 1932 δή

124 1947 246 1986 συγκ.,
265 1940 302 1973 et
320 1937 421 1985 apud
439 1937 594 1975 Wessel.
613 1937 784 1977 τουτέων

125 1989 178 2030 δὲ
215 1987 275 2042 δὴ
319 2004 453 2042 συγκ.,
493 1995 654 2043 itemque
698 1995 784 2031 dedi

123 2050 221 2087 τῶν
268 2045 667 2099 ὖπερθαλασσιδίων,
721 2051 785 2087 ubi

124 2104 221 2154 vulg.
246 2101 300 2142 τοὶ
330 2104 476 2155 ύττερθ.

180 2157 228 2199 τοὶ
251 2158 424 2211 βουνοὺς
443 2160 640 2210 καλέουσι]
675 2162 785 2199 Conf.

124 2217 184 2256 De
211 2230 300 2255 voce
330 2213 475 2268 βουνός
498 2219 706 2256 Casaubon.
737 2218 785 2255 ad

125 2274 254 2311 Athen.
273 2274 338 2320 lll,
356 2277 420 2315 22.
449 2276 591 2312 Herod.
612 2274 682 2321 IV,
706 2274 785 2315 158

126 2329 221 2378 (coll.
246 2332 358 2377 192),
381 2331 441 2368 ubi
461 2332 633 2369 Valcken.
652 2332 784 2367 Gram-

127 2388 337 2424 maticorum
356 2387 474 2424 attulit
492 2389 700 2425 testimonia
721 2400 784 2422 vo-

127 2455 203 2479 cem
222 2444 453 2493 peregrinam
478 2457 524 2482 ex
544 2444 613 2481 hoc
631 2444 709 2481 loco
731 2444 784 2480 ci-

127 2499 301 2547 tantium‚
341 2513 451 2548 quam
492 2505 680 2550 exponunt
722 2495 785 2538 λό-

131 2569 234 2601 φον,
271 2553 463 2607 κολώνην.
504 2557 588 2594 vid.
619 2556 786 2593 Eustath.

128 2611 175 2647 ud
196 2610 296 2651 Iliad.
323 2607 354 2650 λ’
376 2626 411 2663 p.
431 2615 513 2654 880
536 2627 564 2650 5.
585 2615 663 2653 831
680 2641 689 2658 ‚
719 2614 785 2653 32.

129 2680 163 2716 p-
189 2669 293 2713 231,
324 2669 376 2708 34
402 2671 460 2707 ed.
480 2671 565 2707 Bas.
582 2671 630 2706 ad
648 2669 783 2716 Odyss.

127 2723 216 2759 XlX
251 2736 338 2773 pag.
371 2726 478 2766 1854
515 2739 544 2762 ε.
575 2727 677 2772 680,
720 2727 784 2764 37.

128 2779 317 2829 Phrynich.
350 2792 386 2829 p.
417 2783 495 2821 156
531 2781 590 2832 [p.
613 2781 694 2823 355
726 2781 784 2817 ed.

127 2833 289 2873 Lobeck.
317 2835 439 2885 ibique
465 2838 563 2875 citat.
581 2839 703 2875 Sturz.
727 2837 785 2874 De

127 2890 209 2928 dial.
238 2891 340 2930 Alex.
371 2905 458 2943 pag.
498 2893 594 2943 154]
634 2894 785 2943 Etymo-

671 505 778 550 ὥστε
809 504 1043 550 ἐκπέποταί
1079 521 1123 548 τε
1153 505 1226 549 καὶ
1260 502 1444 559 καταβέ-

836 640 909 689 lug.
931 654 966 691 p.
985 642 1080 685 208,
1100 641 1149 685 ⁴3,
1178 639 1240 675 ubi
1261 637 1423 687 βουνοί,
1457 634 1498 689 (a

838 699 992 748 βαίνειν
1042 693 1144 733 ἄνω)
1194 696 1418 745 explicantur
1459 693 1500 732 οῖ

836 752 990 803 ὑψηλοὶ
1017 751 1085 790 καὶ
1120 748 1280 802 ὀρώδεις
1307 751 1372 789 καὶ
1400 745 1496 802 γεώ-

836 813 955 859 λοφοι
975 804 1103 848 τόποι.
1145 809 1252 858 Apud
1276 808 1428 845 Diodor.
1449 806 1496 854 V,

837 867 891 907 40
923 867 982 902 [in.
1008 866 1044 901 in
1072 866 1150 914 ipsa
1172 865 1398 913 Cyrenaicae
1424 868 1498 900 ter-

837 935 899 959 rae
937 922 1182 970 descriptione
1211 922 1372 957 invenias
1407 920 1498 969 βου-

837 973 1011 1026 νοειὸής,
1031 977 1110 1013 coll.
1131 977 1304 1013 Brunckii
1319 976 1497 1013 Analectt.

838 1035 870 1071 ll
882 1048 917 1084 p.
931 1036 1024 1076 355.
1037 1054 1091 1060 -
1104 1032 1161 1068 Ad
1183 1046 1285 1069 usum
1305 1032 1499 1082 particula-

837 1104 915 1128 rum
945 1105 984 1129 τε
1012 1111 1068 1117 —-
1106 1088 1172 1127 καὶ
1204 1090 1240 1125 in
1272 1102 1376 1138 seqq.
1403 1089 1500 1125 conf.

836 1147 968 1184 Matth.
993 1147 1059 1182 Gr.
1081 1146 1145 1182 Gr.
1164 1159 1200 1196 p.
1222 1147 1328 1187 1257
1350 1150 1386 1184 et
1408 1149 1499 1182 nott.

838 1204 887 1241 ad
908 1202 983 1250 lv,
1014 1204 1078 1243 53.

896 1311 993 1354 ὥστε
1006 1313 1222 1354 ἐκπέποταί
1236 1327 1277 1352 τε
1297 1311 1364 1351 καὶ
1384 1327 1499 1351 κατα-

838 1370 1048 1424 βέβρωται]
1071 1372 1093 1408 i.
1107 1385 1137 1409 e.
1152 1370 1244 1418 „Ita
1257 1369 1399 1420 quando
1421 1382 1501 1419 epo-

838 1434 895 1466 tus
903 1432 1135 1478 comestusque
1144 1431 1193 1464 est
1200 1426 1501 1478 primusfructus,

838 1490 923 1523 tuuc
952 1489 1142 1536 opportune
1166 1485 1267 1520 adest
1285 1483 1499 1520 extremus.“

839 1543 1021 1581 Schaefer.
1039 1542 1076 1578 in
1099 1541 1240 1591 Appar.
1257 1540 1499 1578 Demosthen.

839 1599 872 1635 ΙΙ
903 1611 988 1648 pag.
1016 1597 1068 1639 14
1098 1597 1235 1634 mavult
1268 1595 1418 1646 simplex
1438 1593 1500 1645 βέ-

841 1656 1013 1706 βρωται,
1052 1654 1222 1703 quoniam
1261 1652 1500 1702 compositum

841 1713 888 1748 sit
910 1709 1189 1761 κακέμφατον,
1217 1710 1356 1760 quippe
1375 1708 1499 1745 valens

840 1768 973 1805 edendo
1000 1767 1165 1817 perdere,
1196 1770 1237 1802 ut
1266 1764 1499 1803 καταπίνειν

839 1825 985 1862 bibendo
997 1823 1151 1873 perdere,
1172 1822 1251 1859 coll.
1262 1822 1410 1859 Homer.
1424 1821 1499 1857 Od.

838 1881 965 1926 XXlI,
996 1882 1060 1920 58.
1091 1879 1213 1917 Nolim
1238 1879 1420 1927 equidem,
1444 1878 1501 1913 in-

839 1938 920 1973 vitis
947 1936 1160 1986 praesertim
1187 1935 1305 1980 libris,
1345 1934 1501 1970 abiicere

839 1993 1159 2042 praepositionem,
1170 1990 1267 2027 haud
1279 1990 1354 2026 scio
1363 2003 1408 2026 an
1420 2001 1502 2039 per-

839 2048 1006 2086 fectionis
1047 2053 1085 2085 et
1115 2046 1354 2084 absolutionis
1387 2058 1503 2094 quan-

843 2106 926 2141 dam
946 2104 1059 2142 verbo
1081 2104 1193 2140 addat
1212 2103 1413 2139 notionem.
1444 2102 1502 2138 Ad

843 2162 939 2198 hunc
961 2174 1047 2198 vero
1071 2160 1202 2207 locum,
1223 2159 1347 2206 credo,
1378 2171 1504 2208 respe-

842 2221 986 2263 xerunt,
1012 2217 1074 2265 qui
1096 2216 1334 2265 Cyrenaicam
1356 2215 1428 2251 vini
1448 2215 1502 2251 fe-

843 2274 1273 2318 racem-contendentes,
1306 2272 1354 2308 ad
1380 2271 1503 2308 Hero-

841 2331 922 2367 doti
981 2334 1181 2379 provocant
1234 2327 1502 2366 testimonium:

840 2398 1060 2436 quamquam
1081 2385 1226 2423 aliunde
1244 2397 1393 2434 quoque
1413 2384 1503 2420 satis

841 2448 1007 2489 constat,
1038 2443 1160 2479 vinum
1191 2442 1259 2479 hac
1287 2453 1330 2478 ex
1352 2440 1504 2488 regione

842 2500 1008 2536 eximium
1032 2499 1255 2549 provenisse.
1286 2498 1344 2534 Cf.
1363 2496 1505 2544 Thrige

842 2555 862 2591 l.
895 2556 916 2592 l.
947 2567 1030 2605 pag.
1057 2558 1151 2597 267.
1191 2554 1324 2591 Ritter.
1351 2552 1502 2591 Erdk.1

842 2625 879 2662 p.
908 2613 1001 2653 932.
1028 2632 1080 2639 —-
1121 2611 1179 2648 Ad
1206 2622 1330 2646 vocem
1361 2603 1501 2658 ὀπώρη

842 2668 937 2705 conf.
985 2681 1081 2717 quae
1124 2668 1162 2704 in
1200 2665 1362 2703 Boeckh.
1413 2665 1501 2702 edit.

844 2724 948 2760 Pind.
973 2724 1120 2762 nissen.
1152 2723 1292 2760 monuit
1324 2722 1372 2758 ad
1393 2719 1502 2758 Nem.

842 2781 876 2816 V
902 2793 939 2830 p.
968 2782 1052 2822 392
1081 2793 1158 2828 seq.
1201 2778 1296 2815 Add.
1324 2777 1500 2827 Stephan.

843 2835 957 2875 Thes.
981 2836 1025 2873 L.
1046 2837 1111 2873 Gr.
1129 2835 1177 2872 T.
1194 2834 1227 2871 V
1246 2849 1282 2886 p.
1296 2836 1406 2876 6684
1424 2845 1500 2881 seq.

844 2893 899 2930 ed.
921 2893 1027 2942 Angl.
