1904 3304
96 567 257 604 Agathyrsi
297 570 374 598 lauti

96 607 128 630 et
161 610 237 630 auro
279 605 369 632 culti:

431 265 516 306 474

403 371 535 424 4λὸν,
579 371 764 428 μάλιστα
803 371 850 415 δὲ
891 369 997 425 ὑπὲρ
1035 375 1112 428 τῆς
1148 374 1437 432 καπνοδόκης.

835 263 1300 304 HERODOTI

1507 376 1615 431 φασὶ
1655 375 1754 420 63330

429 441 615 494 τούτους
636 442 867 498 φυλάκους
891 446 966 498 τῆς
991 443 1130 499 οἰκίης
1148 443 1288 502 πάσης
1307 445 1695 502 ὑπεραιωρέεσθαι.

267 506 367 551 10-1·
425 517 527 566 ζῶσι
557 514 602 556 δὲ
633 512 717 556 dud
747 515 870 569 ληΐης
899 529 943 556 τε
972 513 1046 556 καὶ
1077 514 1287 570 πολέμου.
1343 515 1605 573 Ἀγάθυρσοι
1637 517 1695 569 δὲ,

371 760 485 807 ‘erigit
508 761 586 807 ita,
623 763 663 796 ut
693 759 804 796 multo
836 772 946 809 supra
976 758 1036 795 ‹lo-

373 829 483 863 mum,
542 820 632 853 certe
674 830 783 866 supra
823 815 1036 866 samarium,

372 874 534 910 emineat.
592 873 648 910 lta
691 877 791 910 recte
829 873 1034 921 Schweigh.

373 930 436 967 Sic
475 924 697 981 α’ναπαρεὶς
739 929 809 976 lv,
850 928 916 969 94.
976 929 1033 966 Ad

375 985 466 1039 ἱστᾷ
505 987 600 1023 conf.
638 985 769 1023 Matth.
806 986 870 1022 Gr.
898 986 964 1022 Gr.
996 983 1033 1036 ἓ.

374 1045 481 1089 210,
513 1046 546 1082 1.
597 1042 663 1080 Cr.
696 1043 868 1079 amandat
899 1043 945 1079 ad
974 1055 1031 1088 ea,

372 1111 469 1148 quae
499 1099 546 1135 ad
566 1099 733 1136 Proclum
763 1099 798 1134 in
818 1098 914 1135 l’lat.
936 1098 1032 1135 Alci-

372 1155 469 1192 biad.
492 1155 505 1191 l
526 1168 610 1205 pag.
634 1157 715 1195 273
740 1155 939 1191 adnotavit.
992 1155 1030 1191 ln

372 1223 476 1260 seqq.
525 1213 637 1248 verba
688 1208 1031 1260 ὑπεραιωρέεσθαι

370 1269 441 1316 τῆς
477 1266 607 1316 οἰκίης
645 1263 799 1317 πάσης,
857 1271 1030 1304 monente

369 1323 572 1372 Schweigh.
602 1324 638 1359 in
662 1323 753 1360 Lex.
774 1323 913 1360 Herod.
933 1323 1029 1360 idem

369 1379 493 1416 valent
517 1383 631 1428 atque
652 1382 723 1429 τῆς
747 1379 877 1430 οἰκίης
899 1376 1029 1430 πάσης

368 1433 574 1487 ’ὑπερέχειν
592 1438 631 1473 in
652 1437 794 1473 sublimi
812 1449 1026 1487 suspensum,

368 1505 396 1529 s.
431 1497 579 1530 erectum
609 1507 717 1543 supra
748 1493 884 1530 (tornum
919 1497 1028 1530 totam

368 1550 523 1586 eminere.
598 1549 657 1587 Ad
694 1551 805 1588 verba
851 1552 945 1596 ζῶσι
985 1547 1027 1589 δὲ

369 1600 466 1645 cino*
514 1606 629 1656 ληΐης
672 1621 712 1645 τε
754 1605 1026 1658 καὶπολέμου

365 1662 461 1699 conf.
482 1662 553 1708 lv,
585 1665 650 1703 22.

574 1719 687 1769 Cap.
720 1719 815 1756 ClV.

418 1769 660 1825 Ἀγοὲθυρσοι
700 1773 759 1826 δὲ]
812 1775 1026 1813 Herodotea

364 1833 487 1879 tangit
506 1833 686 1868 Stobaeus
717 1830 794 1879 44,
824 1830 877 1871 43
910 1830 972 1881 [T.
995 1831 1026 1868 ΙΙ

363 1900 401 1937 p.
422 1890 504 1929 230
526 1886 657 1938 Gaiss.]
678 1889 837 1937 itemque
858 1888 1025 1924 Eustath.

363 1944 413 1980 ad
450 1944 601 1993 Dionys
641 1945 784 1993 l'erieg.
814 1946 909 1985 310.
968 1944 1025 1982 De

363 2000 584 2051 Agatleyrsis
606 2002 700 2038 conf.
731 2001 933 2038 Herodotei
956 2000 1023 2037 loci

362 2056 434 2104 lv,
467 2057 533 2097 49.
561 2060 652 2098 100.
688 2060 776 2097 102.
810 2058 900 2098 125.
937 2057 1023 2094 Mel.

364 2112 411 2159 ll,
433 2117 469 2160 1,
490 2114 552 2155 15.
587 2115 627 2150 ln
642 2113 908 2162 Transylvania
920 2114 1025 2150 Hun-

365 2170 566 2219 gariaeque
615 2171 810 2220 superioris
862 2171 1024 2220 partibus

364 2227 486 2274 gentis
514 2227 621 2264 sedes
649 2227 759 2264 fuisse
791 2228 1024 2264 consentiens

363 2284 442 2320 sere
471 2288 525 2320 est
556 2284 711 2320 virorum
734 2285 922 2321 doctorum
947 2284 1026 2333 opi-

363 2339 436 2375 nio.
466 2339 549 2375 vid.
567 2339 722 2376 Renuel.
741 2353 777 2388 p.
792 2339 885 2380 414.
917 2341 1025 2376 Man-

362 2399 457 2432 nert.
477 2395 525 2431 lv
548 2409 583 2445 p.
612 2398 701 2435 102.
733 2396 891 2433 lleeren.
913 2397 1023 2433 ldeen

364 2451 394 2498 l,
421 2455 434 2491 1
467 2464 552 2500 pag.
573 2454 640 2492 94.
691 2452 869 2489 Niebuhr.
900 2454 1022 2490 Verm.

363 2507 510 2544 Schrist.
542 2509 555 2545 l
589 2521 674 2558 pag.
696 2511 790 2549 377.
849 2509 1021 2558 Kbppen.

363 2562 565 2613 Nordgest.
588 2565 622 2601 d.
643 2565 748 2602 Pont.
771 2578 855 2615 pag.
874 2568 936 2606 13.
956 2567 1021 2606 68.

364 2619 423 2657 Ad
450 2622 699 2659 Sarmatarum
740 2622 887 2672 stirpem
920 2623 1021 2670 Aga-

364 2677 502 2727 thyrsos
544 2679 654 2716 refert
689 2677 821 2716 Ritter.
851 2679 1021 2717 vorhalle

362 2746 449 2784 pag.
483 2736 566 2776 286
596 2747 674 2784 seq.
709 2734 789 2771 coll.
820 2737 922 2783 263,
973 2736 1020 2773 de

362 2791 442 2841 ipso
462 2792 618 2828 nominis
643 2796 765 2839 etymo
785 2804 960 2839 monens,
985 2793 1020 2829 in

363 2859 437 2896 quo
469 2847 528 2896 (ut
549 2848 585 2884 in
604 2847 681 2885 aliis
706 2847 878 2886 similibus
905 2850 1021 2885 nomi-

361 2903 468 2942 nibus
499 2904 821 2954 ldanthyrsorum,
859 2904 1022 2954 Thyrsa-

430 581 666 639 ἁβρότατοι
688 583 844 637 ἄνδρες
871 585 976 638 εἰσὶ,
1009 585 1083 628 καὶ
1111 585 1386 641 χρυσοφόροι
1417 587 1469 631 τὰ
1497 587 1695 643 μάλιστα.

1095 762 1261 808 getarum
1272 788 1282 806 ,
1302 758 1617 809 Thyssagetarum
1627 790 1639 806 ,
1660 759 1751 797 alio-

1094 818 1193 865 rum)
1220 817 1377 853 numinis
1403 815 1479 866 Tyr
1508 816 1664 866 aliquam
1692 829 1750 853 ra-

1091 873 1226 910 tionem
1258 872 1418 909 habitam
1449 873 1564 910 videri
1592 873 1750 910 coniicit.

1092 928 1165 965 Pro
1195 929 1304 966 Dacis
1338 930 1487 966 eosdem
1521 929 1631 967 habet
1660 928 1749 966 Nie-

1090 985 1194 1022 buhr.
1216 985 1237 1021 l.
1257 985 1278 1022 l.
1307 985 1474 1023 Thraciis
1499 985 1581 1022 hinc
1603 989 1747 1022 utentes

1089 1042 1249 1079 moribus
1271 1046 1383 1091 atque
1404 1042 1590 1079 institutis.
1637 1042 1747 1079 Man-

1088 1103 1194 1135 nerto
1215 1098 1236 1134 l.
1262 1098 1283 1134 l.
1312 1099 1507 1148 Agathyrsi
1537 1111 1616 1135 cum
1639 1098 1746 1135 Getis

1089 1155 1377 1202 immigrantibus
1413 1155 1590 1192 coaluisse
1618 1155 1747 1191 viden-

1087 1215 1146 1247 tur
1190 1212 1226 1247 in
1267 1223 1374 1247 unam
1415 1217 1589 1260 gentem,
1647 1211 1746 1248 unde

1086 1271 1233 1316 postera
1261 1271 1386 1304 aetate
1415 1269 1574 1313 sactum,
1614 1271 1654 1303 ut
1682 1266 1745 1316 qui

1086 1323 1203 1371 magis
1235 1323 1282 1360 ad
1311 1323 1489 1361 orientem
1524 1323 1745 1370 habitarent,

1086 1380 1197 1416 Getae
1205 1409 1218 1426 ,
1248 1380 1309 1429 qui
1328 1380 1377 1417 ad
1396 1380 1634 1429 occidentem,
1666 1379 1745 1417 Da-

1086 1449 1158 1473 cae.

1143 1488 1357 1545 ἁβρότατοι
1379 1489 1521 1543 ὄὶνδρες
1541 1490 1634 1542 εἰσὶ]
1673 1486 1743 1530 οἷν-

1086 1550 1195 1600 ὃρών
1220 1549 1340 1598 plures
1362 1549 1441 1586 libri
1462 1549 1642 1599 praebent
1663 1562 1743 1586 cum

1083 1606 1252 1645 Eustath.
1299 1605 1321 1643 l.
1366 1607 1390 1642 l.
1479 1606 1743 1655 Interpretatur

1083 1662 1307 1710 Schweigh.:
1339 1662 1568 1708 „lautissimi
1591 1662 1742 1698 homines

1084 1722 1215 1757 sunt.“
1244 1740 1299 1745 ———
1336 1718 1540 1756 Larcherus
1561 1719 1740 1756 reddidit:

1084 1776 1170 1822 „les
1195 1775 1280 1825 plus
1310 1774 1507 1824 cffc‘mindes
1529 1775 1570 1811 de
1597 1778 1673 1811 tous
1692 1774 1741 1811 les

1084 1832 1282 1878 hommes‚“
1350 1844 1549 1880 congruere
1598 1845 1739 1880 negans

1083 1888 1172 1926 haec
1189 1902 1269 1925 cum
1289 1900 1352 1935 co,
1383 1888 1481 1936 quod
1496 1887 1638 1936 Scythis
1661 1888 1740 1924 adi-

1083 1950 1123 1982 tu
1145 1945 1399 1982 interdixerint
1419 1944 1497 1991 (lv,
1527 1944 1647 1991 125),
1671 1943 1740 1980 nisi

1083 2006 1229 2050 gentem
1291 2001 1537 2039 effeminatam
1587 2000 1741 2038 subinde

1082 2058 1271 2108 pristinam
1303 2058 1473 2094 virtutem
1503 2069 1739 2107 recuperasse

1081 2119 1231 2152 statuas.
1272 2114 1449 2163 Equidem
1468 2126 1593 2151 vocem
1613 2110 1739 2165 ἁβρό-

1081 2186 1189 2210 τατοι
1207 2172 1254 2208 ad
1275 2171 1371 2208 vitae
1395 2170 1526 2207 cultum
1546 2169 1737 2208 lautiorem

1081 2240 1124 2265 ac
1139 2227 1393 2273 liberaliorem,
1415 2227 1488 2275 qua
1500 2226 1630 2263 haecce
1646 2239 1736 2275 gens

1083 2297 1171 2335 prae
1201 2285 1350 2321 caeteris
1386 2283 1502 2332 iisque
1530 2283 1737 2319 rudioribus

1083 2340 1312 2386 excelluerit,
1347 2339 1550 2385 retulerim,
1589 2344 1737 2377 auctore

1080 2398 1215 2435 Ritter.
1236 2396 1407 2434 Vorhalle
1435 2408 1519 2446 pag.
1541 2396 1623 2435 287
1643 2408 1735 2444 seq„

1081 2454 1142 2503 qui
1171 2454 1394 2503 potissimum
1422 2457 1543 2488 vestes
1571 2451 1735 2488 subtilio-

1080 2523 1137 2547 res
1156 2516 1266 2558 atque
1291 2510 1496 2554 tenuiores,
1533 2508 1662 2556 quibus
1681 2509 1734 2545 usi

1079 2567 1212 2604 suerint
1232 2565 1452 2615 Agathyrsi,
1491 2565 1620 2615 respici
1639 2565 1735 2602 arbi-

1078 2627 1192 2660 tratur
1221 2622 1483 2672 Orpheumque
1517 2621 1587 2658 huc
1623 2621 1735 2659 refert

1077 2678 1214 2727 Argon.
1239 2680 1344 2719 1062
1358 2676 1628 2728 ἁβροχίτωνας
1645 2677 1687 2728 (i.
1700 2690 1731 2715 e.

1078 2736 1227 2773 molliter
1249 2738 1286 2772 et
1307 2735 1454 2772 delicate
1478 2737 1666 2781 tunicatos,
1693 2737 1734 2771 ut

1077 2793 1231 2830 Gesner.
1250 2792 1528 2842 interpretatur)
1540 2795 1733 2829 vocantem

1077 2848 1275 2887 Maeotidis
1292 2848 1455 2895 accolas,
1492 2849 1624 2898 quibus
1644 2847 1733 2898 ipsis

1078 2906 1108 2943 si
1132 2906 1314 2944 accenseri
1339 2905 1423 2943 velit
1444 2905 1610 2944 Ritterus
1631 2902 1732 2953 Aga-
