1904 3304
286 803 353 849 48

413 202 499 243 376

814 198 1290 238 HERODOTI

416 309 551 367 αὐτῆς
582 310 735 364 ρ’ἑουσι
765 306 820 353 οὐ
852 311 1000 366 πολλῷ
1031 324 1110 368 τεῳ
1132 306 1326 364 ἀριθμὸν
1349 306 1579 358 ἐλάσσονες
1597 309 1686 350 τῶν

385 382 467 425 Βέν
487 381 694 438 Αἰγύπτῳ
720 378 963 435 διωρύχων.
1022 379 1121 423 ὅσοι
1151 379 1197 423 δὲ
1229 378 1499 435 ουύομαστοί
1527 378 1571 422 τέ
1605 380 1688 422 εἶσι

411 449 582 503 αὐτῶν,
635 451 708 494 καὶ
748 449 1027 505 προσπλωτοὶ
1068 446 1153 493 άπὸ
1193 449 1444 507 θαλάσσης,
1501 449 1687 501 τούτους

383 525 405 562 4
417 519 555 576 οὐνομ
562 521 689 565 ανέω.

750 520 921 575 Ἴστρος
960 520 1062 576 μὲν,
1113 519 1430 576 πεντάστομος·
1481 521 1585 577 μετὰ
1625 521 1742 573 δὲ,95

418 590 563 647 Τύρης
590 608 634 635 τε
665 593 739 636 καὶ
757 591 966 644 ‘'Tnamg,
1006 591 1082 635 καὶ
1112 591 1419 648 Βορυσθένης,
1461 593 1536 636 καὶ
1572 596 1686 636 Παν-

410 660 612 718 τικάπης,
654 665 730 707 καὶ
761 661 1024 718 Ὑπάκυρις,
1063 662 1134 706 καὶ
1169 666 1211 705 Γ
1209 660 1355 719 ε’ρῤος,
1404 664 1478 706 καὶ
1512 663 1684 715 Τάναϊς.

416 731 564 786 ῥέουσι
591 733 676 790 γάρ
706 735 795 778 οἵδε
823 732 932 778 κατὰ
962 732 1077 777 τάδε.

513 802 685 861 Ἴστρος
723 805 823 862 μὲν,
877 805 961 850 ἐῶν
1006 804 1207 861 μέγιστος
1255 808 1463 860 ποταμῶν
1511 803 1686 849 πάντων

358 996 422 1021 rae
444 983 517 1021 late
540 986 668 1034 patent
685 987 722 1021 et
739 984 787 1021 ob
806 984 1023 1022 excedentia

357 1042 455 1091 ripas
493 1052 576 1077 suas
608 1042 824 1091 plerumque
861 1042 1024 1088 flumina,

358 1108 540 1146 nusquam
574 1109 649 1134 non
679 1096 728 1134 ad
761 1096 896 1146 pabula
924 1097 1026 1135 serti-

358 1153 454 1191 les.“
492 1152 590 1190 Add.
620 1153 728 1190 Ovid.
758 1153 814 1189 Ex
832 1152 940 1191 Pont.
961 1153 1026 1200 III,

361 1213 401 1256 1,
424 1211 489 1249 20.
548 1209 670 1246 Verba
707 1205 757 1248 ου’
786 1211 918 1262 πολλῷ
951 1223 1026 1262 τεῳ

361 1265 592 1303 inveniuntur
613 1278 761 1315 quoque
781 1265 818 1312 Ι,
849 1268 928 1307 181
949 1266 1027 1302 init.

407 1319 558 1371 Ἴστρος
588 1318 684 1372 μὲν,
726 1317 1026 1372 πεντάστομος]

361 1373 639 1429 πεντάστομον
697 1378 841 1416 dixerat
897 1378 1028 1416 Istrum

360 1435 531 1485 Ephorus
572 1431 648 1485 (ap.
684 1435 858 1472 Strabon.
890 1434 960 1472 VII
989 1448 1028 1485 p.

360 1490 444 1533 305
467 1505 494 1528 S.
513 1490 595 1532 469
618 1491 662 1528 Β.
702 1491 838 1542 Ephori
859 1492 1027 1541 fragmm.

361 1561 448 1599 pag.
465 1543 579 1597 190),
600 1547 753 1596 Dionys.
773 1548 916 1597 Perieg.
932 1550 1027 1588 301.

361 1605 509 1653 Scymn.
530 1604 645 1641 Chius
675 1605 857 1653 (fragmm.
880 1617 933 1641 vs.
954 1601 1026 1655 29)

362 1664 397 1698 et
414 1661 570 1697 sortasse
593 1672 741 1709 quoque
753 1660 885 1710 Scylax
908 1659 973 1710 (cf.
989 1658 1026 1710 ξ.

362 1719 418 1758 20
438 1730 474 1766 p.
487 1719 512 1757 7
530 1716 701 1754 Hudson.
718 1717 805 1766 ibiq.
821 1716 928 1754 Voss.
950 1716 1028 1754 T.1

362 1788 398 1825 p.
419 1771 502 1813 352
530 1773 587 1809 ed.
600 1770 713 1823 Gail.)
728 1801 740 1821 ‚
767 1772 912 1810 Arrian.
933 1772 1028 1823 Exp.

362 1829 464 1867 Alex.
482 1829 536 1874 V,
558 1831 597 1875 3,
620 1830 782 1879 itemque
802 1829 901 1867 Mela
920 1831 964 1876 ΙΙ,
993 1831 1029 1877 1,

364 1887 418 1927 80
448 1885 623 1932 totidem,
654 1891 745 1936 quot
763 1886 870 1923 Nilus
899 1886 1028 1935 (quem

363 1938 637 1992 πεντάστομον
680 1942 818 1980 Noster
854 1943 943 1979 dixit
980 1942 1029 1988 ΙΙ,

365 1995 436 2049 10)
480 1999 582 2036 ostiis
614 1998 743 2036 Istrum
778 2000 815 2036 in
847 2011 946 2036 mare
975 1999 1030 2036 ef-

362 2056 479 2092 fluere
519 2055 691 2092 scribens.
753 2055 895 2106 Septem
935 2056 1029 2092 ostia

363 2116 625 2149 commemorat
654 2112 790 2149 Strabo
830 2111 854 2149 l.
888 2112 913 2151 l.
944 2125 1029 2162 pag.

363 2167 445 2209 469
469 2167 514 2216 A,
539 2169 614 2214 alii,
637 2181 729 2218 quos
746 2168 900 2206 laudant
918 2169 1032 2207 inter·

365 2228 488 2274 pretes
545 2225 594 2261 ad
643 2224 819 2262 Ammian.
866 2225 1029 2263 Marcell.

366 2280 485 2328 XXII,
520 2283 545 2321 8
574 2280 620 2317 T.
642 2280 675 2317 II
703 2293 790 2331 pag.
809 2280 891 2322 470
912 2281 1030 2330 lVag-

367 2349 443 2374 ner.
503 2336 600 2373 Hinc
635 2337 769 2374 Ovidio
814 2336 867 2387 (T
871 2338 947 2374 rist.
981 2337 1029 2384 II,

371 2391 475 2437 189)
495 2393 704 2442 septemplex
723 2397 779 2431 est
796 2394 903 2440 Ister,
921 2406 1029 2443 quem

368 2461 428 2485 sex
452 2448 660 2486 fluminibus
680 2450 717 2486 in
733 2449 890 2486 Pontum
915 2450 1031 2487 evolvi

367 2505 492 2542 scribit
528 2504 664 2543 Plinius
699 2505 747 2542 H.
778 2505 826 2542 N.
853 2506 903 2542 IV
944 2504 1032 2557 (12)

369 2560 423 2603 24
445 2559 522 2597 coll.
541 2561 657 2598 Tacit.
677 2561 851 2599 German.
876 2565 910 2602 1.
951 2561 1033 2600 Alia

369 2621 529 2655 veterum
548 2618 758 2654 testimonia
775 2619 821 2655 de
834 2618 919 2654 Istri
932 2619 1032 2656 ostiis

371 2673 569 2711 attulerunt
580 2673 785 2711 Tzschuck.
798 2674 845 2711 ad
856 2674 941 2712 Mel.
952 2675 1034 2713 Vol.

369 2729 421 2766 III
452 2729 494 2767 P.
527 2730 559 2766 II
591 2743 626 2780 p.
650 2730 704 2770 46
729 2743 806 2779 seq.
841 2730 1034 2769 Reichard.

370 2785 394 2822 Ι.
411 2784 433 2822 l.
452 2798 538 2836 pag.
551 2787 605 2826 38
625 2787 671 2823 de
691 2787 769 2823 Istri
789 2787 893 2823 ostiis
915 2788 1032 2824 (lisse-

373 2854 455 2879 rens
488 2855 530 2879 ac
564 2841 779 2881 Mannertus
808 2842 858 2880 IV
888 2856 923 2894 p.
949 2846 1030 2885 219

1081 996 1208 1034 seqq.‚
1238 984 1320 1032 alii,
1347 984 1480 1034 quibus
1506 984 1592 1020 add.
1620 983 1746 1020 Kruse

1081 1042 1119 1078 in
1151 1040 1323 1091 peculiari
1362 1041 1558 1092 scriptione
1585 1040 1633 1078 de
1663 1038 1747 1076 Istri

1082 1098 1211 1144 ostiis,
1254 1097 1447 1136 vratislav.
1493 1098 1612 1138 1820.
1671 1095 1746 1138 Qui

1081 1154 1147 1190 viri
1168 1153 1270 1190 docti
1291 1166 1335 1191 ex
1356 1158 1461 1204 parte
1490 1155 1524 1190 in
1550 1166 1595 1190 eo
1615 1150 1746 1189 elabo-

1083 1213 1230 1257 rarunt,
1267 1214 1329 1254 ut,
1368 1222 1463 1258 quae
1500 1223 1522 1247 a
1563 1208 1746 1246 veteribus

1084 1270 1416 1303 commemorantur
1441 1266 1556 1312 ostia,
1586 1277 1667 1301 cum
1692 1263 1748 1311 iis,

1085 1334 1180 1372 quae
1209 1335 1305 1359 nunc
1333 1325 1502 1369 exstant,
1540 1321 1749 1358 contende-

1084 1382 1170 1416 rent
1199 1382 1236 1416 et
1266 1378 1492 1427 singulorum
1512 1377 1748 1416 directionem

1085 1448 1302 1484 cursumque
1326 1438 1497 1473 accurate
1531 1434 1749 1472 indicarent.

1085 1491 1144 1529 De
1167 1504 1238 1540 quo
1260 1492 1296 1528 in
1314 1496 1416 1529 tanta
1436 1492 1652 1541 scriptorum
1672 1490 1750 1527 dis-

1086 1548 1256 1585 sensione
1279 1549 1435 1597 ipsaque
1452 1548 1613 1596 regionis
1637 1547 1750 1584 ostio-

1084 1617 1237 1654 rumque
1268 1617 1334 1654 per
1376 1600 1581 1654 temporum
1619 1603 1751 1640 decur-

1086 1673 1164 1698 sum
1186 1661 1411 1707 mutatione,
1442 1660 1530 1698 certi
1551 1659 1640 1708 quid
1670 1663 1749 1697 sta-

1085 1722 1211 1764 tuere,
1267 1729 1402 1766 anceps
1460 1730 1503 1754 ac
1560 1715 1749 1752 lubricum.

1085 1772 1259 1822 Namque
1287 1773 1471 1823 hodieque
1495 1773 1656 1822 quinque
1674 1771 1752 1809 Da-

1086 1831 1235 1867 nubium
1274 1830 1401 1877 ostiis,
1442 1830 1589 1866 minime
1622 1829 1751 1866 iisdem

1085 1886 1176 1930 illis,
1212 1886 1344 1935 quibus
1384 1885 1470 1922 olim
1488 1914 1500 1933 ,
1529 1885 1619 1922 mari
1649 1884 1752 1933 iungi

1085 1947 1242 1980 constat.
1270 1965 1321 1971 ——
1358 1942 1416 1980 De
1441 1941 1543 1992 Tyra
1571 1942 1682 1978 fluvio
1701 1941 1753 1978 'ac

1086 2000 1134 2037 de
1153 1999 1321 2048 reliquis,
1345 2000 1407 2048 qui
1426 1999 1484 2036 hic
1505 1999 1753 2044 nominantur,

1086 2056 1160 2093 vid.
1190 2056 1283 2092 infra
1312 2056 1384 2102 IV,
1424 2056 1476 2096 51
1501 2075 1554 2082 -
1585 2054 1638 2095 57
1664 2054 1752 2103 ibiq.

1086 2116 1180 2150 nott.
1202 2133 1257 2139 —-
1297 2111 1338 2148 ln
1361 2113 1434 2150 fine
1453 2125 1532 2162 cap.
1550 2124 1631 2148 cum
1651 2111 1752 2148 Mat-

1087 2169 1186 2206 thiae
1204 2169 1335 2206 retinui
1356 2168 1546 2206 lectionem
1566 2167 1751 2216 vulgatam

1090 2224 1228 2276 ῥέουσι
1261 2222 1335 2275 γάρ
1376 2224 1478 2269 οἵὸἐ,
1529 2224 1627 2261 cuius
1671 2221 1751 2259 loco

1088 2281 1294 2329 Schweigh.
1327 2285 1365 2318 et
1393 2281 1511 2317 Gaisf.
1553 2279 1751 2317 subStItue·

1088 2342 1172 2376 runt
1191 2336 1325 2388 ῥέουσι
1346 2334 1387 2375 δὲ
1407 2330 1529 2375 οὗτοι.

1260 2394 1323 2430 Ca
1339 2407 1374 2443 p.
1406 2391 1572 2429 XLVIII.

1136 2447 1310 2500 Ἴστρος]
1338 2450 1394 2486 Cf.
1420 2449 1474 2495 ΙΙ,
1497 2450 1562 2489 33.
1586 2447 1686 2485 Mela
1704 2448 1750 2492 ΙΙ,

1095 2510 1138 2553 1,
1170 2507 1243 2547 75;
1276 2505 1354 2552 „At
1382 2505 1463 2551 ille,
1494 2505 1555 2554 qui
1581 2505 1754 2554 Scythiae

1089 2562 1247 2614 populos
1279 2575 1300 2598 a
1332 2562 1569 2611 sequentibus
1606 2560 1753 2607 dirimit,

1090 2620 1228 2669 apertis
1264 2619 1299 2654 in
1342 2619 1541 2655 Germania
1578 2618 1754 2664 sontibus,

1092 2676 1162 2712 alio
1189 2687 1297 2724 quam
1315 2675 1447 2712 desinit
1468 2675 1616 2712 nomine
1636 2674 1755 2712 exori-

1090 2736 1161 2769 tur.
1204 2731 1300 2768 Nam
1322 2745 1387 2781 per
1408 2732 1577 2768 immania
1599 2742 1753 2780 magna-

1090 2801 1168 2825 rum
1198 2789 1360 2836 gentium
1382 2788 1444 2825 diu
1466 2787 1655 2825 Danubius
1677 2792 1751 2824 est:

1090 2844 1223 2883 deinde
1244 2844 1348 2883 aliter
1365 2844 1632 2896 appellantibus
1647 2855 1753 2881 acco-
