1904 3304
23 1571 123 1618 156

568 237 916 280 THALIA.
974 239 1039 276 111.

1342 239 1430 279 267

163 356 253 411 ὤρη
284 351 604 408 ἀπολλυμένης,
644 349 804 408 ταύτης
836 351 1001 407 χιλίους
1038 346 1171 400 τάξον
1208 345 1318 390 κατά
1350 345 1430 398 τάς

163 425 430 481 Σεμιράμιος
487 424 750 480 καλεομένας

162 496 247 541 α’πὸ
298 501 375 552 τῆς
415 494 595 552 δεκάτης
637 495 678 547 ἐς
719 495 933 551 ἑβδόμην,

807 421 976 472 πύλας·
1031 419 1137 477 μετά
1193 418 1238 462 δὲ
1289 414 1425 470 αὖτις,
1443 424 1487 458 55

975 491 1134 542 ἄλλους
1180 507 1256 547 μοι
1302 490 1434 542 τάξον

161 569 396 624 δισχιλίους
421 567 529 610 κατὰ
558 567 633 617 τὰς
651 568 821 609 Νινίων
855 564 1120 620 καλεομένας
1148 562 1309 613 πύλας·
1342 560 1429 605 άπὸ

162 640 207 683 δὲ
236 643 310 695 τῆς
340 638 527 696 ἑβδόμης
559 640 794 682 διαλείπειν
832 639 968 680 εἴκοσι
996 633 1179 691 ἡμέρας,
1209 635 1282 677 καὶ
1320 633 1432 677 ἔπει-

160 727 214 754 τα
263 710 423 762 ἄλλους
463 709 668 763 κάτισον,
692 698 695 703 ’
718 707 894 765 ἀγαγών
936 705 1044 749 κατὰ
1085 705 1161 756 τὰς
1200 706 1490 748 Χαλδαίων60

133 780 430 837 7καλεομένας
472 780 636 833 πύλας,
686 780 1062 834 τετρακισχιλίους.

163 852 268 908 μήτε
319 869 362 896 οι
399 853 606 909 πρότεροι
652 849 788 908 μηδεν

827 866 915 894 των
963 864 1278 902 αμυυθυνϊωυ,
1327 865 1433 905 μηῖδ

138 919 316 975 ὃοῦτοι,
347 925 459 981 πλὴν
489 925 771 980 ἐγχειριδίων·
800 925 932 965 τοῦτο
964 919 1009 962 δὲ
1040 920 1117 962 ἐᾶν
1147 919 1268 974 εχειν.
1325 919 1433 975 μετὰ

164 996 210 1039 δε
250 996 329 1052 τήν
378 997 575 1053 εἰκοστὴν
624 994 816 1051 ἡμέρην,

165 1066 373 1123 στρατιὴν
412 1066 605 1111 κελεύειν
644 1066 767 1120 πέριξ

868 992 996 1042 ἰθέως
1043 1007 1124 1046 την
1172 1007 1251 1045 μεν
1299 989 1435 1047 ἄλλην

808 1064 1100 1121 προσβάλλειν
1129 1063 1239 1117 πρός
1267 1062 1317 1106 τό
1346 1068 1434 1106 τεῖ-

164 1155 258 1194 χος,
291 1139 462 1194 Πέρσας
493 1141 539 1183 δέ
569 1156 644 1196 μοι
673 1137 804 1190 τάξον
833 1135 942 1180 κατά
972 1152 1016 1179 τε
1046 1134 1124 1186 τοὶς
1154 1136 1343 1190 Βηλίδας
1363 1150 1435 1176 κα-
1448 1140 1493 1175 65

136 1209 377 1265 9λεομένας
413 1211 552 1261 πύλας
594 1210 668 1254 καὶ
700 1210 893 1259 Κισσίας.

956 1205 1014 1258 ὥς
1042 1206 1128 1263 γάρ
1164 1204 1246 1262 ἐγώ
1285 1206 1436 1259 δοκέω,

166 1281 266 1337 ἐμέο
302 1281 466 1338 μεγάλα
511 1283 614 1338 ἔργα
649 1279 998 1336 ἀποδεξαμένου,
1038 1278 1092 1321 τά
1131 1295 1175 1321 τε
1207 1277 1316 1321 ἄλλα
1352 1278 1440 1320 ἐπι-

167 1352 410 1407 τράψονται
448 1353 544 1408 ἐμοὶ
584 1351 882 1408 Βαβυλώνιοι,
923 1352 997 1395 καὶ
1035 1350 1088 1406 δὴ
1128 1351 1201 1393 καὶ
1238 1353 1328 1393 τῶν
1356 1365 1443 1392 πυ-

169 1425 280 1467 λέων
324 1423 401 1476 τάς
448 1423 742 1480 βαλανάγρας.

811 1422 859 1466 τό
905 1421 949 1466 δ’
994 1421 1225 1475 ἐνθεῦτεν,
1266 1420 1362 1476 ἐμοί
1399 1424 1501 1463 τε70

168 1497 242 1540 καὶ
273 1496 469 1552 Πέρσῃσι
498 1494 671 1552 μελήσει
703 1493 757 1537 τὰ
787 1497 856 1538 δεῖ
881 1493 1088 1537 ποιέειν.“

287 1572 437 1611 Ταῦτα
476 1567 772 1621 ἐντειλάμενος
781 1600 792 1619 ,

169 1637 483 1696 στρεφόμενος,
525 1638 585 1690 ὥς
618 1638 671 1695 δή
701 1636 901 1694 ἀληθέως
930 1636 1184 1693 αὐτόμολος.

113 1805 155 1842 In
192 1805 357 1855 proxime
386 1817 491 1854 seqq.
543 1801 642 1842 κατά
679 1802 777 1841 valet

111 1875 240 1912 prope,
274 1861 345 1908 ad,
369 1867 409 1898 ut
437 1861 484 1907 11,
516 1863 616 1908 121,
647 1860 686 1906 4,
717 1860 777 1897 ubi

116 1919 201 1964 vid,
221 1918 277 1955 vel
300 1930 342 1954 ex
360 1918 516 1964 adverso,
537 1931 553 1954 e
570 1920 720 1966 regione,
740 1921 778 1954 ut

118 1975 147 2020 1,
169 1976 236 2020 76,
266 1974 326 2010 ubi
352 1975 426 2011 vid.
443 1997 499 2001 —
528 1974 586 2011 De
606 1975 685 2024 ipso
707 1975 778 2010 situ

118 2036 307 2081 portarum
329 2031 371 2068 cf.
393 2035 488 2068 nott.
507 2032 555 2067 ad
573 2030 635 2077 ΠΙ,
658 2031 749 2071 158.

177 2087 406 2137 διαλείπειν]
426 2088 481 2124 Ita
497 2099 562 2136 pro
583 2086 680 2135 vulg.
695 2088 781 2124 δια-

118 2139 248 2181 λιπών
267 2156 287 2180 e
305 2145 422 2180 tribus
442 2143 542 2181 libris
563 2143 780 2179 adscivimus

118 2213 197 2237 cum
227 2200 433 2249 Schweigh.
472 2205 509 2237 et
542 2200 679 2245 Gaisf.;
717 2199 782 2236 ubi

119 2257 334 2293 infinitivum
357 2270 423 2306 pro
448 2257 660 2306 imperativo
689 2257 781 2293 acci-

120 2314 205 2364 pio,
239 2318 278 2350 ut
310 2313 384 2360 111,
429 2313 530 2357 134,
563 2325 781 2361 quamquam

120 2371 254 2414 fateor,
285 2370 366 2406 duri
388 2371 478 2419 quid
505 2370 591 2406 mihi
609 2369 722 2406 videri
745 2369 782 2405 in

121 2439 166 2463 eo
187 2427 317 2464 inesse.
375 2426 428 2464 Ac
455 2422 650 2465 διαλιπών
675 2438 782 2475 repe-

122 2484 211 2519 ritur
229 2496 312 2520 mox
339 2482 411 2531 Ill,
443 2484 533 2524 157.
553 2503 604 2510 ——
627 2482 686 2519 Ad
706 2483 781 2518 for-

123 2551 215 2575 mam
228 2535 398 2589 ἒχόντων
410 2541 455 2577 cf.
468 2539 496 2586 l,
509 2541 560 2580 89
570 2535 780 2591 λεγόντων.

180 2597 260 2632 τῶν
268 2594 424 2635 πυλέων
433 2593 502 2643 τάς
512 2592 780 2647 βαλανάγρας]

124 2650 184 2688 Ad
223 2664 346 2689 vocem
383 2649 636 2705 βαλανάγρα,
687 2665 783 2702 quae

125 2709 232 2745 etiam
273 2710 418 2746 omnino
465 2711 600 2748 indicat
639 2710 782 2755 clavem,

126 2765 310 2811 claustra,
341 2767 539 2803 tenendum
562 2771 631 2813 est,
664 2763 784 2816 βάλα-

128 2836 199 2859 νον
222 2821 292 2857 dici
314 2833 438 2858 cavam
459 2823 553 2859 intus
569 2823 784 2861 cochleatim

128 2878 301 2926 striatam,
330 2891 425 2927 quae
447 2879 483 2915 in
502 2880 665 2917 foramen
682 2893 785 2917 serae

832 1565 897 1622 ἤϊε
935 1565 1003 1608 ἐπὶ
1045 1564 1123 1615 τὰς
1160 1563 1319 1615 πύλας·
1359 1562 1445 1607 ἐπι-

834 1799 935 1853 (τήν
966 1796 1264 1853 βαλανοδόκη-υ)
1297 1798 1500 1836 descende-

833 1861 909 1906 bat,
937 1864 975 1896 et
994 1864 1072 1896 tota
1089 1860 1185 1895 intra
1205 1858 1243 1894 id
1260 1857 1430 1892 immersa
1447 1854 1501 1891 la·-

834 1917 947 1955 tebat.
995 1916 1077 1952 Hoc
1098 1916 1208 1952 modo
1233 1913 1380 1951 clausae
1401 1913 1500 1948 fores

835 1975 865 2010 si
887 1973 1108 2023 aperiendae
1133 1976 1240 2009 erant
1255 1998 1266 2017 ‚
1293 1969 1500 2006 adhibeba-

834 2035 892 2067 tur
923 2025 1176 2080 βαλανάγρα,
1208 2039 1303 2076 quae
1335 2027 1373 2062 in
1401 2025 1500 2062 idem

835 2088 1000 2123 foramen
1026 2085 1288 2122 demittebatur
1313 2086 1349 2119 et
1366 2093 1502 2118 conve-

838 2143 960 2179 niebat
980 2143 1015 2178 in
1039 2154 1164 2178 cavum
1188 2134 1382 2191 βαλάνου,
1402 2150 1502 2174 eam-

838 2212 910 2247 que
937 2198 1159 2245 attrahebat.
1219 2196 1276 2232 lta
1301 2194 1501 2231 Salmasius

838 2255 1015 2294 Exercitt.
1044 2254 1137 2291 Plin.
1166 2267 1202 2304 p.
1223 2252 1316 2293 650.
1352 2251 1412 2289 Tu
1430 2251 1503 2287 vid.

839 2311 1005 2349 Aene1m
1026 2310 1167 2347 Tactic.
1196 2311 1245 2350 18
1266 2309 1353 2358 ibiq.
1376 2307 1503 2345 Inter-

838 2373 972 2420 preteS.
1004 2381 1040 2418 p.
1067 2369 1147 2409 178
1191 2365 1304 2403 orell.
1349 2369 1385 2402 et
1414 2365 1506 2402 ima-

839 2427 962 2474 ginem
992 2419 1245 2475 βαλανάγρας
1271 2422 1343 2459 illic
1367 2422 1505 2459 exhibi-

839 2487 927 2519 tam.
938 2503 994 2508 —
1015 2482 1055 2518 ln
1076 2481 1149 2518 fine
1161 2480 1283 2530 recepi
1297 2493 1345 2517 τα
1359 2478 1422 2518 δεῖ
1435 2490 1505 2529 pro

838 2554 887 2578 τα
912 2536 954 2578 δὲ
975 2551 1053 2575 cum
1072 2550 1144 2575 rec.
1170 2538 1229 2575 ed.

1038 2595 1146 2644 Cap.
1176 2592 1305 2631 CLVI.

897 2648 1259 2702 ἐπιστρεφόμενος]
1327 2647 1507 2686 Reddunt

839 2708 970 2758 vulgo:
1010 2708 1158 2745 subinde
1185 2721 1220 2744 se
1249 2709 1446 2743 convertens
1472 2708 1505 2740 et

840 2769 931 2802 retro
953 2769 1134 2816 spectans,
1165 2778 1208 2801 ac
1227 2766 1260 2802 si
1277 2776 1399 2800 revera
1420 2764 1507 2798 esset

842 2823 1054 2873 transfuga,
1085 2836 1113 2859 s.
1142 2820 1372 2871 transfugam
1397 2821 1504 2855 simu-

842 2880 933 2916 lans.
993 2878 1043 2917 Et
1068 2879 1104 2916 in
1130 2891 1214 2917 eum
1240 2890 1388 2916 sensum
1413 2874 1504 2912 Gal-

1148 776 1336 832 ἐχόντων
1386 776 1432 820 δὲ
1490 780 1572 818 277

1525 1568 1694 1602 Transsunt
1685 1576 1746 1595 uum

1246 1634 1445 1690 ὁρεοντες
1500 1591 1689 1671 ξγὶιίιὶιιίιοο.ἱιῌᾱ
1717 1602 1778 1630 Ba
