1904 3304
407 174 492 214 200

409 280 484 325 καὶ
512 279 562 325 τὸ
591 280 670 337 μὲν
699 279 811 324 δασύ
841 284 930 324 τῶν
957 279 1122 325 τέκνων
1148 282 1196 326 ἐν
1225 285 1279 338 τῇ
1306 283 1483 340 γαστρί·

796 172 1260 213 HERODOTI

1538 282 1586 327 τὸ
1618 283 1677 335 δὲ,

409 350 564 404 ψιλόν·
602 351 651 395 τὸ
683 352 752 403 δὲ,
792 350 889 406 ἄρτι
919 351 966 394 ἐν
994 356 1093 408 τῇσι
1119 352 1306 410 μήτρῃσι
1335 353 1590 397 πλάσσεται·
1630 354 1736 398 τό65

381 423 483 475 4δὲ,
523 421 780 477 ἀναιρέεται.
835 426 966 466 τοῦτο
1004 423 1084 478 μὲν
1120 424 1174 479 δὴ
1214 423 1388 467 τοιοῦτό
1418 424 1518 468 ἐστι.

1575 423 1679 480 ἡδὲ

411 493 465 549 δὴ
493 493 663 545 λέαινα,
703 491 778 535 ἐὸν
807 493 1094 549 ἰσχυρότατον
1122 495 1196 538 καὶ
1224 494 1528 549 θρασύτατον,
1568 495 1679 549 ἅπαξ

409 564 457 607 ἐν
474 568 534 623 τῷ
555 566 637 621 βίῳ
670 565 801 606 τίκτει
831 563 899 606 ἕν·
936 566 1145 609 τίκτουσα
1173 563 1280 621 γὰρ,
1312 565 1593 621 συνεκβάλλει
1619 571 1681 625 τῷ

382 634 549 692 5τὲκνῳ
578 633 657 685 τοὶς
686 634 863 690 μήτρας.

921 636 969 679 zo*
1002 636 1048 680 δὲ
1079 639 1221 680 αἴτιον
1250 635 1410 679 τούτου
1439 636 1538 680 τόδε
1569 638 1737 682 ἐστί·70

411 704 542 749 ἐπεάν
563 703 586 748 ὁ
607 704 799 761 σκύμνος
828 705 876 749 ἐν
904 710 958 764 τῇ
986 707 1123 765 μήτρῃ
1146 706 1230 751 ἐών
1259 706 1439 762 ἄρχηται
1469 709 1680 753 διακινεό-

410 793 561 833 μενος,
601 775 624 820 ὁ
657 776 724 829 δὲ,
762 777 871 832 ἔχων
908 777 1068 834 ὄνυχας
1104 779 1277 834 θηρίων
1313 777 1478 822 πολλόν
1507 779 1681 824 πάντων

411 845 674 900 ὀξυτάτους,
707 847 893 905 ἀμύσσει
920 848 996 900 τὰς
1017 849 1203 905 μήτρας·
1243 847 1540 906 αὕξανόμενός
1559 867 1603 894 τε
1627 851 1680 907 δή

411 922 560 979 πολλῷ
587 923 754 975 μᾶλλον
784 919 1018 964 ἐσικνέεται
1046 918 1365 977 καταγνάφων·
1407 919 1538 973 πέλας
1555 937 1599 965 τε
1630 922 1684 979 δὴ

355 1111 465 1147 simus
478 1109 676 1155 Leuckart‚
697 1108 782 1146 inde
802 1108 1019 1158 repetenda,

356 1168 457 1216 quod
477 1167 579 1217 lepus
601 1165 780 1215 duplicem
802 1165 913 1202 habet
937 1170 1018 1202 ute-

357 1237 450 1269 rum,
479 1223 527 1259 ita
552 1227 593 1259 ut
612 1222 761 1267 semina,
793 1221 821 1258 si
844 1222 915 1257 iam
934 1233 1020 1270 gra-

358 1280 443 1317 vida
462 1279 523 1326 sit,
542 1279 664 1316 denuo
683 1289 807 1314 semen
828 1277 1020 1327 concipere

359 1349 478 1385 eoque
490 1335 600 1372 modo
618 1346 641 1370 a
658 1334 819 1385 pluribus
839 1334 943 1371 simul
961 1346 1022 1369 su-

354 1393 562 1442 persoetare
580 1391 710 1442 possit.
737 1390 844 1427 Conf.
865 1389 1020 1439 Allgem.

355 1450 454 1486 Hist.
475 1448 508 1485 d.
533 1447 653 1485 Natur
675 1446 717 1483 P.
740 1446 789 1482 111
810 1445 857 1484 Τ.
878 1446 909 1482 ll
934 1459 1020 1497 pag.

359 1505 435 1546 141
469 1503 623 1554 (Hamb.
644 1507 682 1541 et
698 1502 799 1552 Lips.
823 1504 942 1544 1757.
966 1500 1020 1553 4).

355 1561 483 1610 Itaque
521 1564 620 1598 recte
654 1559 773 1596 Linne
801 1559 837 1594 in
874 1563 1023 1606 s3stem.

358 1622 475 1654 natur.
495 1617 511 1653 I
540 1629 625 1666 pag.
658 1618 733 1656 161
772 1615 829 1652 ed.
862 1614 1021 1651 Gmelin.

357 1673 503 1711 scribit:
533 1673 766 1719 „immensus
796 1671 864 1719 (se.
898 1670 1021 1721 lepus)

355 1730 596 1780 parturitione
613 1741 679 1778 per
694 1733 807 1765 totam
830 1731 1021 1775 aestatem,

355 1786 668 1837 supersoetatione
688 1784 784 1821 haud
805 1785 925 1820 rara.“

413 1837 650 1892 ἀναιρέεται]
683 1841 705 1877 i.
726 1854 757 1878 e.
779 1842 939 1891 concipit.
959 1839 1018 1876 Cf.

358 1898 512 1936 Cattier.
544 1896 748 1947 Gazophyl.
780 1910 866 1947 pag.
901 1898 955 1937 70
985 1900 1022 1932 et

354 1955 536 1992 Herodot.
555 1953 616 1992 Vl.
631 1956 695 1995 69.
729 1954 938 1990 Athenaeus
959 1951 980 1988 l.
997 1951 1017 1988 l.

354 2009 632 2062 ε’παναίρεται,
682 2009 894 2046 Eustathius
934 2009 954 2045 l.
996 2008 1019 2048 l.

355 2066 649 2118 ἐπαναιρέεται,
680 2067 782 2115 quod
819 2065 870 2102 sic
904 2064 1020 2115 expli-

357 2130 437 2162 eat:
491 2118 801 2173 ἐπιλαμβάνεται
846 2120 914 2160 καὶ
954 2119 1020 2161 ἐπὶ

351 2185 435 2227 τοῖς
483 2176 562 2232 πρό
607 2175 733 2218 αὐτοῦ
772 2176 1019 2228 τελεωτέροις

352 2233 531 2287 κυήμασι
554 2237 825 2286 σπερματικῶς
850 2237 1018 2284 συλλαμ-

354 2290 528 2344 βάνεται.
587 2292 784 2329 Salmasius
821 2292 857 2327 in
902 2291 1018 2327 Solin.

355 2363 444 2400 pag.
474 2350 554 2390 283
588 2348 802 2385 Herodotea
830 2360 912 2384 cum
944 2346 1019 2383 Pli-

355 2406 472 2442 nianis
504 2416 729 2454 comparans,
760 2403 945 2453 praeferre
966 2402 1019 2438 vi-

356 2463 466 2499 detur
499 2459 598 2499 ἐῑταν
603 2460 763 2510 αι’ρεται.
831 2459 908 2495 Sed
943 2458 1020 2495 iure

354 2518 439 2566 vulg
443 2522 539 2553 'itum
560 2498 680 2553 tuetur
705 2515 879 2552 Valcken.

413 2572 442 2624 ἦ
464 2571 506 2611 δὲ
528 2569 577 2621 Or]
599 2570 736 2610 λέαινα
764 2591 815 2598 ——
848 2566 954 2617 α’παξ
978 2569 1020 2609 ἔν

356 2632 412 2669 τῶ
434 2629 508 2683 βίῳ
532 2629 651 2667 τίκτει
677 2627 717 2666 ἓί
729 2627 742 2677 ]
776 2627 914 2663 Eadem
944 2626 1021 2663 An-

356 2673 409 2736 ti}³
397 2700 470 2723 on.
502 2686 644 2734 Cary.st
673 2684 725 2724 25
757 2687 792 2720 et
815 2682 855 2719 A.
881 2682 1019 2719 Gdlius

358 2743 408 2781 N.
427 2743 502 2779 Att.
523 2742 680 2787 Xlll,1,
707 2737 1019 2784 n‹›t·111tevalck.,

360 2800 421 2850 qui
440 2797 708 2836 omniahancin
726 2808 802 2833 rem
814 2808 834 2832 a
850 2794 1018 2832 Bochart.

1077 1108 1285 1146 Hierozoic.
1304 1108 1318 1146 l
1338 1108 1419 1146 Lib.
1437 1109 1485 1146 111
1509 1122 1588 1160 cap.
1604 1113 1630 1151 2
1653 1123 1741 1148 con-

1078 1169 1185 1214 gesta
1215 1178 1296 1203 esse
1319 1165 1420 1202 dicit.
1478 1165 1588 1203 Falsa
1619 1172 1740 1205 autem

1079 1234 1173 1268 esse,
1189 1234 1282 1270 quae
1293 1221 1505 1258 Herodotus
1523 1223 1658 1269 scribit,
1672 1224 1741 1261 du-

1079 1278 1166 1314 dum
1200 1277 1339 1314 monuit
1367 1276 1581 1316 Aristoteles
1617 1279 1666 1318 H.
1695 1280 1740 1318 A.

1078 1334 1142 1381 Vl,
1164 1335 1213 1374 31
1244 1338 1471 1383 monentque
1498 1339 1650 1373 naturae
1678 1350 1742 1374 cu-

1077 1390 1164 1427 riosi
1196 1390 1323 1427 nostra
1354 1395 1488 1428 aetate.
1564 1391 1625 1429 Ne
1654 1405 1740 1431 vero

1079 1447 1160 1495 quis
1180 1446 1386 1493 Herodoto,
1397 1448 1458 1496 qui
1476 1446 1655 1486 Arabibus
1675 1462 1742 1487 sua

1079 1503 1234 1549 debeat,
1272 1503 1550 1541 obtrectandum
1579 1510 1739 1552 censeat,

1078 1558 1218 1596 Arabes
1237 1559 1335 1609 ipsos
1366 1572 1446 1597 eam
1474 1561 1634 1598 tenuisse
1661 1562 1742 1612 opi-

1078 1616 1245 1661 nionem,
1276 1616 1347 1664 qua
1368 1615 1497 1653 leaena
1523 1617 1634 1655 semel
1658 1622 1742 1655 tan-

1078 1676 1153 1708 tum
1174 1685 1285 1708 unum
1307 1676 1371 1709 aut
1389 1672 1438 1709 ad
1457 1673 1650 1711 maximum
1667 1676 1741 1712 duo

1076 1733 1183 1765 natos
1220 1740 1350 1778 parere
1381 1729 1667 1778 existimaretur,
1698 1743 1742 1768 ex

1077 1797 1149 1820 una
1181 1783 1383 1821 Locmanni
1422 1786 1544 1822 sabula
1580 1788 1741 1836 quadam

1076 1841 1213 1891 optime
1227 1840 1742 1892 intelligitur.Semelquotan-

1078 1898 1134 1933 nis
1166 1897 1294 1934 leaena
1325 1910 1439 1935 verno
1470 1903 1635 1949 tempore
1671 1912 1741 1950 pa-

1078 1954 1138 2000 rit,
1169 1958 1208 1990 ut
1226 1958 1324 1991 recte
1348 1955 1461 1992 tradit
1478 1955 1690 1994 Aristoteles
1717 1956 1740 1993 l.

1077 2009 1123 2057 l.,
1155 2023 1309 2059 quocum
1336 2012 1430 2047 conf.
1459 2011 1613 2060 Allgem.
1646 2012 1740 2049 Hist.

1078 2067 1115 2102 d.
1136 2066 1223 2103 Nat.
1246 2066 1286 2103 P.
1309 2067 1340 2103 V
1359 2067 1406 2104 T.
1428 2067 1443 2103 Ι
1474 2080 1561 2117 pag.
1583 2071 1645 2112 12.
1690 2068 1742 2106 Et

1076 2123 1292 2173 plerumque
1333 2135 1444 2160 unum
1485 2125 1596 2161 modo
1631 2126 1740 2174 parit,

1078 2192 1299 2228 quamquam
1328 2179 1474 2216 Parisiis
1507 2193 1616 2218 unam
1645 2180 1742 2218 leae-

1077 2248 1161 2272 nam
1195 2239 1250 2272 ter
1279 2235 1409 2272 (30de
1433 2248 1528 2273 anno
1555 2238 1741 2287 peperisse

1076 2305 1120 2329 ex
1139 2291 1235 2328 Mus.
1256 2291 1390 2328 d'Hist.
1416 2296 1490 2328 nat.
1512 2293 1599 2330 fasc.
1624 2293 1655 2329 ll
1675 2294 1741 2331 ad-

1076 2351 1181 2386 notat
1200 2348 1248 2383 ad
1270 2347 1304 2383 h.
1326 2346 1348 2383 l.
1371 2348 1575 2397 Schweigh.

1135 2399 1387 2454 συνεκβάλλει
1408 2426 1460 2431 -
1481 2402 1550 2451 τοὶς
1569 2401 1736 2457 μήτρας]

1077 2460 1183 2497 Haec
1224 2472 1370 2508 quoque
1402 2461 1530 2498 fabulis
1563 2463 1739 2501 adnume-

1079 2516 1194 2552 randa
1220 2528 1302 2552 esse
1323 2516 1430 2553 docet
1457 2517 1641 2556 Aristotel.
1669 2519 1692 2556 l.
1715 2519 1739 2557 l.

1134 2569 1346 2609 ἐσικνέεται
1368 2570 1653 2626 καταγνάφων]
1683 2576 1740 2612 Ita

1077 2641 1155 2664 cum
1185 2628 1390 2676 Scliweigli.
1425 2635 1460 2666 et
1489 2631 1606 2668 Guisf.
1638 2631 1739 2669 exhi-

1076 2684 1150 2730 bui,
1174 2684 1309 2720 ‹ludum
1333 2686 1383 2721 sic
1401 2685 1550 2725 iubente
1574 2687 1743 2735 Wessel.,

1076 2753 1142 2788 pro
1164 2738 1394 2788 ἐπικνέεται,
1429 2742 1548 2791 (quod
1572 2744 1736 2782 meliores

1076 2795 1156 2833 libri
1176 2801 1370 2848 respuunt)
1381 2795 1662 2854 καταγράφων,
1675 2813 1737 2838 cu-

1743 712 1828 754 252
