1904 3304
343 283 399 322 28
732 277 1203 317 HERODOTI

8 391 189 426 ‘sbannyras
200 390 281 418 Inari

8 425 41 452 F.
84 428 115 452 et
150 425 282 452 Pausiris

8 459 160 494 Amyrtnei
180 458 212 485 F.
236 467 283 485 rc-

7 492 284 553 ssfi‡.¹r::‚²³;⁰3³2⁵f2

6 534 54 586 per
76 534 220 595 Aegy’pti:
245 559 282 586 ab

5 601 33 620 n.
55 593 116 621 ⁴5⁸.

339 393 628 446 πρηγμονεῖν,
674 388 858 444 ἀπέλαβε
898 387 954 430 ἂν
989 388 1233 442 Αἴγυπτον,
1284 384 1391 429 ὥστε
1429 387 1604 442 ἐπιτροκ

341 460 489 505 πεύειν
520 459 662 515 αὐτῆς.
722 459 811 501 ἐπεὶ
846 462 976 513 τιμᾶν
1014 456 1178 502 ἐώθασι
1210 457 1378 512 Πέρσαι
1413 463 1501 500 τῶν
1531 461 1605 514 βα·

342 532 497 576 σιλέων
526 530 630 582 τούς
659 533 840 582 παῖδας·
890 533 995 581 τῶν,
1025 529 1083 586 ἢν
1113 530 1184 573 καί
1215 540 1364 585 σφεων
1393 527 1605 572 ἀποστέω-

340 615 404 654 σι,
434 602 551 659 ὅμως
580 605 693 646 τοῖσί
720 619 767 658 γε
797 602 921 645 παισὶ
952 601 1099 646 αὐτῶν
1129 599 1392 644 ἀποδιδοῦσι
1422 599 1501 657 τὴν
1532 599 1607 654 ἀρ-

310 673 434 731 3χήν.
479 678 679 717 πολλοῖσι
709 673 788 729 μέν
816 690 900 716 νυν
929 673 1002 716 καὶ
1032 671 1202 716 ἄλλοισι
1233 672 1322 716 ἔστι
1352 670 1608 726 σταθμώσα-
1620 678 1664 711 80

341 751 467 797 σθαι,
498 745 566 789 ὅτι
594 749 724 788 τοῦτο
753 743 869 788 οὕτω
901 746 1156 800 νενομίκασι
1186 743 1374 787 ποιέειν·
1417 743 1463 787 ἐν
1483 743 1527 786 δὲ
1551 741 1605 798 δή

339 817 412 861 καὶ
449 818 577 874 τῷδε,
621 821 682 874 τῷ
713 818 878 873 Λίβυος
912 814 1065 871 Ἰνάρω
1102 816 1226 859 παιδὶ
1268 812 1501 870 Θαννύρᾳ,
1558 812 1608 864 ὃς

342 887 528 945 ἀπέλαβε
558 886 637 944 τήν
667 889 711 931 οἱ
741 886 764 931 ὁ
796 887 938 944 πατήρ
967 885 1049 944 εἶχε
1080 885 1241 945 ἀρχήν·
1283 887 1357 931 καὶ
1375 890 1434 944 τῷ
1454 884 1609 940 ’Am-

285 1042 585 1092 terpretationem
601 1045 674 1078 tam
690 1042 818 1078 duram
836 1053 944 1089 quam

284 1100 450 1135 vitiosam
473 1098 600 1135 merito
627 1098 763 1135 iudicat
788 1097 945 1134 iVerser.

288 1156 323 1192 in
360 1155 455 1191 Actt.
480 1154 579 1204 phin.
612 1154 819 1191 Monacc.l
858 1166 944 1203 pag.

289 1214 390 1257 1063
421 1224 505 1248 nam
526 1210 661 1258 nuuibi,
681 1215 856 1260 quantum
878 1211 947 1246 sci-

286 1281 378 1315 mus,
409 1267 465 1304 hic
489 1268 643 1304 aoristus
665 1268 764 1304 verbi
791 1266 944 1305 ἐπίστα-

283 1339 354 1375 μαι
390 1324 532 1374 passiva
564 1324 745 1360 invenitur
781 1324 943 1359 notione.

283 1381 409 1424 Quare
440 1380 627 1417 W'erserus
659 1380 812 1415 activam
842 1378 944 1415 verbi

283 1438 468 1473 notionem
491 1440 634 1482 tenens,
654 1436 770 1472 locum
789 1436 841 1472 sic
861 1435 944 1472 red-

282 1493 354 1529 dit:
386 1494 419 1529 sz'
445 1496 561 1529 autem
591 1494 747 1529 scivisset
774 1505 840 1528 mm
872 1504 944 1527 mo-

282 1550 345 1586 liri
365 1562 417 1585 res
440 1562 557 1586 novas.
617 1549 727 1592 Quod
751 1548 835 1585 mihi
865 1548 945 1596 qni-

284 1607 368 1643 dem
394 1619 511 1655 aeque
535 1606 666 1641 durum
689 1618 768 1642 esse
788 1606 944 1652 videtur,

282 1666 325 1698 ut
363 1662 483 1698 malim
513 1663 632 1698 facere
663 1675 743 1698 cum
776 1661 824 1697 H.
859 1661 944 1698 Ste-

282 1719 405 1769 phano
427 1719 476 1765 (in
497 1718 610 1755 Thes.
630 1717 672 1753 L.
694 1719 759 1754 Gr.
781 1718 829 1754 ΙΙΙ
857 1730 942 1766 pag.

286 1774 382 1822 140)
425 1779 463 1811 et
493 1774 723 1821 Sduveigh„
754 1775 816 1823 qui
850 1770 942 1823 ηἠι-

287 1826 418 1881 στήθη
446 1843 466 1867 a
489 1831 601 1867 verbo
631 1827 799 1869 α’,τιστέω
829 1832 945 1868 dedu-

286 1892 389 1934 cunt,
420 1900 574 1936 eumque
602 1888 677 1924 sere
700 1888 766 1923 loci
798 1900 944 1924 sensum

287 1957 369 1981 esse
388 1943 530 1980 volunt:
562 1945 633 1979 m'si
656 1944 823 1981 creditum
847 1948 944 1989 esset,

285 2013 362 2037 eum
390 2013 442 2035 res
467 2013 575 2036 novas
595 2000 711 2037 moliri
731 2014 758 2037 s.
791 2003 852 2050 qui
878 2002 949 2037 nisi

287 2061 477 2105 compertus
491 2057 644 2106 suisset,
675 2070 727 2093 res
746 2071 852 2093 novas
874 2071 945 2094 mo-

285 2113 358 2158 liri,
381 2113 579 2163 Aegyptum
598 2116 817 2163 recepisset.“
856 2115 946 2151 Par-

284 2169 393 2206 ticnla
415 2168 468 2220 μή
494 2175 579 2207 ante
601 2173 947 2223 πολυπραγμονεῖν

284 2227 414 2263 eodem
435 2227 544 2262 modo
571 2228 713 2276 posita,
750 2241 822 2276 quo
843 2228 869 2271 l,
892 2230 945 2268 68

282 2283 361 2328 fin.,
381 2282 439 2318 nbi
458 2283 530 2318 vid.
545 2288 634 2319 nott.
651 2283 818 2331 Schwgh.
840 2297 947 2333 prae-

281 2343 382 2376 terea
400 2338 487 2374 citat
501 2338 667 2386 Thucyd.
683 2339 709 2387 !‚
725 2342 784 2379 10.
799 2339 841 2385 11,
856 2342 945 2379 101.

337 2390 398 2444 ’ἢν
436 2394 519 2431 καί
550 2409 684 2443 σφεων
711 2391 944 2444 α’ποστέωσι]

281 2449 401 2498 Vulgo
434 2450 475 2488 εἰ
509 2449 595 2497 καὶ,
630 2452 728 2487 cuins
760 2451 836 2487 loco
866 2465 945 2488 cnm

282 2506 484 2555 Schweigh.
517 2511 553 2543 et
592 2508 707 2543 Gaisf.
737 2507 899 2557 pluribus
926 2522 946 2545 e

281 2562 380 2599 libris
425 2563 625 2612 recepimus
665 2559 726 2612 ἦν
767 2563 835 2601 καί
878 2576 943 2612 σφ.

284 2619 405 2668 pronti
436 2632 581 2668 quoque
603 2619 714 2656 voluit
737 2619 892 2657 W'erser.
923 2620 944 2657 l.

285 2674 306 2711 l.
329 2688 412 2724 pag.
434 2675 535 2721 235,
565 2675 775 2725 particulam
798 2676 832 2714 εἰ
859 2690 946 2713 con-

285 2731 444 2767 iunetivo
473 2732 571 2780 apud
593 2732 825 2769 Herodotum
847 2733 947 2781 iungi

285 2799 436 2835 negans.
469 2788 525 2824 Cs.
541 2788 668 2825 Matth.
690 2789 754 2825 Gr.
771 2789 835 2825 Gr.
861 2802 946 2839 pag.

290 2845 396 2884 1020
417 2856 493 2892 seq.

343 2897 386 2938 ἐν
397 2897 440 2938 δὲ
461 2895 511 2951 δή
531 2898 598 2939 καὶ
616 2900 727 2953 τῷδε]
759 2896 808 2952 δή
827 2914 848 2938 a
869 2900 948 2951 plu-

1002 1040 1100 1077 ribus
1129 1042 1233 1078 abest
1268 1040 1367 1078 libris
1402 1036 1556 1087 scriptiS.
1606 1035 1666 1072 Cf.

1003 1097 1050 1143 ll,
1080 1096 1145 1138 43.
1177 1098 1259 1134 Hoc
1287 1097 1367 1134 loco
1397 1094 1505 1132 nolim
1536 1093 1665 1130 eiicere

1002 1153 1244 1191 voculam.-
1268 1153 1381 1190 Paulo
1402 1154 1488 1188 ante
1510 1148 1665 1199 νενομί-

1002 1221 1093 1248 κασι
1125 1210 1244 1247 vaiet:
1274 1213 1311 1246 in
1339 1223 1403 1246 usu
1436 1207 1581 1252 habent,
1612 1219 1667 1241 so-

1003 1266 1092 1314 lent,
1127 1272 1163 1304 nt
1186 1268 1212 1314 1,
1238 1268 1328 1307 131.
1351 1267 1441 1306 133.
1457 1263 1502 1310 ll,
1521 1263 1575 1304 42
1593 1266 1663 1299 etc.

1001 1324 1073 1360 Pro
1104 1323 1184 1362 ἐστι
1214 1323 1384 1372 rescripsi
1409 1320 1501 1359 ἔστι.
1533 1341 1589 1347 -
1619 1319 1665 1355 lis

1000 1392 1099 1426 vem,
1131 1392 1225 1428 qnae
1254 1380 1287 1414 h.
1317 1378 1339 1415 1.
1364 1381 1505 1414 veteres
1530 1376 1666 1412 Persae

1000 1436 1036 1472 in
1061 1436 1214 1473 rebelles
1241 1436 1369 1480 victos,
1398 1446 1505 1482 reges
1532 1432 1668 1482 princi-

1000 1505 1112 1543 pesve
1141 1505 1252 1541 agere
1274 1492 1455 1536 dicuntur,
1485 1489 1666 1526 contraria

1000 1562 1148 1599 prorsus
1177 1549 1396 1586 recentiores
1419 1546 1549 1583 Persas
1574 1557 1664 1593 age-

1001 1619 1053 1652 re,
1085 1618 1129 1642 ex
1157 1604 1291 1654 Agath.
1314 1605 1413 1641 Hist.
1444 1602 1506 1647 IV,
1527 1601 1581 1642 24
1602 1601 1664 1638 sm.

1000 1667 1164 1712 apparet.
1184 1682 1239 1688 —
1268 1661 1309 1697 ln
1337 1673 1441 1709 seqq.
1470 1660 1507 1695 in
1534 1658 1664 1708 pleris-

1001 1732 1073 1767 que
1094 1718 1192 1755 libris
1214 1719 1345 1755 desunt
1367 1717 1480 1754 verba
1509 1717 1561 1768 τῷ
1589 1715 1665 1753 Λί-

1002 1776 1123 1826 βυος,
1165 1776 1245 1812 mea
1289 1774 1436 1823 quidem
1484 1772 1666 1809 sententia

1002 1833 1157 1868 maxime
1175 1831 1379 1875 retinenda,
1400 1842 1479 1866 cnm
1500 1828 1664 1865 valeant:

1005 1888 1220 1938 Thamyrae
1236 1887 1320 1937 filio
1351 1886 1455 1923 Inart'
1476 1887 1569 1934 regis
1595 1884 1664 1921 Li-

1001 1946 1115 1995 byam.
1148 1945 1256 1982 Conf.
1284 1944 1348 1990 lli,
1380 1945 1430 1983 12
1457 1943 1544 1991 ibiq.
1573 1945 1665 1978 nott.

1001 2002 1059 2038 Ad
1083 2002 1194 2038 verba
1227 1997 1300 2050 τήν
1332 1999 1382 2038 οἷ
1408 1997 1426 2038 ὁ
1458 1995 1588 2049 πατήρ
1614 1993 1667 2037 εἶ-

1001 2072 1042 2109 χε
1074 2053 1198 2108 α’ρχήν
1225 2058 1320 2094 conf.
1347 2057 1375 2104 1,
1402 2057 1455 2096 34
1489 2061 1527 2094 et
1557 2069 1668 2107 supra

1002 2114 1066 2162 111,
1090 2114 1152 2154 14.
1618 2161 1623 2167 p

1060 2170 1126 2209 καὶ
1146 2173 1199 2224 τῷ
1217 2166 1452 2221 Ἀμυρταίου
1475 2169 1662 2220 Παυσίρι]

1003 2227 1199 2265 Neminem
1220 2228 1324 2274 fugit,
1339 2227 1434 2262 hunc
1455 2225 1569 2261 locum
1588 2238 1666 2261 ma-

1005 2285 1098 2321 xime
1128 2283 1249 2320 xalere
1280 2284 1328 2318 ad
1357 2287 1499 2331 tempus
1528 2282 1665 2318 consti-

1005 2340 1193 2384 tuendum,
1223 2351 1296 2386 quo
1317 2339 1529 2374 herodotus
1555 2343 1590 2375 et
1613 2338 1666 2374 vi-

1004 2397 1094 2432 xerit
1119 2400 1155 2432 et
1186 2395 1373 2431 113st0riam
1397 2394 1664 2443 conscripserit.

1004 2452 1111 2488 Conf.
1133 2451 1351 2488 Dahimann.
1374 2451 1557 2487 Herodot.
1579 2462 1665 2500 pag.

1004 2508 1071 2553 46,
1084 2507 1162 2544 coli.
1194 2507 1320 2556 Heyse
1335 2507 1485 2549 Quaest.
1499 2519 1583 2557 pag.
1598 2509 1666 2548 76.

1005 2566 1124 2607 Quum
1153 2564 1247 2601 enim
1272 2568 1419 2600 auctore
1444 2562 1603 2601 Eusebio
1628 2564 1665 2599 in

1003 2620 1138 2656 Chron.
1160 2633 1237 2656 can.
1260 2634 1294 2670 p.
1321 2623 1398 2660 172
1419 2619 1666 2668 Amyrtaeum,

1005 2677 1067 2724 qui
1090 2677 1280 2713 uridecimo
1304 2689 1414 2722 anno,
1431 2689 1474 2713 ex
1494 2689 1566 2725 quo
1588 2676 1665 2713 Da-

1004 2733 1234 2770 riusNothus
1257 2733 1424 2781 regnavit
1443 2733 1491 2780 (s.
1511 2733 1596 2770 inde
1618 2733 1664 2770 ab

1005 2802 1101 2825 anno
1130 2791 1251 2837 423),
1283 2790 1499 2827 seditionem
1537 2794 1667 2826 contra

1006 2845 1136 2882 Persas
1152 2846 1307 2883 movisse
1327 2849 1363 2882 et
1380 2859 1446 2895 per
1467 2858 1529 2883 sex
1549 2859 1665 2884 annos

1006 2914 1122 2952 nsque
1141 2903 1188 2939 ad
1216 2908 1367 2940 mortem
1392 2903 1550 2941 tenuisse
1575 2902 1666 2941 dici-

1369 2965 1388 2984 Ο
