1904 3304
391 221 477 261 380

781 219 1254 258 HERoDoTl

393 329 536 385 βύζων
574 328 768 383 ῥέοντες,
803 327 994 383 Ἄθρυς,
1038 328 1111 371 καὶ
1144 327 1290 384 Νόης,
1330 329 1403 371 καὶ
1440 327 1658 385 Ἀρτάνης,

394 399 618 443 ἐκδιδοῦσι
643 400 686 451 ἐς
714 399 794 443 τόν
810 398 1008 454 Ἵστρον·
1043 399 1088 442 ἐκ
1119 399 1164 442 δὲ
1186 398 1394 442 Παιόνων
1411 401 1483 442 καὶ
1505 399 1660 453 οὔρεος
1673 407 1716 439 20

388 469 619 525 Ῥοδόπης,
654 472 790 521 Σκίος
817 470 1033 526 ποταμός,
1064 469 1198 526 μέσον
1228 472 1380 526 σχίζων
1404 471 1482 514 τὸν
1506 469 1659 527 Αἷμον,

336 608 517 655 cognitos,
560 606 641 642 vid.
671 606 855 643 Gatterer.
877 605 999 643 Thra-

336 664 427 701 cien.
453 667 521 700 etc.
541 675 626 712 pag.
646 663 698 703 35
722 675 800 711 seq.

382 716 563 769 ’Ἀθρυς]
597 720 649 755 lta
677 718 902 755 librariorum
939 731 1000 755 so-

335 776 460 814 cordia
487 775 659 826 scriptum
690 788 771 813 esse
800 775 876 811 vult
902 775 998 812 Gat-

337 837 445 870 terer.
465 831 487 868 l.
507 831 530 869 l.
549 831 604 882 (p.
619 834 695 872 101
708 832 841 870 Thrac.
862 844 899 882 p.
914 834 998 878 30),

335 902 403 940 pro
439 885 632 940 Ἴαθρυςι
690 888 999 938 quemadmodum

336 946 436 996 apud
461 945 626 982 lornand.
648 945 753 982 Rerr.
785 945 886 982 Gett.
916 957 997 995 cap.

339 1005 390 1043 18
414 1001 559 1039 Iatrus:
591 1002 652 1051 qui
669 1002 766 1039 idem
785 1002 886 1051 apud
905 1000 999 1038 Plin.

336 1059 414 1105 Ill,
444 1061 497 1099 26
520 1058 655 1095 Ieterus
680 1063 718 1096 et
741 1071 837 1094 nunc
856 1057 999 1095 Ianira.

337 1115 595 1153 Assentiuntur
616 1114 799 1153 Mannert.
819 1114 887 1150 Vll
906 1127 941 1164 p.
961 1117 999 1155 9.

336 1171 368 1209 Ι
372 1172 512 1209 archer.
533 1171 582 1209 T.
602 1169 689 1208 Vlll
706 1184 744 1222 p.
758 1171 841 1212 567
859 1174 895 1208 et
912 1170 1001 1207 Rei-

336 1228 460 1266 chard.
479 1240 565 1278 pag
587 1229 654 1268 42.

396 1279 535 1334 Νόης]
567 1283 650 1321 Duo
670 1283 753 1320 libri
780 1282 916 1328 Νοίας,
940 1294 1000 1319 ac-

336 1341 493 1378 cedente
521 1340 646 1386 Valla‚
676 1352 744 1377 nec
771 1339 1002 1389 improbante

338 1398 539 1445 Gatterer.,
556 1397 618 1446 qui
632 1394 740 1434 Noz'es
751 1396 883 1434 rectius
894 1395 1002 1432 scribi

336 1454 551 1505 pronuntiat
569 1453 592 1490 l.
613 1453 634 1490 l.
656 1466 692 1503 p.
715 1455 769 1493 29
789 1465 866 1502 seq.
891 1449 1000 1503 (sive,

340 1505 508 1560 Νούης,
537 1515 577 1546 ut
608 1509 683 1547 vult
714 1522 799 1559 pag.
833 1507 904 1559 32)
937 1521 1001 1545 eo-

338 1580 411 1616 que
432 1580 475 1604 ex
498 1567 608 1603 fluvio
627 1567 823 1616 repetitum
843 1565 918 1602 vult
939 1578 1000 1601 ur-

337 1624 417 1669 bis,
455 1636 550 1672 quae
577 1622 635 1659 Ad
676 1620 802 1659 Novas
837 1620 1000 1672 appella-

337 1684 397 1717 tur
415 1683 451 1716 et
471 1680 508 1716 in
519 1678 729 1716 Ptolemaeo
742 1679 805 1725 ΙΙΙ,
830 1679 999 1718 10item-

338 1749 411 1785 que
432 1735 606 1773 inTabul.
638 1735 839 1783 Peutinger
874 1747 999 1771 occur-

338 1793 407 1838 rit,
443 1805 597 1829 nomen:
647 1792 786 1841 quippe
821 1804 915 1841 quae
955 1804 1000 1828 eo

338 1849 418 1886 loco
438 1848 675 1899 probabiliter
699 1848 769 1885 sita
790 1849 910 1894 suerit,
940 1848 1001 1884 ubi

338 1905 466 1942 fluvius
479 1905 572 1941 Istro
592 1918 631 1942 se
652 1906 862 1942 immisceat.
893 1904 1002 1941 Man-

338 1966 442 1999 nerto
468 1962 536 1998 Vll
564 1975 649 2012 pag.
675 1963 699 2001 9
740 1962 884 1999 videtur
919 1973 1002 1998 esse

338 2019 469 2056 fluvius
504 2017 611 2055 Ischa
647 2031 675 2054 5.
705 2018 841 2061 Ostra,
884 2030 1001 2068 prope

293 2075 296 2078 ’
338 2075 535 2125 Nicopolin
578 2076 615 2112 in
653 2076 786 2112 Istrum
820 2075 1001 2119 influens3

339 2132 547 2169 Reichardo
588 2132 644 2182 (p.
676 2134 749 2180 42)
789 2132 840 2178 is,
881 2131 943 2180 qui
980 2144 1002 2168 a

339 2188 458 2225 Plinio
493 2193 643 2225 vocatur
672 2188 849 2225 Escamus
888 2192 925 2226 et
964 2188 1001 2223 in

340 2244 488 2282 Tabula
536 2244 745 2293 Peutinger.
788 2246 999 2290 Anasmmw,

340 2314 436 2342 nunc
456 2301 568 2337 Osme.
627 2301 705 2338 Viri
733 2302 831 2339 docti
857 2301 1001 2351 opinio-

340 2370 437 2403 nem,
457 2358 529 2406 qna
543 2356 638 2394 Noes
654 2359 840 2408 proprium
860 2359 905 2394 sit
925 2357 1002 2393 Da-

340 2415 443 2450 flubii
477 2427 632 2461 nomen,
668 2414 830 2464 praefixa
864 2413 1002 2462 syllaba

348 2471 423 2516 Da,
473 2470 595 2508 retulit
640 2470 871 2515 Larcherus,
924 2471 1002 2519 ipse

343 2527 528 2565 Gattereri
559 2526 745 2576 amplexus
773 2526 1002 2563 sententiam.

343 2584 449 2628 Quae
480 2582 565 2620 mihi
596 2595 745 2632 quoque
780 2582 1002 2633 probabilior

344 2653 424 2678 esse
448 2640 600 2677 videtur.
642 2640 740 2676 Inter
756 2643 896 2677 veteres
916 2639 1002 2676 scri-

343 2701 468 2748 ptores
518 2709 612 2733 unus
650 2695 813 2732 Valerius
851 2694 1001 2731 Flaccus

343 2754 480 2803 Argon.
518 2753 586 2800 vl,
631 2755 710 2793 100
747 2751 846 2789 fluvii
883 2751 1001 2798 huius,

345 2810 394 2847 ad
435 2821 543 2859 quem
589 2807 769 2847 Alazones
814 2813 1003 2857 memorat,

344 2867 428 2905 fecit
450 2866 682 2904 mentionem.

1110 598 1330 655 Ἀρτάνης]
1363 605 1404 641 In
1433 606 1626 643 itinerariis
1652 619 1716 641 xo-

1056 665 1157 697 catur
1193 660 1306 707 Utus,
1345 675 1366 697 a
1404 667 1550 699 nostrae
1584 664 1714 699 aetatis

1056 717 1262 754 hominibus
1300 717 1377 753 md.
1417 717 1551 755 Docuit
1583 719 1716 757 Gatte-

1055 787 1126 811 rer.
1148 773 1169 810 l.
1194 774 1214 810 l.
1237 788 1272 824 p.
1293 776 1361 821 29,
1388 786 1495 823 quem
1517 779 1717 824 sequuntur

1056 830 1240 867 Mannert.
1263 830 1284 866 l.
1302 829 1322 867 l.
1352 834 1389 867 et
1406 830 1601 868 Reichard.
1628 844 1717 882 pag.

1057 886 1123 928 43.
1154 887 1184 923 Ε
1202 887 1385 924 veteribus
1405 900 1496 924 unus
1516 900 1598 924 eum
1618 900 1718 925 com-

1056 948 1238 982 memorat
1260 943 1397 981 Plinius
1416 943 1438 980 l.
1461 943 1484 980 l.
1504 943 1574 992 lll,
1603 945 1669 984 26.

1114 1055 1157 1095 ἐκ
1190 1054 1232 1095 δὲ
1256 1052 1447 1095 Παιόνων
1479 1071 1548 1094 και
1577 1052 1718 1105 οὕοεος

1052 1108 1267 1163 Ροδόπης]
1304 1113 1363 1150 De
1389 1112 1424 1148 Ρ
1423 1113 1589 1149 ‹teonzbus
1622 1114 1718 1150 conf.

1057 1170 1109 1217 V,
1142 1172 1194 1210 13
1219 1182 1326 1218 seqq.
1363 1168 1534 1218 Rhodope
1561 1181 1664 1206 mons
1695 1182 1719 1206 a

1057 1226 1206 1263 Scomio
1238 1227 1416 1262 orientem
1446 1238 1570 1262 versus
1601 1226 1719 1275 porri-

1058 1283 1154 1332 gitur
1185 1295 1252 1332 per
1280 1281 1496 1326 Thraciam3
1547 1294 1643 1318 nunc
1670 1281 1719 1318 illi

1058 1352 1192 1377 nomen
1219 1338 1370 1388 Despoto
1399 1351 1428 1375 s.
1451 1337 1602 1388 Despoti
1619 1337 1717 1386 Dag.

1058 1395 1168 1433 Plura
1195 1395 1381 1432 Mannert.
1407 1394 1475 1431 Vll
1508 1407 1594 1445 pag.
1626 1396 1663 1434 6.
1692 1396 1718 1434 7

1057 1465 1100 1490 ac
1115 1453 1162 1490 de
1173 1453 1280 1488 variis
1295 1451 1400 1488 huius
1413 1452 1544 1487 montis
1556 1450 1721 1501 appella-

1057 1509 1220 1545 tionibus
1236 1509 1335 1557 apud
1348 1513 1490 1545 veteres
1502 1507 1720 1545 Tzschucke

1056 1565 1105 1602 ad
1126 1564 1305 1614 Pompon.
1325 1563 1411 1601 Mel.
1431 1563 1486 1609 11,
1511 1567 1538 1604 2
1558 1575 1644 1612 pag.
1664 1566 1719 1605 72

1057 1625 1151 1658 nott.
1172 1624 1329 1670 exegett.
1348 1619 1429 1657 Vol.
1447 1620 1497 1656 111
1516 1618 1611 1656 P.11.

1115 1731 1262 1783 Σκίος]
1298 1733 1355 1769 Ita
1380 1735 1532 1769 recentt.
1554 1732 1638 1769 edd.
1661 1744 1718 1769 se-

1058 1794 1162 1828 cutus
1183 1790 1331 1839 scripsi3
1361 1802 1440 1825 cum
1462 1789 1496 1824 in
1524 1787 1719 1826 Wesselin-

1059 1848 1169 1897 giana
1217 1846 1382 1883 editione
1431 1844 1583 1893 aliisque
1624 1849 1720 1882 esset

1061 1907 1183 1950 Κίος,
1225 1903 1324 1939 cuius
1364 1901 1444 1938 loco
1483 1901 1719 1938 Florentinus

1057 1961 1148 1997 liber
1167 1959 1274 1996 offert
1285 1954 1394 2004 Κιός.
1425 1957 1534 2008 Apud
1544 1958 1719 1995 Strabon.

1057 2016 1142 2053 Xlll
1163 2030 1200 2066 p.
1218 2016 1299 2056 590
1318 2028 1345 2052 5.
1364 2015 1445 2056 883
1467 2015 1509 2053 C.
1541 2014 1722 2052 Thraciae

1058 2074 1189 2110 fluvius
1221 2067 1372 2117 Σκαιός
1404 2074 1722 2117 commemoratur,

1059 2131 1119 2178 qui
1141 2130 1238 2167 idem
1261 2128 1471 2177 Thucydidi
1499 2127 1554 2174 H,
1585 2129 1639 2167 96
1665 2131 1722 2165 est

1047 2183 1213 2232 ’Όσκιος
1247 2199 1289 2222 ac
1332 2184 1449 2221 Plinio
1486 2184 1535 2221 H.
1575 2183 1623 2222 N.
1656 2183 1719 2230 111,

1060 2241 1151 2294 (26)
1181 2244 1235 2283 29
1268 2242 1355 2277 Oesc
1339 2254 1409 2277 rus.
1450 2240 1561 2277 Unde
1585 2239 1720 2276 Gatte-

1059 2312 1128 2336 rvr.
1169 2298 1370 2348 (Thracien
1403 2296 1496 2333 nach
1516 2295 1655 2333 Herod.
1683 2308 1718 2332 u.

1060 2355 1268 2405 'lhucydid.
1290 2367 1376 2404 pag.
1398 2354 1462 2394 28.
1491 2353 1562 2399 29)
1593 2364 1718 2389 verum

1059 2412 1157 2448 ssuvii
1214 2422 1347 2447 nomen
1405 2410 1516 2444 fuisse
1573 2409 1720 2445 coniicit

1047 2466 1213 2513 ’Ήσκιος
1237 2480 1265 2504 5.
1278 2464 1451 2511 Ἔσκιος,
1481 2466 1582 2513 quod
1600 2465 1720 2515 ipsum

1060 2526 1097 2562 in
1137 2523 1326 2561 recentiori
1362 2521 1518 2558 fluminis
1554 2520 1721 2571 appella-

1059 2583 1157 2618 tione
1178 2579 1305 2625 Isclea,
1332 2577 1477 2623 Isclmr,
1504 2573 1605 2614 Islce'r
1621 2591 1721 2614 com-

1058 2641 1197 2688 pareat.
1253 2634 1506 2684 Adstipulatur
1536 2634 1719 2672 Mannert.

1060 2694 1123 2731 VII
1146 2707 1181 2742 p.
1208 2695 1258 2733 10
1284 2692 1362 2728 coll.
1380 2691 1575 2728 Rcichard.
1595 2704 1630 2741 p.
1651 2689 1718 2730 42.

1062 2772 1112 2778 —-
1144 2749 1232 2786 Mox
1263 2746 1384 2798 μέσον
1414 2748 1565 2794 retinui,
1595 2747 1643 2784 ob
1672 2746 1720 2792 11,

1064 2809 1126 2847 17.
1150 2807 1202 2846 33
1227 2804 1303 2843 coll.
1336 2806 1411 2852 IV,
1441 2803 1507 2846 55.
1548 2803 1617 2842 Alii
1640 2802 1720 2840 libri

1061 2861 1189 2915 μέσος.
