1904 3304
395 247 479 287 282

790 232 1255 276 HERODOTI

394 356 443 401 ἐκ
480 358 561 398 τοῦ
602 351 799 407 οὐρανοῦ
837 343 1059 403 φερόμενα
1087 340 1248 398 χρύσεα
1279 337 1522 393 ποιήματα,
1563 334 1663 386 ἄρο-

393 425 502 483 τρόν
531 440 575 468 τε
604 424 677 468 καὶ
700 419 832 477 ζυγὸν
861 417 935 462 καὶ
965 413 1151 471 σάγαριν
1179 411 1251 456 καὶ
1280 407 1468 466 φιάλην,
1497 406 1663 450 πεσέειν

342 635 461 682 sama,
500 631 572 682 qua
603 627 723 679 gentis
765 625 869 661 initia
897 635 1004 672 repe-

341 696 464 730 tantur
505 689 552 725 ab
593 684 719 734 Oghus
737 704 754 710 -
773 680 896 728 Chan,
942 677 1005 728 qui

345 746 541 786 Abrahami
564 741 725 792 aequalis
746 750 898 787 regnum
919 748 1004 772 con-

347 804 507 848 diderit,
549 812 676 838 vocem
714 797 846 842 oxm'n,
893 793 1005 829 tribus

346 862 445 899 hisce
476 859 630 895 filiorum
659 853 826 902 'l'argitai
852 848 1007 888 nomini-

348 919 413 955 bus
432 926 658 954 communem
682 922 803 959 neque
827 908 1005 945 diversam

346 975 393 1012 ab
407 974 474 1010 hac
496 973 575 1023 ipsa
588 981 679 1007 voce
690 966 830 1015 Oglms,
844 977 870 1001 s.
888 963 1007 1000 Gleus-

347 1031 470 1076 Clean,
508 1027 688 1078 explicare
720 1023 844 1060 studet
864 1021 933 1057 los.
960 1019 1006 1055 de

345 1088 533 1125 Hammer.
554 1084 575 1121 Ι.
599 1083 619 1119 l.
643 1094 729 1133 pag.
750 1080 789 1120 4.
827 1076 882 1114 Ac
900 1075 1006 1113 deni-

345 1157 419 1194 que
443 1140 639 1180 Reichard.
666 1138 688 1175 l.
709 1137 731 1174 Ι.
764 1137 890 1172 horum
917 1145 1009 1182 quo-

344 1214 418 1251 que
447 1198 633 1236 nominum
666 1193 825 1241 vestigia
850 1192 887 1228 in
909 1190 1009 1226 loco-

345 1270 422 1294 rum
454 1253 687 1305 quorundam
726 1250 911 1286 urbiumve
939 1259 1007 1296 ap—

344 1312 599 1365 pellationibus
621 1305 834 1355 indaganda
859 1305 1007 1340 censet:

345 1383 419 1420 quo
448 1370 645 1419 appareat,
684 1364 749 1400 has
774 1363 872 1413 ipsas
901 1359 1009 1396 urbes

345 1428 396 1465 ad
434 1423 605 1473 Targitai
656 1420 886 1467 filiorumque
933 1415 1010 1452 eius

351 1482 537 1534 pertinere
555 1482 717 1516 aetatem
728 1505 739 1523 ‚
769 1476 822 1512 ita
838 1477 880 1510 ut
896 1471 1013 1509 omnis

348 1539 484 1578 Russia
505 1537 722 1585 Europaea,
760 1530 887 1568 addita
903 1528 1013 1566 Polo-

350 1597 433 1642 nia‚
470 1595 589 1645 prisco
615 1589 814 1628 admodum
831 1599 921 1624 aevo
952 1584 1014 1621 uni

351 1652 502 1690 domino
522 1647 686 1700 paruerit
704 1644 897 1693 TargitaO.
918 1641 1015 1678 Hinc

353 1709 404 1747 ad
423 1701 646 1753 Λειπόξαϊν
665 1703 777 1740 refert
798 1699 935 1750 oppida
947 1697 1015 1734 Le·-

351 1767 487 1817 powetz
518 1764 556 1799 in
584 1758 762 1810 gubernio
791 1758 918 1801 Kiew,
948 1753 1016 1790 Li-

351 1834 449 1873 powo
476 1824 512 1858 et
531 1815 752 1868 Lv'pochonslc
780 1815 817 1850 in
839 1812 1015 1861 gubernio

355 1877 466 1924 orel,
516 1872 721 1926 Lipowslcoe
760 1871 798 1908 in
839 1868 1016 1918 gubernio

354 1931 575 1979 Smolensk,
616 1927 800 1979 Lipniaka
819 1927 857 1963 in
884 1925 1017 1973 guber⁶

355 1992 419 2029 nio
439 1990 628 2033 Cherson,
661 1985 746 2024 alia.
795 1982 855 2020 Ad
874 1975 1016 2033 Ἀρπό-

357 2048 448 2095 ξαϊν
480 2049 646 2096 spectare
673 2042 843 2093 opinatur
870 2035 1019 2088 Aparka

357 2106 395 2141 in
416 2103 592 2153 gubernio
609 2098 718 2146 Tala,
746 2097 794 2134 ad
815 2090 1019 2141 Κολάξαϊν

357 2160 496 2211 oppida
540 2157 713 2195 Kolonma
762 2154 799 2190 in
840 2150 1018 2202 gubernio

357 2218 533 2262 Moscua,
588 2213 705 2250 Kolno
752 2211 789 2247 in
840 2207 1018 2258 gubernio

357 2272 506 2318 Minsk‚
551 2270 734 2319 Kologrz'w
765 2267 801 2302 in
840 2264 1018 2314 gubernio

360 2330 571 2373 Kostroma,
600 2327 671 2363 alia
689 2325 725 2361 in
748 2321 1017 2374 septentriona-

357 2385 450 2423 libus
490 2383 646 2421 Russiae
692 2378 902 2428 regionibus
938 2377 1017 2412 sita.

359 2443 467 2486 Quae
489 2440 567 2477 aliis
587 2435 820 2475 diiudicanda
839 2433 1017 2480 relinquo.

361 2499 482 2535 Unum
524 2495 691 2532 adiiciam
726 2490 858 2528 Valerii
898 2487 1019 2525 Flacci

360 2554 478 2591 locum
503 2552 565 2598 vl,
587 2550 655 2595 48,
683 2549 745 2585 ubi
768 2546 930 2584 eiusdem
955 2543 1020 2581 Co-

363 2611 458 2647 laxis
479 2608 699 2646 mentionem
722 2603 818 2640 iniici
831 2603 901 2638 iam
913 2601 1020 2638 Wes-

363 2666 534 2715 selingius
555 2665 759 2700 monuerat.
791 2657 1023 2708 ApudPom-

362 2723 510 2775 ponium
524 2719 658 2757 Melam
683 2718 709 2765 1,
730 2717 780 2755 19
803 2716 896 2751 inter
912 2713 1024 2749 Ponti

367 2779 506 2817 accolas
521 2776 845 2814 commemorantur
860 2770 1027 2807 Coraxici

369 2840 405 2875 et
439 2836 633 2873 introrsum
666 2830 782 2879 magis
820 2827 1024 2863 habitantes

372 2892 526 2935 Commi,-
540 2890 587 2927 de
597 2888 727 2939 quibus
738 2885 811 2923 vid.
822 2882 1022 2921 Tzschuck.

1062 621 1098 656 in
1125 622 1216 655 nott.
1246 628 1378 664 exegg.
1411 612 1513 661 (vol.
1546 611 1593 647 lll
1622 609 1661 646 P.
1690 606 1721 657 l)

1062 690 1148 727 pag.
1172 676 1267 716 621.
1289 671 1385 713 625.

1120 753 1291 811 ἄροτρόν
1304 771 1342 795 τε
1364 753 1430 793 καὶ
1448 749 1564 804 ζυγὸν
1578 749 1639 788 καὶ
1655 745 1721 787 σά-

1062 831 1178 870 γαριν
1201 813 1268 853 καὶ
1296 809 1463 862 φιάλην]
1504 809 1635 846 Exstat
1657 818 1722 842 au-

1064 879 1165 912 ctore
1190 873 1260 908 los.
1278 872 1325 908 de
1344 870 1527 906 Hammer.
1550 865 1572 901 l.
1595 863 1618 900 l.
1636 875 1721 912 pag.

1064 931 1089 972 5
1112 930 1313 968 'furcarum
1335 928 1446 971 sama,
1468 922 1607 971 Oglam,
1632 930 1724 968 gen-

1063 988 1110 1025 tis
1142 986 1320 1034 originem
1346 988 1458 1031 atque
1484 978 1723 1020 conditorem,

1064 1057 1127 1082 sex
1151 1043 1242 1080 filios
1267 1054 1352 1077 suos
1374 1038 1538 1076 emisisse
1560 1034 1607 1071 ad
1630 1031 1725 1083 peri-

1064 1100 1260 1138 clitandam
1299 1098 1504 1139 fortunam3
1542 1091 1604 1140 qui
1644 1101 1723 1126 cum

1064 1170 1186 1195 arcum
1207 1163 1358 1203 tresque
1378 1152 1528 1201 sagittas
1552 1160 1595 1185 ex
1616 1158 1725 1197 pere-

1066 1213 1274 1263 grinatione
1303 1210 1371 1261 ipsi
1401 1206 1629 1250 retulissent,
1660 1214 1728 1252 pa-

1066 1276 1161 1308 trem
1198 1280 1320 1305 arcum
1366 1264 1481 1302 tribus
1528 1259 1726 1299 maioribus

1067 1332 1157 1364 natu
1178 1324 1258 1362 filiis
1281 1323 1450 1367 dedisse,
1480 1319 1634 1368 sagittas
1663 1313 1728 1352 tri-

1069 1384 1136 1421 bus
1156 1381 1366 1419 minoribus.
1424 1377 1502 1414 lam
1537 1385 1642 1412 arcus
1667 1384 1728 1408 sa-

1070 1441 1317 1490 gittarumque
1339 1436 1418 1473 loco
1438 1432 1536 1483 apud
1556 1429 1729 1467 Herodo-

1071 1502 1145 1534 tum
1173 1490 1445 1532 commemorari
1473 1490 1524 1526 ait
1542 1487 1728 1524 Hammer.

1071 1553 1131 1590 1.1.
1153 1565 1238 1603 pag.
1257 1550 1359 1595 564,
1402 1557 1553 1585 munera
1580 1542 1728 1580 coelitus

1073 1609 1225 1659 delapsa
1245 1606 1375 1652 aratri,
1404 1603 1502 1652 iugi,
1533 1600 1667 1638 securis
1687 1611 1729 1635 ae

1071 1665 1231 1717 phialae3
1254 1663 1363 1712 idque
1383 1653 1498 1711 ipsum
1518 1658 1613 1694 idern
1631 1668 1731 1693 com-

1072 1726 1177 1773 parat
1198 1733 1276 1758 cum
1304 1719 1374 1756 alia
1397 1716 1433 1754 Τ
1436 1727 1598 1753 urcarum
1620 1713 1730 1759 sama,

1073 1792 1169 1828 quae
1195 1782 1318 1814 tamen
1347 1775 1392 1811 ab
1411 1770 1633 1810 Herodoteis
1651 1769 1731 1805 lon-

1074 1836 1155 1885 gius
1176 1835 1310 1870 distare
1328 1832 1506 1868 videatur.
1536 1825 1731 1865 Reichard.

1074 1893 1096 1929 l.
1120 1893 1142 1929 l.
1165 1904 1250 1941 pag.
1273 1891 1323 1929 12
1347 1892 1422 1924 not.
1447 1885 1606 1935 quaerit,
1644 1894 1731 1918 num

1074 1950 1121 1986 de
1142 1946 1326 1985 aerolithis
1350 1945 1407 1981 hic
1428 1941 1664 1990 cogitandum
1687 1938 1732 1975 sit

1074 2018 1121 2042 an
1152 2005 1273 2055 potius
1307 2003 1355 2039 de
1389 1999 1552 2037 auriferis
1575 1995 1732 2033 Russiae

1075 2060 1260 2099 orientalis
1279 2056 1511 2107 regionibus,
1550 2066 1640 2104 opes
1667 2064 1733 2089 ne-

1075 2117 1263 2160 cessarias,
1295 2115 1426 2164 quibus
1445 2111 1505 2149 ille
1521 2111 1652 2147 fratres
1672 2121 1732 2145 su-

1075 2187 1206 2226 perare
1237 2172 1418 2223 potuerit,
1465 2164 1733 2218 suppeditanti-

1076 2233 1157 2269 bus.
1190 2229 1361 2277 Namque
1379 2228 1414 2263 in
1428 2225 1532 2273 regni
1555 2222 1732 2259 divisione

1076 2289 1169 2325 inter
1212 2287 1343 2323 fratres
1390 2282 1557 2318 instituta
1592 2276 1733 2323 Colaxi,

1076 2344 1222 2382 minimo
1254 2345 1361 2386 natu,
1403 2350 1482 2375 eam
1512 2347 1601 2371 sane
1639 2333 1734 2370 obti-

1076 2402 1174 2449 gisse
1194 2402 1356 2449 partem,
1396 2394 1432 2430 in
1455 2393 1526 2442 qua
1548 2390 1733 2441 reperian-

1075 2463 1134 2495 tur
1155 2456 1233 2493 auri
1251 2453 1409 2491 fodinae.

1134 2536 1319 2590 ἄροτρον]
1364 2536 1404 2571 ln
1430 2532 1602 2583 symbolis
1633 2535 1734 2568 vete-

1078 2610 1155 2634 rum
1178 2596 1442 2632 Germanorum
1463 2593 1622 2626 aratrum
1639 2599 1734 2636 quo-

1081 2666 1154 2703 que
1179 2652 1415 2694 memoratur,
1435 2658 1507 2695 quo
1527 2650 1660 2682 terram
1678 2640 1736 2680 re-

1083 2722 1167 2747 cens
1200 2706 1412 2756 acquisitam
1448 2703 1591 2739 adeant.
1627 2699 1735 2736 Cous.

1083 2766 1234 2803 Grimm.
1254 2761 1439 2800 Deutsche
1450 2755 1735 2796 Rechtsalterth.

1083 2823 1097 2859 1
1114 2834 1198 2873 pag.
1218 2821 1312 2866 186,
1334 2818 1395 2855 ubi
1416 2827 1564 2854 aureum
1584 2812 1736 2850 Henrici

1083 2879 1184 2916 ducis
1203 2880 1358 2914 aratrum
1371 2872 1558 2925 componit
1578 2882 1658 2908 cum
1670 2868 1738 2906 hoc
