1904 3304
58 467 122 511 23

581 278 930 318 THALIA.

989 278 1054 317 111.
1401 279 1457 318 43

344 406 418 443 ον,
463 388 643 445 φράζων
680 395 794 434 τοῖσι
832 388 1162 446 Ἰχθυοφάγοισι
1199 386 1278 430 τόν
1308 385 1456 431 οἶνον·

287 478 310 504 ο
341 461 426 517 γὰρ
465 460 656 512 ἑωυτοὺς
688 461 774 505 ὑπό
810 461 1016 516 Περσέων
1054 461 1303 504 ἑσσοῦσθαι.

180 533 442 588 τειρομένων
482 532 527 576 δὲ
566 531 644 576 τόν
695 532 874 589 βασιλέα
909 538 998 576 τῶν
1039 529 1343 589 Ἰχθυοφάγων
1383 533 1458 585 τῆς
1516 558 1529 584 f

125 839 255 876 vinum.
302 838 361 876 De
403 840 514 876 verbo
560 835 792 888 α’ναφέρειν,

127 895 174 932 de
213 908 286 944 quo
326 895 544 945 lVesseling.
585 897 673 933 citat
707 895 791 932 Dio.

126 952 232 989 Cass.
254 952 336 990 LVI
357 966 394 1003 p.
416 954 508 992 680.
532 952 672 989 Aelian.
686 952 733 988 H.
749 952 791 988 A.

127 1008 238 1055 XIII,
269 1011 343 1056 12,
391 1009 454 1046 Cr.
495 1010 636 1046 confert
697 1020 792 1057 quae

126 1065 283 1115 plurima
325 1078 369 1102 ex
404 1066 594 1102 Plutarcho
646 1065 792 1114 collegit

127 1122 386 1171 W'yttenbach.
407 1123 444 1159 in
454 1121 727 1159 Animadverss.
742 1122 790 1158 ad

128 1177 310 1215 Plutarch.
342 1178 473 1216 Moral.
500 1180 515 1215 Ι
545 1193 581 1229 p.
605 1178 686 1219 502
709 1191 790 1227 seq.

127 1255 180 1262 -
195 1235 310 1288 τῷδε,
332 1236 431 1284 quod
450 1240 534 1286 post
546 1230 694 1286 πόματι
706 1235 791 1271 olim

126 1291 341 1340 legebatur,
384 1293 499 1340 abjeci
527 1306 606 1329 cum
636 1297 791 1329 recentt.

127 1348 349 1385 edd—Ad
368 1353 603 1385 structuram:
637 1344 696 1386 ἂν
724 1344 793 1386 δυ’-

130 1408 281 1443 νασθαι
309 1404 447 1441 consul.
476 1405 609 1441 Matth.
639 1405 703 1441 Gr.
727 1405 791 1440 Gr.

129 1474 220 1511 pag.
247 1462 366 1501 1196.
398 1461 488 1498 Mox
504 1462 656 1498 retinui:
687 1463 794 1500 τοῦ·

128 1532 180 1555 το
210 1513 282 1567 γίὶρ
311 1514 485 1564 ἑωυτούς
518 1532 554 1556 κ.
583 1533 614 1556 τ.
645 1520 700 1563 L,
732 1517 794 1554 ubi

127 1573 359 1610 Florentinus
390 1587 468 1610 cum
489 1575 629 1611 (luobus
648 1574 726 1611 aliis
751 1573 793 1609 li-

130 1630 203 1667 bris
223 1624 363 1684 τούτῳ.
397 1631 504 1668 Conf.
527 1631 589 1678 ΙΙΙ,
623 1633 702 1672 106
729 1631 795 1667 ibi-

129 1698 201 1736 que
227 1690 317 1723 nott.

325 1776 356 1814 C
367 1790 388 1813 a
398 1790 435 1827 p.
464 1776 598 1814 XXIII.

186 1854 271 1894 ἔτεα
296 1853 367 1906 μὲν
387 1855 425 1901 ἒς
447 1854 607 1907 ἐείκοσι]
648 1856 793 1896 ἐείκοσι

130 1913 216 1962 (pro
236 1912 369 1959 εἴκοσι,
392 1914 492 1961 quod
514 1919 616 1951 tenet
638 1914 792 1962 Matth.)

130 1969 259 2018 scripsi
277 1982 356 2006 cum
379 1970 496 2006 Gaisf.
523 1971 606 2006 vid.
626 1975 720 2007 nott.
745 1972 792 2007 ad

130 2025 178 2071 Il,
200 2027 290 2065 121.
349 2026 421 2062 Pro
444 2021 529 2074 ζόης
547 2027 583 2062 in
600 2027 791 2064 antecedd.

131 2082 190 2119 alii
212 2082 333 2131 ζωῆς,
368 2082 426 2118 alii
449 2078 572 2130 ζώης,
596 2088 792 2131 utrumque

130 2137 287 2175 alienum
313 2139 359 2174 ab
388 2139 605 2186 Herodoto,
644 2141 737 2175 conf.
761 2140 790 2184 Ι,

130 2196 195 2233 32.
217 2196 271 2234 38
301 2194 387 2243 ibiq.
422 2200 514 2231 nott.
548 2195 593 2241 ll,
625 2198 690 2235 77.
716 2195 793 2235 105

130 2256 196 2288 etc.
226 2272 282 2278 —
319 2251 378 2287 Ad
413 2264 488 2288 rem
526 2253 641 2301 ipsam
669 2252 795 2289 laudat

130 2307 351 2353 W'esseling.
374 2307 491 2344 Valer.
521 2309 669 2345 Maxim.
698 2309 794 2354 VIII,

132 2365 182 2404 13
208 2364 289 2400 Ext.
309 2364 345 2404 5.
395 2364 611 2401 Maltebrun.
642 2365 662 2401 l.
685 2378 795 2415 supra

128 2420 150 2456 l.
176 2433 212 2470 p.
237 2422 315 2460 361
351 2421 559 2457 Macrobios
597 2423 795 2458 arbitratur

131 2477 331 2514 secundum
355 2490 531 2514 annorum
553 2478 702 2514 dimidia
728 2492 795 2514 nu-

129 2546 312 2580 merasse,
351 2535 661 2582 quemadmodum
703 2534 795 2571 aliae

130 2588 274 2626 Africae
313 2594 440 2638 gentes
482 2592 603 2628 facere
641 2591 795 2637 soleant,

131 2645 290 2694 indeque
316 2647 474 2693 sactum,
516 2652 553 2684 ut
580 2653 702 2684 tantus
731 2660 796 2683 an-

132 2714 261 2737 norum
285 2715 456 2740 numerus
480 2704 672 2741 exstiterit.
728 2703 795 2740 At-

132 2770 205 2806 que
227 2758 429 2796 Heerenius
454 2772 601 2809 quoque
625 2760 645 2796 l.
666 2760 687 2797 l.
709 2773 794 2810 pag.

135 2814 231 2859 358,
262 2814 320 2850 vix
338 2815 394 2862 iis,
411 2829 506 2865 quae
524 2817 570 2854 de
584 2816 695 2865 longa
712 2818 796 2854 Ma-

134 2870 337 2907 crobiorum
366 2878 485 2909 aetate
515 2873 572 2909 hic
592 2878 797 2920 narrentur,

135 2926 246 2964 fidem
258 2927 422 2964 adhiberi
440 2941 550 2978 posse
565 2930 616 2966 ait
634 2943 714 2967 cum
730 2931 797 2966 mi—

1361 457 1458 501 Ἀν-
1516 457 1678 492 Aethiopes
1703 465 1792 492 quam

1515 490 1565 516 diu
1598 492 1720 525 vivant,
1761 494 1794 518 et

1516 532 1574 558 quo
1584 525 1664 551 victu
1677 534 1683 550 z
1695 533 1792 559 aquae

1531 566 1583 597 ons
1612 558 1692 593 apud
1729 567 1793 593 eos,

218 602 227 616 ι
367 604 376 618 ι
494 605 503 618 ι
649 603 657 615 ι
770 605 788 620 ,ι
924 604 935 617 x
1005 604 1016 619 s
1078 604 1089 618 ν
1122 606 1131 619 ι
1321 602 1329 616 i
1373 600 1384 614 ι·
1516 595 1629 618 virtute

182 607 280 660 ζοης
308 621 382 647 και
413 606 578 660 διαιτης
607 620 731 658 περι,
767 620 861 648 ετεα
891 621 970 660 μεν
1000 621 1042 655 ες
1073 616 1233 647 εεικοσι
1261 619 1335 646 και
1365 609 1562 652 εκα-Ιῶῐῑζ

1659 592 1793 626 singula—

1603 626 1723 652 vincula
1761 626 1793 653 in

180 674 260 718 τόν
288 675 392 727 τούς
421 675 613 726 πολλοὺς
634 673 779 719 αὐτῶν
809 673 1117 728 ἀπικνέεσθαι,
1149 672 1460 731 ὑπερβαλλέειν
1517 667 1794 720 ζῖἱῗῖξὲξᾚῗῑξῖ

1517 727 1623 766 simum
1651 731 1681 754 et
1700 727 1792 755 caris-

1515 769 1632 789 sumum.

849 851 928 875 rum
956 839 1121 889 profecto
1148 838 1217 885 sit,
1255 838 1292 875 in
1310 837 1415 875 terris
1440 840 1516 873 tam

849 895 975 932 calidis
1006 899 1118 943 atque
1141 894 1385 931 insalubribus
1414 894 1516 930 inve-

849 952 916 988 niri
938 951 1116 997 homines,
1146 952 1208 1000 qui
1226 952 1274 987 ad
1293 955 1435 987 tantam
1456 962 1514 987 se-

848 1014 1033 1045 nectutem
1058 1008 1284 1058 perveniant.
1332 1008 1514 1056 Equidem

850 1065 940 1102 haec
963 1078 1006 1102 eo
1026 1065 1207 1114 pertinere
1230 1065 1376 1102 credam
1390 1092 1401 1110 ,
1440 1076 1514 1113 quo

848 1122 918 1158 alia
946 1121 1096 1168 similia,
1137 1134 1233 1170 quae
1262 1134 1307 1158 ex
1330 1121 1515 1171 primitivo

849 1178 1013 1227 gentium
1035 1190 1148 1224 aem,
1190 1177 1420 1215 orientalium
1449 1190 1517 1227 po-

848 1236 1046 1281 tissimum,
1085 1235 1132 1272 de
1162 1234 1367 1271 hominibus
1404 1234 1516 1282 vulgo

848 1292 1043 1329 tradantur
1063 1291 1275 1340 longaevis,
1305 1295 1347 1327 ut
1366 1304 1399 1327 v.
1420 1304 1450 1328 c.
1470 1291 1518 1328 de

849 1349 972 1394 Indis,
1014 1349 1059 1385 de
1090 1348 1262 1394 Iudaeis,
1301 1347 1402 1393 aliis·,
1440 1347 1514 1396 qua

851 1405 898 1441 de
922 1418 961 1442 re
983 1405 1031 1441 ad
1051 1404 1198 1442 Ctesiae
1218 1405 1323 1440 Indd.
1345 1402 1383 1455 ἓ.
1408 1406 1457 1445 16
1481 1417 1517 1454 p.

852 1463 934 1500 310
965 1473 1068 1510 seqq.
1100 1461 1207 1511 plura
1241 1461 1378 1497 notavi.
1438 1459 1519 1497 Nec

852 1517 921 1554 alio
960 1517 1051 1554 haec
1087 1517 1213 1554 referri
1240 1518 1346 1554 video
1375 1529 1396 1554 a
1427 1517 1521 1554 Bre-

852 1575 971 1611 dowio
993 1573 1308 1622 (Untersuchung.
1330 1574 1420 1610 iiber
1441 1574 1520 1610 Ge·-

852 1635 970 1679 genst.
996 1631 1062 1667 der
1083 1630 1179 1668 alten
1201 1630 1421 1667 Geschichte
1442 1631 1518 1666 und

853 1687 1066 1737 Geograph.
1090 1700 1125 1737 p.
1145 1688 1197 1726 73
1222 1699 1326 1735 seqq.
1351 1687 1424 1734 93)
1445 1686 1519 1723 col-

851 1743 926 1780 lata
951 1757 1032 1780 cum
1057 1744 1284 1780 Graecorum
1310 1743 1519 1780 traditioni-

852 1801 919 1837 bus
944 1801 991 1837 de
1014 1800 1122 1850 prisci
1146 1801 1225 1837 aevi
1247 1800 1419 1837 heroibus
1434 1828 1445 1846 ‚
1478 1804 1517 1836 ut

850 1857 1055 1894 robustiore
1094 1861 1130 1894 et
1169 1856 1320 1894 celsiore
1363 1869 1517 1905 corpore

849 1914 1025 1964 praeditis
1056 1914 1107 1950 ita
1134 1914 1270 1950 diutius
1298 1913 1516 1959 viventibus,

850 1983 960 2019 quam
1000 1975 1149 2021 postera
1186 1975 1310 2007 aetate
1342 1969 1515 2007 mortales

849 2028 969 2064 vivere
1018 2026 1127 2076 vulgo
1184 2027 1315 2064 solent.
1406 2027 1516 2063 Adde

850 2096 1019 2132 quoque,
1058 2096 1153 2132 quae
1180 2085 1226 2121 de
1247 2082 1516 2131 Arganthordo,

854 2139 1125 2176 Tartessiorum
1146 2153 1247 2187 rege,
1269 2144 1520 2176 memorantur

851 2208 962 2244 supra
982 2195 1008 2242 I,
1032 2198 1125 2241 163,
1147 2196 1230 2242 alia,
1253 2209 1346 2245 quae
1366 2195 1517 2232 Luciani

851 2251 991 2288 libellus
1020 2252 1286 2289 Macrobiorum
1330 2253 1407 2299 (T.
1433 2251 1518 2288 vlu

850 2322 885 2358 p.
912 2306 991 2349 114
1014 2321 1117 2358 seqq.
1146 2310 1248 2360 Bip.)
1279 2309 1516 2359 suppeditare

851 2369 989 2415 potest.

936 2475 1243 2529 ὖπερβαλλέειν]
1323 2479 1378 2515 Ita
1437 2491 1519 2515 cum

852 2534 1056 2584 Scliweigh.
1109 2540 1146 2572 et
1194 2535 1311 2572 Gaisf.
1362 2535 1515 2571 exhibui.

852 2591 972 2639 Vulgo
1003 2587 1288 2642 ὑπερβάλλειν,
1330 2593 1428 2640 quod
1458 2605 1516 2629 re-

854 2649 965 2684 tinuit
984 2648 1113 2684 Matth.
1144 2649 1204 2685 Tu
1227 2649 1320 2685 conf.
1344 2648 1518 2698 συμβαλ-

854 2699 1068 2754 λεόμενος
1105 2710 1142 2742 et
1171 2705 1320 2750 similia,
1359 2706 1407 2742 de
1435 2706 1516 2753 qui-

854 2761 921 2797 bus
952 2760 1086 2798 consul.
1116 2766 1206 2798 nott.
1234 2763 1283 2798 ad
1304 2762 1331 2808 I,
1356 2763 1420 2801 68.
1451 2762 1514 2808 Ill,

858 2816 921 2857 14.
946 2820 1009 2857 68.
1028 2820 1092 2857 76.
1112 2819 1203 2859 135.
1222 2841 1278 2845 ———
1311 2819 1515 2867 Sequentia

852 2875 978 2922 attigit
1004 2874 1170 2912 Eustath.
1198 2876 1246 2912 ad
1266 2875 1420 2925 Dionys.
1442 2874 1512 2911 Pe-

853 2930 941 2978 rieg.
962 2932 1044 2972 218
1058 2959 1065 2965 .
