1904 3304
607 226 952 267 THALIA.
1011 227 1076 267 ΙΙΙ.
1395 228 1479 268 153

207 339 400 394 Δαρείου
430 338 563 389 ἵππος
593 338 762 393 ἔστεργε
791 337 999 395 μάλιστα,
1039 335 1202 392 ταύτην
1232 334 1407 392 ἀγαγών
1437 336 1538 388 ἐςῦΓ)

206 412 253 454 τὸ
282 410 565 464 προάστειον,
596 409 822 467 κατέδησε,
852 409 927 453 καὶ
962 406 1148 464 ἐπήγαγε
1177 406 1255 450 τὸν
1283 409 1478 462 Δαρείου

205 482 358 523 ι’ππον·
410 481 483 524 καὶ
519 480 573 524 τά
602 481 680 537 μὲν
716 479 854 524 πολλοὶ
895 483 1069 535 περιῆγε
1101 476 1237 534 ἀγχοῦ
1266 480 1320 534 τῆ
1350 478 1479 536 ἵππῳ.

174 552 445 639 {ggqintmp
473 557 527 610 τῇ
565 554 725 610 θηλέῃ·
769 552 891 602 τέλος
923 551 989 602 δὲ,
1031 550 1159 606 ἐπῆκε
1198 547 1370 605 ὀχεῦσαι
1400 548 1479 592 τόν
1538 549 1621 594 242

81 641 147 687 86
207 624 354 667 ἵππον.
401 623 501 682 ’Ἀμ’
537 624 676 682 ἡμέρη
710 624 755 667 δὲ
782 620 1144 679 διαφαυσκούση,
1188 622 1231 664 οἱ
1258 621 1324 672 ἐξ,
1364 618 1580 666 κατάδοῡτι
1585 627 1647 653 τῑ-ιι
1666 627 1734 661 equi
1725 626 1812 655 uf-hn

1536 661 1601 687 nim
1626 660 1656 687 sa
1661 666 1723 687 estu
1751 669 1812 696 rex,

178 696 536 751 ἓσυνεθηκαντο,
578 700 781 752 παρῆσαν
819 693 886 737 ἐπὶ
923 697 1012 737 τῶν
1050 694 1205 738 ἳππων.
1265 693 1477 745 &egei-av-
1535 683 1813 756 ξξυῗῗξῃᾈωξωωέ

206 833 357 888 ταύτην
378 833 426 889 ἆγ
431 832 554 888 αγων]
585 831 732 886 ταύτην
754 848 812 872 re·

149 895 305 946 petitum
332 900 417 945 post
445 906 694 944 praegressum
724 906 812 941 την,

151 956 191 988 ut
222 951 294 997 111,
332 952 396 992 65.
428 951 494 991 75.
536 950 645 986 Plura
677 950 813 985 Struxe

151 1008 258 1058 Spec.
280 979 295 1043 I
324 1007 475 1051 Quaest.
497 1006 544 1043 de
564 1006 704 1043 Herod.
728 1004 811 1041 dial.

150 1076 236 1114 pag.
257 1065 321 1105 29.
342 1085 386 1091 —
414 1063 543 1100 Monet
559 1062 750 1100 Fischerus
765 1061 813 1098 ad

150 1119 297 1158 lVeller.
320 1120 332 1156 l
358 1134 394 1170 p.
413 1122 490 1161 371
519 1123 557 1156 et
576 1119 610 1155 h.
633 1118 654 1155 l.
675 1124 712 1156 et
732 1131 810 1168 cap.

152 1189 229 1226 seq.
277 1177 544 1227 perspicuitatis
579 1175 813 1212 adiuvandae

152 1246 262 1270 causa
291 1246 416 1271 vocem
447 1230 608 1283 θηλέων
633 1232 813 1269 Nostrum

152 1290 350 1327 addidisse.

208 1361 255 1383 τα
279 1343 350 1396 ιιὲν
369 1340 493 1384 πολλοὶ
508 1346 672 1395 περιῆγε
692 1338 816 1396 οἷγχοῦ

152 1403 202 1456 τῇ
221 1401 349 1455 ι’ππῳ]
372 1416 534 1452 περιηγε
549 1414 629 1438 cum
642 1400 746 1437 Schu
751 1400 811 1449 gh.

152 1465 189 1496 et
218 1458 333 1495 Gaisf.
371 1459 456 1496 dedi
489 1471 555 1508 pro
584 1452 811 1508 περιήγυηε,

151 1515 251 1564 quod
279 1516 426 1552 retinuit
448 1514 637 1551 Matthiae.
701 1486 813 1557 Quod

151 1584 219 1608 nos
240 1572 480 1621 reposuimus,
509 1569 646 1620 placuit
667 1582 814 1619 quoque

151 1627 334 1665 Schaefer.
366 1629 414 1665 ad
442 1627 593 1676 Dionys.
617 1627 734 1663 Halic.
766 1627 813 1663 de

151 1696 267 1734 comp.
298 1685 397 1722 verb.
417 1697 452 1734 p.
472 1685 567 1730 208,
589 1684 718 1732 (quem
745 1682 811 1720 Cr.

150 1739 308 1790 laudat),
320 1741 381 1777 ubi
395 1737 440 1778 τά
464 1737 535 1790 μὲν
551 1753 630 1776 cum
649 1752 809 1788 sequen-

151 1797 181 1834 ti
209 1794 333 1836 πολλοὶ
362 1797 465 1845 iungi
489 1801 612 1843 vetat,
641 1809 720 1834 cum
741 1796 810 1833 sibi

152 1853 374 1891 cohaereant
397 1851 444 1891 τοὶ
463 1850 599 1902 μὲν-
619 1851 728 1898 τέλος
748 1850 809 1900 δέ,

152 1909 260 1959 plane
271 1915 311 1946 ut
323 1909 406 1946 alibi
416 1906 462 1947 τοὶ
473 1906 544 1958 μὲν
555 1931 610 1936 -
622 1906 669 1947 τὰ
683 1908 736 1947 δέ.
750 1909 810 1945 Ιη-

154 1966 200 2002 de
212 1967 339 2002 vertit:
369 1969 401 2002 et
420 1967 572 2015 primum
586 1966 720 2015 quidem
735 1979 812 2002 sae-

147 2023 245 2071 pius.
263 2044 308 2048 —
337 2021 394 2058 Ad
414 2019 534 2073 ἰῖγχου
554 2024 646 2059 conf.
667 2023 695 2068 Ι,
719 2025 812 2067 190,

154 2082 190 2115 et
229 2079 277 2114 ad
326 2076 540 2129 ἒγχρίπτων
582 2078 704 2126 (qnod
734 2091 811 2114 cum

154 2134 269 2170 Gaisf.
295 2136 440 2184 reposui
466 2148 531 2184 pro
554 2132 813 2185 ἐγχρίμπτων,

152 2191 253 2239 quod
275 2191 480 2240 Schweigh.
507 2195 544 2228 et
564 2190 696 2228 Matth.
725 2191 814 2228 reti-

152 2246 327 2296 nuerunt)
350 2249 444 2284 conf.
468 2247 514 2293 ΙΙ,
535 2250 588 2289 60
610 2248 697 2296 ibiq.
722 2251 812 2284 nott.

150 2302 210 2339 Ad
228 2305 380 2340 formam
398 2303 524 2357 θηλέῃ
547 2305 618 2341 vid.
634 2304 660 2349 I,
678 2305 756 2344 192
777 2308 814 2341 et

153 2359 237 2396 add.
263 2360 306 2397 C.
332 2361 502 2397 Grashof.
525 2361 581 2397 in:
614 2360 811 2397 Schulzeit.

152 2415 198 2464 Π,
219 2417 324 2457 1831
345 2429 401 2454 nr.
422 2419 475 2458 88
499 2431 534 2467 p.
559 2415 639 2457 704
662 2421 739 2454 not.

209 2470 328 2522 ἐπῆκε
341 2468 501 2523 ὀχεῦσαι
509 2470 578 2512 τόν
589 2473 729 2523 ἵππον]
744 2470 812 2512 τόν

152 2526 278 2566 ἵππον
289 2542 366 2566 cum
379 2530 491 2567 Gaisf
507 2531 605 2577 dedi,
615 2530 714 2566 libris
723 2531 813 2567 scri-

153 2584 227 2633 ptis
244 2585 460 2623 iubentibus.
492 2586 611 2635 Vulgo
634 2583 724 2636 τὴν
745 2586 811 2625 ἵπ-

154 2653 246 2687 πον,
264 2642 361 2689 quod
372 2642 541 2692 Schwgh.
562 2648 597 2680 et
609 2643 739 2682 Matth.
751 2657 810 2681 re-

154 2695 346 2733 tinuerunt.
382 2697 451 2735 Est
470 2711 555 2736 vero
575 2712 720 2737 sensus:
743 2702 809 2737 im-

155 2753 251 2787 misit
285 2764 406 2802 equum
433 2755 482 2791 ad
511 2757 648 2802 coitum,
677 2761 718 2793 ut
738 2753 809 2796 τόν

154 2807 280 2846 ’ἵππον
306 2809 466 2858 pendeat
489 2811 534 2848 ab
567 2811 700 2862 ἐπῆκε.
748 2813 810 2850 Sic

155 2864 218 2913 IV,
241 2865 294 2905 30
314 2863 456 2905 ἐπιεῖσι
471 2863 566 2914 τούς
585 2865 706 2916 ὅνους
724 2872 810 2916 ταῖς

868 832 1022 881 ι’ππαις.
1075 828 1253 884 ὀχεύειν,
1291 827 1455 883 ὄχευτής
1485 831 1533 869 de

869 905 953 941 equo
992 891 1203 927 admissario
1236 889 1332 936 dici,
1371 888 1532 939 pluribus

869 948 1008 985 monuit
1045 946 1239 984 Frommel.
1284 947 1321 982 in
1360 946 1534 983 Creuzer.

869 1004 1012 1042 Melett.
1037 1004 1086 1040 111
1111 1017 1197 1055 pag.
1221 1002 1312 1043 157.

1029 1060 1138 1110 Cap.
1167 1058 1371 1097 LXXXVI.

915 1111 1014 1168 ’Ἀμ’
1037 1115 1167 1170 ἡμέρῃ
1199 1114 1241 1155 δὲ
1261 1111 1535 1163 ὅιαφαυσκού-

872 1173 944 1229 σῃ]
977 1175 1008 1211 Ε
1039 1174 1223 1211 Sancrosti
1255 1178 1293 1210 ct
1323 1172 1534 1210 Vindobon.

869 1231 961 1267 libro
989 1231 1056 1268 hoc
1087 1231 1225 1279 recepit
1255 1229 1534 1278 lVesselingius.

871 1287 1077 1336 Schweigh.
1106 1292 1144 1324 et
1165 1287 1281 1323 Gaisf.
1307 1287 1534 1336 potissimum

872 1344 918 1381 ob
947 1344 1152 1381 Florentini
1180 1343 1258 1380 libri
1283 1343 1538 1380 auctoritatem

873 1400 1055 1438 dederunt
1078 1401 1176 1449 ὄιαφ
1192 1394 1398 1452 ωσκούση.
1436 1399 1536 1436 Infra

870 1457 936 1502 IX,
960 1456 1012 1498 45
1032 1457 1188 1494 eadem
1180 1469 1215 1493 in
1236 1455 1388 1493 formula
1410 1468 1536 1493 omnes

870 1513 950 1550 libri
968 1514 1066 1563 διαφ
1081 1529 1138 1552 av
1151 1508 1314 1567 σκούση.
1345 1513 1421 1550 Sed
1438 1512 1536 1563 apud

868 1569 1072 1607 Diodorum
1121 1571 1293 1619 frequens
1346 1584 1534 1617 υποφω-

872 1638 982 1665 σκειν
1011 1631 1047 1663 et
1078 1622 1366 1672 ἐπιφῶσκειν,
1396 1630 1436 1662 ut
1467 1624 1535 1662 loci

869 1687 1078 1720 monstrant
1099 1697 1121 1721 a
1141 1682 1299 1720 wessel.
1325 1682 1463 1720 collecti
1486 1682 1533 1719 ad

868 1740 970 1786 XIII,
994 1742 1044 1780 18
1068 1740 1149 1787 (ubi
1176 1745 1253 1777 est:
1286 1741 1357 1790 τῆς
1384 1736 1534 1789 ἡμέρας

867 1793 1320 1846 ὖποφωσκούσης).
1383 1795 1534 1844 Signifi-

867 1857 926 1891 cat
946 1853 1093 1900 locutio,
1122 1854 1324 1903 interprete
1341 1853 1533 1898 Valcken„

864 1913 1001 1961 postero
1026 1910 1095 1957 die,
1127 1910 1190 1947 uba·
1215 1912 1369 1959 primum
1398 1909 1532 1945 illzlstit.

868 1966 937 2003 Alii
960 1967 1171 2016 scriptores,
1201 1967 1333 2003 eodem
1359 1970 1535 2003 monente

868 2022 1059 2069 Walcken„
1091 2021 1144 2069 ὥς
1163 2020 1307 2074 ἡμέρα,
1333 2035 1361 2058 5.
1384 2037 1436 2068 ως
1464 2020 1537 2067 ἕως

869 2076 1209 2127 υπέφαινε,ἰ.
1242 2092 1273 2116 e.
1298 2080 1416 2128 prima
1446 2078 1535 2125 luce,

872 2148 947 2172 cum
975 2148 1128 2184 przmum
1167 2135 1404 2181 dzlucularet‚
1453 2134 1534 2172 coll.

872 2191 966 2229 Gell.
990 2190 1039 2229 N.
1068 2191 1148 2228 Att.
1172 2191 1218 2239 ΙΙ,
1245 2193 1298 2231 29
1319 2192 1404 2240 ibiq.
1437 2191 1538 2228 Gro-

870 2261 954 2285 nov.
978 2251 1016 2284 et
1036 2248 1118 2295 Vll,
1139 2250 1174 2288 1.
1201 2270 1256 2275 ——
1296 2248 1337 2284 In
1361 2261 1464 2298 seqq.
1496 2246 1539 2287 οἵ

867 2305 911 2351 ἓξ
938 2308 1024 2341 sunt
1052 2305 1112 2341 illi
1136 2317 1196 2341 sex
1224 2305 1423 2352 coniurati,
1453 2317 1535 2342 cum

870 2361 1012 2398 Otanes
1032 2361 1206 2412 septimus
1227 2361 1378 2411 imperio
1400 2374 1535 2399 renun-

871 2418 1011 2455 ciasset.
1070 2418 1132 2455 Sic
1161 2417 1223 2465 ΙΙΙ,
1254 2419 1306 2457 83
1339 2417 1380 2456 οἱ
1410 2416 1448 2465 ἕξ
1480 2441 1531 2446 -

869 2473 934 2513 ἐπὶ
955 2476 1036 2512 τῶν
1057 2474 1195 2513 ἳππων
1217 2479 1291 2512 est:
1323 2476 1421 2524 equis
1446 2475 1534 2511 insi-

870 2531 1001 2577 dentes,
1035 2544 1063 2568 s.
1089 2528 1381 2582 ἐπιβεβηκότες,
1408 2535 1448 2568 ut
1469 2530 1533 2578 III,

868 2589 933 2628 84.
971 2587 1024 2629 85
1063 2588 1216 2626 dixerat.
1275 2588 1382 2625 Conf.
1421 2588 1533 2625 etiam

865 2644 931 2693 IX,
955 2641 1022 2684 44.

922 2715 946 2739 κ
960 2697 1048 2739 ατο.)
1068 2696 1361 2751 συνεθήκαντο]
1385 2699 1444 2737 De
1462 2711 1529 2735 vo·-

867 2770 908 2794 ce
925 2752 1023 2796 κατοέ
1042 2759 1136 2795 conf.
1152 2759 1181 2805 1,
1194 2759 1287 2800 208.
1304 2778 1358 2784 —
1377 2755 1436 2794 Ad
1450 2768 1530 2792 ver-

867 2814 933 2850 ba:
963 2811 1063 2854 κατόι
1098 2816 1215 2854 τοῦτο
1242 2835 1298 2841 -
1331 2811 1399 2852 ἵνα
1435 2811 1529 2850 conf.

866 2869 931 2919 111,
950 2872 1015 2912 64.
