1904 3304
461 258 546 298 838
856 253 1326 294 HER0D0T1

463 364 570 421 χιών
600 366 819 418 πτεροῖσι·
859 363 935 407 καὶ
965 362 1037 407 διὰ
1067 361 1147 406 τὸν
1175 366 1365 419 χειμῶνα
1392 367 1573 415 τοῦτον,
1605 362 1789 407 ἐόνταὸο

463 438 691 486 τοιοῦτον,
723 433 906 490 ἀοίκητα
935 433 987 477 τοὶ
1018 434 1128 488 πρὸς
1158 437 1298 491 βορῆν
1327 433 1417 477 ἐστι
1445 439 1522 490 τῆς
1550 434 1733 492 ἠπείρου

436 506 638 562 4ταύτης.
695 503 748 547 τὰ
788 501 851 548 ὧν
885 504 1019 560 πτερὰ
1057 502 1304 557 εἰκάζοντας
1343 504 1424 561 τήν
1463 506 1591 561 χιόνα
1628 505 1733 558 τούς

466 573 654 625 Σκύθας
679 591 723 618 τε
753 576 826 618 καὶ
855 575 959 627 τούς
979 577 1229 630 περιοίκους
1254 575 1392 619 δοκέω
1423 576 1572 632 λέγειν.
1617 581 1733 641 Ταῦ-

464 662 518 688 τα
547 643 626 700 μέν
653 662 758 698 νυν,
788 646 842 689 τὰ
871 647 1038 703 λέγεται
1066 643 1340 701 μακρότατα,
1370 648 1546 703 εἴρηται.

570 713 872 773 Ὑπερβορέων
908 718 953 761 δὲ
984 716 1084 771 πέρι
1116 715 1366 772 ἀνθρώπων
1407 717 1507 762 οὔτε
1541 734 1583 761 τι
1609 717 1788 762 Σκύ-55

467 789 548 828 θαι
576 786 772 841 λέγουσι,
805 787 906 832 οὔτε
935 789 1047 840 τινὲς
1066 787 1192 832 ἄλλοι
1213 792 1299 831 τῶν
1318 787 1454 845 ταύτῃ
1477 787 1734 845 οἰκημένων,

439 857 510 899 Ξεί
540 854 598 912 μὴ
632 856 718 912 ἄρα
746 857 999 916 Ἰσσηδόνες.
1058 857 1118 910 ὥς
1151 856 1194 902 δ’
1223 858 1306 915 ἐγώ
1339 859 1495 911 δοκέω,
1529 857 1630 903 οὐδ’
1663 854 1736 903 οὗ-

466 942 535 970 τοι
564 926 742 983 λέγουσι
773 928 924 973 οὐδέν·
971 930 1118 986 ἔλεγον
1147 929 1230 987 γάρ
1262 930 1316 972 ἂν
1344 931 1418 974 καὶ
1441 929 1645 982 Σκύθαι,
1677 928 1736 982 ὥς

339 706 404 751 32

150 772 338 807 Hyperborei
374 779 392 798 a

148 807 256 841 quibus
285 813 394 833 memo-

150 844 262 868 rentur.

437 996 571 1051 3περὶ
610 1001 699 1041 τῶν
733 1000 1101 1056 μουνοφθάλμων
1140 1001 1328 1057 λέγουσι.

1399 999 1510 1045 Ἀλλ’
1544 999 1735 1058 Ἡσιόδῳ

466 1068 547 1123 μέν
580 1067 668 1112 ἐστι
709 1071 806 1124 περὶ
839 1069 1144 1127 “Τπερβορέων
1186 1071 1409 1128 εἰρημένα,
1451 1072 1539 1115 ἔστι
1578 1073 1625 1116 δὲ
1664 1072 1792 1116 καὶὸο

462 1137 637 1196 Ὁμήρῳ
676 1140 724 1184 ἐν
752 1139 1038 1197 Ἐπιγόνοισι,
1081 1145 1119 1187 εἰ
1149 1142 1202 1199 δὴ
1236 1146 1297 1199 τῷ
1327 1141 1445 1185 ἐόντι
1475 1158 1522 1198 γε
1538 1142 1736 1199 ’Ὄμηρος

595 1255 627 1292 C
638 1267 705 1304 ap.
736 1255 892 1292 XXXII.

463 1308 737 1362 ΓΤπερβορέων
751 1309 793 1350 δὲ
807 1310 896 1364 πέρι
912 1308 1072 1365 οἷνθρώ-

409 1381 497 1405 πων
516 1383 553 1406 κ.
575 1383 606 1405 τ.
627 1368 674 1417 λ.]
706 1368 765 1405 De
780 1368 1017 1419 Hyperboreis
1036 1371 1072 1406 iu

410 1424 620 1461 universum
657 1437 752 1473 quae
779 1427 941 1462 tenenda
973 1431 1073 1472 sunt,

411 1493 456 1518 ea
473 1480 511 1517 in
527 1481 687 1518 Excursu
707 1482 755 1517 ad
775 1481 810 1518 h.
830 1481 851 1518 l.
873 1483 1073 1520 attulimus.

412 1558 465 1563 ——
495 1537 552 1573 Ad
585 1535 811 1586 οἰκημένων
843 1539 937 1574 conf.
978 1544 1072 1577 nott.

410 1593 513 1638 adl,
537 1594 603 1634 27.
652 1592 710 1630 De
741 1593 966 1630 Issedonibus
998 1596 1072 1632 vid.

412 1653 505 1686 nott.
536 1649 584 1685 ad
608 1647 678 1695 IV,
710 1650 785 1696 253
834 1651 882 1688 de
913 1652 1074 1688 unoculis

412 1709 503 1742 nott.
523 1705 572 1742 ad
595 1704 656 1748 IV,
683 1707 747 1746 27.

467 1755 563 1799 Ἀλλ’
583 1757 753 1815 Ἡσιόδῳ
778 1759 850 1812 μέν
869 1761 949 1801 ἔστι
963 1785 1013 1790 ——
1027 1759 1074 1800 τοὶ

414 1815 509 1856 ἔπεα
529 1815 706 1868 ἐποίησε]
727 1818 831 1856 Haec
842 1820 966 1867 verba,
979 1831 1075 1868 quae

415 1875 520 1910 nobis
556 1875 746 1911 sanissima
777 1876 967 1922 videntur,
1008 1889 1074 1925 pro

415 1931 642 1979 grammatici
691 1931 878 1969 cuiusdam
931 1932 1075 1979 veteris,

413 1987 655 2024 annotatione
684 1987 810 2024 habuit
830 1989 872 2025 F.
894 1987 936 2025 A.
966 1987 1075 2025 Wolf.

413 2042 584 2093 Prolegg.
601 2044 648 2080 ad
660 2043 808 2081 Homer.
824 2058 911 2095 pag.
925 2044 1073 2081 CLVII.

416 2099 550 2148 Neque
571 2113 657 2137 vero
688 2102 870 2150 persuasit
887 2101 1073 2150 Schweig-

414 2155 592 2193 haeusero
636 2169 756 2205 neque
796 2157 1001 2194 Schubarto
1037 2159 1074 2194 in

410 2212 564 2251 Dissert.
597 2213 643 2249 de
662 2213 875 2263 Hyperbor.
896 2227 982 2280 pag·
1004 2215 1072 2256 30

468 2266 547 2306 ἔστι
569 2266 610 2307 δὲ
634 2268 701 2307 καὶ
719 2266 878 2324 Ὁμήρω
908 2269 950 2309 ἐν
966 2265 1071 2308 Ἐπι-

409 2318 592 2374 γόνοισι,
635 2324 670 2363 εἰ
713 2323 763 2376 δη
799 2341 852 2364 τω
888 2322 995 2364 ἐόντι
1029 2341 1070 2378 γε

399 2377 581 2431 ’”Όμηρος
608 2395 733 2419 ταυτα
762 2379 808 2419 td
841 2381 934 2420 ἔπεα
960 2381 1070 2421 ἐποί-

413 2435 499 2486 ησε]
532 2437 628 2472 Inter
646 2437 792 2485 cyclica,
822 2451 916 2487 quae
936 2451 1072 2475 vocan-

413 2497 485 2539 tur,
505 2493 664 2530 carmina
685 2496 837 2543 primum
855 2507 875 2531 a
888 2495 1072 2543 (rigantu-

414 2548 554 2585 machia
580 2562 724 2586 carmen
760 2550 875 2587 fertur
906 2550 1070 2598 Thebais,

414 2606 515 2643 cuius
542 2610 666 2642 auctor
695 2607 856 2654 quamvis
883 2608 1071 2655 ignoretur

413 2661 518 2709 (nam
539 2661 794 2708 Antimachus,
835 2676 942 2711 quem
963 2664 1072 2701 affert

414 2716 536 2754 Schol.
565 2718 613 2754 ad
633 2718 815 2768 Aristoph.
838 2718 923 2755 Pac.
949 2722 1070 2767 1270,

412 2786 485 2823 quo
518 2775 634 2810 minus
670 2779 795 2811 auctor
833 2776 1068 2822 existimetur,

410 2830 614 2879 refragatur
635 2835 839 2881 temporum
860 2832 966 2878 ratio,
989 2845 1066 2868 cum

1130 1259 1175 1295 ab
1205 1257 1352 1308 Olymp.
1382 1257 1397 1294 Ι
1428 1270 1542 1307 usque
1570 1257 1618 1294 ad
1644 1257 1790 1308 Olymp.

1130 1314 1162 1351 L
1190 1315 1366 1359 vixerint,
1404 1313 1638 1351 Antimachus
1672 1318 1792 1351 autem

1130 1370 1275 1421 Olymp.
1305 1370 1479 1407 LXXXII
1501 1390 1557 1397 —
1580 1369 1700 1406 XCIII
1723 1371 1794 1406 flo-

1130 1428 1286 1475 ruerit),
1349 1427 1623 1476 antiquissimus
1669 1430 1792 1464 tamen

1129 1489 1243 1533 poeta
1258 1484 1406 1532 quidam
1425 1484 1533 1520 fuerit
1551 1495 1699 1520 necesse
1713 1487 1792 1530 est;

1130 1540 1223 1585 nisi,
1263 1541 1310 1576 de
1341 1552 1414 1588 quo
1441 1539 1656 1576 Herodotus
1686 1539 1793 1576 dubi·

1131 1601 1208 1633 tare
1233 1596 1396 1641 videtur,
1438 1596 1487 1632 ad
1516 1596 1633 1645 ipsum
1652 1595 1792 1632 Home·

1131 1665 1210 1689 rum
1235 1657 1434 1698 auctorem,
1464 1652 1518 1688 cui
1542 1652 1700 1697 suerunt,
1727 1651 1791 1699 qui

1131 1709 1384 1745 adscriberent
1411 1707 1476 1755 (cf.
1507 1707 1660 1744 Hesiod.
1690 1707 1790 1757 Opp-

1131 1778 1168 1815 p.
1199 1765 1281 1805 492
1311 1764 1368 1802 ed.
1395 1763 1610 1811 Loesner.),
1647 1774 1792 1801 carmen

1131 1822 1266 1858 referre
1285 1820 1382 1858 velis.
1433 1820 1700 1858 Contiuebatur
1727 1831 1792 1856 au-

1131 1882 1205 1914 tem
1238 1877 1307 1913 hoc
1341 1876 1499 1914 carmine
1526 1889 1601 1913 non
1632 1875 1790 1926 primum

1130 1934 1241 1971 modo
1274 1932 1405 1970 bellum
1433 1932 1676 1980 Thebanum,
1724 1933 1790 1970 sed

1132 1989 1285 2027 alterum
1311 2002 1478 2039 quoque,
1538 1989 1790 2039 Epigonorum

1133 2046 1263 2084 bellum
1325 2046 1425 2095 quod
1488 2050 1666 2091 vocatur3
1749 2049 1789 2082 ut

1131 2115 1222 2140 sane
1259 2097 1464 2153 Ἐπίγονος
1505 2102 1563 2138 vix
1605 2100 1789 2152 peculiare

1130 2159 1242 2196 fuisse
1291 2159 1537 2196 existimemus
1583 2170 1727 2195 carmen
1766 2169 1789 2194 a

1134 2214 1312 2252 Thebaide
1346 2215 1407 2252 illa
1432 2215 1541 2265 plane
1571 2215 1786 2260 seiunctum,

1131 2273 1196 2309 sed
1226 2277 1365 2322 partem
1402 2272 1523 2321 potius
1568 2270 1679 2306 fuisse
1713 2270 1788 2308 sive

1128 2328 1360 2378 rhapsodiam
1407 2327 1585 2376 aliquam,
1627 2326 1685 2362 cui
1719 2325 1787 2363 hoe

1127 2385 1237 2422 fuerit
1269 2384 1423 2419 inditum
1448 2394 1580 2419 nomen
1610 2394 1684 2418 non
1714 2382 1786 2418 alio

1128 2442 1204 2478 fere
1233 2440 1365 2485 modo,
1405 2451 1513 2488 quam
1538 2451 1610 2487 quo
1632 2437 1784 2487 singulis

1128 2496 1324 2533 carminum
1357 2495 1631 2532 Homericorum
1672 2495 1785 2546 parti-

1128 2553 1194 2588 bus
1214 2564 1242 2588 s.
1266 2552 1467 2601 rhapsodiis
1489 2551 1630 2599 singula
1650 2551 1785 2588 suerint

1127 2608 1295 2657 imposita
1351 2609 1499 2644 nomina
1551 2609 1627 2646 sive
1679 2606 1783 2643 tituli.

1129 2665 1233 2707 Quae
1256 2677 1335 2699 cum
1356 2664 1405 2701 ita
1425 2665 1519 2710 sint,
1549 2669 1647 2701 recte
1669 2675 1785 2713 nuper

1128 2720 1255 2756 statuit
1278 2720 1319 2755 E.
1349 2719 1391 2756 L.
1416 2721 1461 2758 de
1482 2719 1641 2758 Leutsch
1663 2719 1785 2767 (The-

1126 2776 1224 2812 baid.
1263 2775 1383 2825 c3clic.
1438 2776 1567 2826 reliqq.
1611 2775 1780 2824 Gotting.

1128 2833 1233 2872 1830
1253 2845 1330 2882 cap-
1354 2832 1398 2881 2)
1427 2830 1520 2879 τούς
1548 2828 1783 2884 Ἐπιγόνους

409 2887 604 2924 carminum
647 2886 859 2936 cyclieorum
901 2892 1066 2926 auctores
1122 2889 1234 2926 fuisse
1279 2888 1471 2926 Thebaidis
1511 2894 1665 2939 partem.
1725 2888 1782 2926 De
