1904 3304
467 241 550 282 322

884 237 1357 277 HERODOTI

469 348 548 404 μὲν
578 346 749 404 οὕνομα
776 350 839 403 τῷ
869 345 1060 404 δενδρέῳ
1090 344 1172 391 ἀπ’
1208 338 1263 390 οὗ
1299 349 1428 400 ζῶσι,
1467 344 1659 403 μέγαθος
1689 347 1736 391 δὲ

469 420 579 464 κατὰ
606 418 768 475 συκέην
796 415 981 473 μάλιστά
1009 432 1086 474 κη·
1124 415 1299 473 καρπόν
1328 417 1374 460 δὲ
1405 415 1557 472 φορέει
1580 417 1792 474 κυάμῳόο

441 492 594 540 4ἲσον,
623 493 800 545 πυρῆνα
830 488 878 533 δὲ
906 489 999 545 ἔχει.
1059 492 1190 533 τοῦτο
1220 485 1351 534 ἐπεὰν
1378 485 1553 543 γένηται
1581 488 1734 539 πέπον,

415 677 558 728 staude]
583 676 772 726 intelligit,
811 676 912 714 cuius
939 677 1077 714 fructus

416 736 583 773 avellana
623 734 805 785 sylvestris
843 731 1075 784 [Haselnuss]

415 792 597 831 veteribus
619 789 727 840 vulgo
754 802 830 827 nux
851 789 1001 827 Pontica
1023 791 1079 826 di-

415 849 587 895 cebatur,
625 847 763 885 mireris
792 847 881 896 quid
908 847 956 884 sit
979 847 1078 896 quod

416 917 562 943 succum
594 916 615 941 e
642 905 762 941 fructu
788 916 996 953 expressum
1020 904 1078 939 ηἰ-

414 974 521 1011 grum
541 960 652 998 dicat.
683 960 782 1004 Quid
794 960 840 996 sit
859 973 957 1005 vero,
978 959 1077 1009 quod

415 1016 666 1056 Mannert.lV
686 1028 771 1066 pag.
799 1018 878 1057 110
906 1020 1077 1065 quaerat:

417 1075 564 1111 arborne
590 1072 741 1110 Pontica
771 1071 923 1121 intelligi
953 1072 1078 1109 cedrus

420 1131 583 1168 Siberica
603 1129 762 1175 debeat,
800 1129 878 1178 ipse
904 1129 1076 1166 vi‹lerit.“

419 1186 682 1233 Sclzweiglc.
750 1183 896 1221 Nucum
937 1184 1077 1221 cultura

416 1256 494 1281 cum
526 1254 593 1293 per
625 1241 782 1279 mediam
811 1238 935 1277 Asiam
970 1240 1077 1277 valde

417 1303 516 1337 esset
543 1301 749 1348 propagata
782 1296 978 1346 pluresque
1016 1309 1078 1333 ea-

417 1369 495 1393 rum
537 1355 718 1391 ferrentur
769 1354 908 1403 species
947 1354 1077 1391 Ritter.

417 1410 620 1449 Erdkunde
638 1410 671 1446 ΙΙ
692 1422 777 1460 pag.
799 1411 876 1450 831
910 1410 956 1447 de
977 1411 1077 1446 nucis

418 1468 579 1519 quadam
610 1467 731 1517 specie
758 1466 814 1503 hie
839 1467 1075 1515 cogitandum

417 1537 499 1563 esse
521 1524 661 1561 statuit.
720 1521 790 1568 At,
828 1523 966 1572 optime
996 1535 1075 1559 mo-

417 1585 528 1619 nente
539 1580 696 1617 Heeren.
708 1578 819 1615 ldeen
840 1579 870 1624 1,
884 1580 909 1617 2
930 1591 966 1628 p.
981 1580 1076 1625 283,

416 1637 475 1674 hic
510 1635 726 1684 intelligitur
768 1634 911 1671 Prunus
949 1633 1075 1671 Padus

416 1692 527 1731 Linn.
546 1690 842 1742 (Vogelkirsche),
866 1692 966 1728 cuius
985 1692 1072 1728 bae-

418 1762 478 1786 cas
500 1752 598 1786 atras
626 1749 663 1785 in
687 1746 783 1785 lacte
807 1751 968 1797 coquunt
988 1747 1074 1785 Cal-

417 1806 533 1843 mucci
561 1808 736 1854 coctaque
763 1804 880 1840 cribro
903 1808 1075 1850 cernunt,

419 1862 518 1899 unde
550 1873 645 1910 quae
674 1862 902 1910 profluxere,
939 1872 983 1898 ea
1011 1861 1077 1898 de-

418 1930 490 1955 nuo
531 1921 714 1966 coquunt,
760 1921 800 1954 ut
836 1916 954 1953 solida
990 1917 1076 1955 inde

418 1974 550 2012 existat
590 1985 733 2019 massa,
790 1985 899 2022 quam
947 1977 1078 2010 vocant

418 2029 567 2068 Moz‘sun
602 2029 713 2073 Clean
762 2030 862 2067 cuius
905 2028 962 2067 vel
1001 2031 1078 2067 exi-

419 2099 528 2137 guam
563 2091 704 2137 partem
734 2086 832 2135 aqua
862 2086 892 2123 si
917 2085 1077 2133 solveris,

419 2145 475 2181 ius
510 2143 596 2180 inde
628 2143 671 2180 fit
705 2143 861 2180 maxime
901 2144 1075 2181 nutriens.

420 2200 528 2243 Quae
553 2212 633 2237 cum
666 2199 716 2236 ita
747 2199 839 2244 sint,
883 2212 1002 2248 neque
1031 2199 1078 2237 de

419 2255 594 2303 iuglande
621 2253 952 2304 (l'Vallnussbaum)
977 2256 1079 2304 cogi-

419 2312 592 2358 tandum,
623 2324 739 2360 quae,
769 2312 850 2361 ipso
873 2316 968 2349 teste
989 2312 1079 2350 Rei-

420 2368 557 2405 chardo
578 2367 601 2404 l.
620 2367 644 2406 l.
660 2380 745 2417 pag.
766 2370 833 2411 28,
864 2369 901 2404 in
917 2368 970 2404 his
990 2369 1077 2418 ipsis

420 2423 691 2461 Calmuccorum
720 2424 928 2472 regionibus
960 2424 1077 2462 haud-

419 2492 603 2529 quaquam
636 2480 838 2526 invenitur‚
875 2493 994 2529 neque
1029 2482 1076 2519 de

420 2536 565 2574 Sinensi
598 2535 757 2584 quadam
780 2537 909 2573 arbore
930 2536 1004 2573 sicis
1026 2538 1076 2574 si-

419 2591 516 2639 mili,
560 2592 616 2629 cui
660 2604 795 2629 nomen
834 2592 990 2637 Ii—tcln',
1038 2595 1075 2631 in

419 2648 613 2699 provinciis
655 2648 709 2685 Fo
718 2669 734 2676 -
746 2648 830 2686 kien
843 2677 855 2696 ‚
909 2649 1045 2700 Kuang
1058 2675 1074 2682 -

419 2709 513 2754 tung
542 2709 579 2742 et
596 2704 820 2753 Kuang-si,
852 2707 974 2756 prouti
1001 2711 1076 2744 sta-

418 2761 489 2798 tuit
519 2760 577 2798 De
598 2760 763 2810 Guignes
784 2760 807 2797 l.
828 2761 851 2798 l.
872 2774 957 2811 pag.
982 2762 1075 2804 554.

476 2812 562 2856 ἄπ’
593 2811 650 2856 οὗ
682 2816 788 2868 ζῶσι]
813 2818 845 2854 Ε
862 2818 1075 2855 Florentino

420 2872 512 2911 libro
532 2886 680 2924 unoque
696 2874 859 2912 Parisino
879 2874 967 2912 dedi
995 2870 1076 2915 ἀπ’

1136 671 1193 717 οὗ
1229 690 1296 728 pro
1336 673 1416 717 α’πό
1459 679 1554 724 τοῦ,
1608 678 1791 727 probante

1135 736 1267 773 Struve
1288 734 1310 771 l.
1329 734 1352 771 l.
1372 735 1385 771 1
1405 747 1490 785 pag.
1509 737 1546 775 2.
1566 735 1620 775 32
1632 747 1710 783 seq.
1721 733 1791 781 35,

1135 804 1214 828 eum
1249 791 1348 841 apud
1374 791 1604 829 Herodotum
1634 803 1793 841 praepo-

1135 848 1240 893 sitio,
1278 859 1374 897 quae
1409 846 1673 898 apostrophum
1712 846 1791 897 pati

1134 908 1280 954 potest,
1326 903 1484 941 ultimam
1503 903 1663 940 vocalem
1681 903 1789 939 amit-

1134 965 1187 996 tat
1209 966 1244 996 et
1265 959 1405 997 relativi
1434 961 1586 997 formam
1614 972 1635 996 a
1662 971 1792 996 conso-

1133 1021 1246 1053 nante
1292 1016 1523 1066 incipientem
1566 1020 1794 1066 aspernetur.

1134 1073 1207 1116 Qui
1233 1073 1330 1109 idem
1357 1074 1488 1110 Struve
1519 1072 1541 1109 l.
1568 1071 1591 1108 l.
1623 1085 1709 1122 pag.
1736 1074 1792 1113 22

1135 1129 1182 1166 de
1210 1129 1390 1176 asyndeto
1418 1130 1453 1165 in
1480 1128 1535 1165 his
1557 1129 1676 1165 verbis
1702 1140 1791 1165 con-

1133 1184 1319 1221 sulendus.
1379 1185 1436 1222 De
1459 1197 1526 1221 usu
1552 1184 1792 1234 praepositio·

1134 1242 1189 1277 nis
1221 1235 1298 1278 ἀπὸ
1331 1242 1375 1277 cf.
1409 1244 1502 1277 nott.
1539 1241 1586 1276 ad
1616 1241 1686 1286 IV,
1723 1243 1790 1281 22.

1133 1297 1308 1346 Respexit
1316 1297 1530 1334 Herodotea
1539 1296 1648 1334 verba
1657 1296 1790 1334 Athen.

1135 1353 1166 1389 ΙΙ
1188 1366 1273 1403 pag.
1298 1352 1350 1394 57
1370 1354 1413 1389 C.

1192 1408 1368 1460 μέγαθος
1412 1406 1454 1447 δὲ
1499 1404 1599 1447 nato?
1643 1405 1789 1457 συκέην

1134 1461 1301 1515 μάλιστα
1340 1466 1415 1515 κη]
1466 1466 1488 1502 i.
1518 1478 1549 1502 e.
1581 1464 1792 1514 magnitudo

1131 1522 1238 1558 leuius
1263 1522 1398 1558 arboris
1426 1521 1544 1558 eadem
1577 1521 1694 1571 ferme
1740 1524 1790 1558 est

1133 1591 1222 1628 quae
1231 1579 1310 1627 fici.
1351 1578 1409 1615 De
1429 1591 1493 1614 usu
1510 1578 1789 1628 praepositionis

1130 1631 1230 1673 κατὰ
1251 1636 1344 1671 conf.
1367 1634 1394 1680 l,
1419 1637 1512 1675 121.
1552 1633 1596 1680 Il,
1627 1636 1690 1675 10.
1747 1634 1790 1670 In

1130 1704 1211 1740 sqq.
1239 1693 1401 1741 πυρῆνα
1423 1690 1595 1728 intellexit
1618 1689 1791 1738 nucleum,

1130 1760 1295 1797 granum.

1187 1806 1303 1842 τοῦτο
1327 1799 1447 1841 ἐπεὰν
1469 1799 1629 1853 γένηται
1648 1800 1791 1849 πέπον,

1133 1858 1342 1899 σακκέουσι
1370 1857 1576 1909 ἱματίοισι]
1614 1858 1637 1895 i.
1664 1872 1696 1896 e.
1729 1860 1792 1908 qui

1125 1916 1272 1967 fructus
1303 1915 1445 1965 quando
1473 1917 1670 1962 maturuit,
1694 1928 1790 1966 pan-

1132 1975 1189 2010 πίε
1229 1985 1306 2010 eum
1341 1971 1535 2022 percolant.
1593 1973 1710 2010 τοῦτο
1742 1971 1791 2010 ad

1133 2027 1290 2079 καρπόν
1324 2029 1576 2075 referendum,
1614 2028 1714 2066 haud
1735 2029 1792 2064 in-

1134 2087 1239 2124 solita
1258 2098 1398 2133 sensus,
1411 2097 1506 2134 quae
1519 2090 1683 2132 vocatur,
1698 2088 1792 2121 stru-

1133 2148 1245 2181 ctura.
1303 2142 1375 2179 Pro
1408 2141 1597 2192 ἱματίοισι
1634 2141 1793 2178 scribere

1133 2195 1345 2250 ἠ’θανίοισι
1381 2195 1429 2250 (i.
1461 2212 1493 2236 e.
1531 2196 1707 2245 cribris),
1752 2201 1791 2233 ut

1134 2257 1280 2306 quidam
1299 2254 1430 2302 voluit,
1459 2254 1604 2292 minime
1615 2266 1721 2303 ¹opus.
1732 2273 1790 2282 —-

1136 2311 1374 2351 σακκέουσι
1429 2323 1555 2347 omnes
1609 2310 1790 2359 praebent

1135 2369 1264 2413 codd.·‚
1313 2362 1526 2406 σακεύουσι
1562 2365 1713 2402 Photius
1752 2369 1789 2402 et

1134 2425 1288 2469 Suidas3
1325 2424 1485 2471 itemque
1521 2434 1564 2460 ex
1597 2421 1789 2459 Herodoto

1133 2477 1315 2521 σακεύειν
1335 2476 1376 2518 τὸ
1396 2477 1540 2525 migma
1561 2478 1604 2525 (i.
1623 2491 1654 2516 e.
1667 2491 1788 2528 perco-

1133 2539 1220 2581 lare,
1232 2536 1390 2583 saccaro)
1408 2536 1492 2571 citat
1505 2534 1719 2572 Eustathius
1740 2534 1789 2571 ad

1132 2595 1282 2631 Homer.
1314 2592 1351 2629 ll.
1381 2592 1465 2628 Xlll
1495 2605 1530 2642 p.
1551 2590 1653 2638 940,
1684 2593 1735 2631 17
1756 2603 1785 2627 s.

1132 2649 1229 2696 914,
1250 2652 1312 2690 10.
1352 2648 1510 2685 Bekker.
1529 2646 1693 2685 Aneedd.
1715 2647 1730 2683 1
1750 2660 1788 2696 p.

1135 2708 1227 2752 113,
1255 2707 1318 2746 32.
1353 2704 1615 2742 Valckenaerio
1641 2707 1788 2741 auctore

1131 2767 1274 2799 veteres
1294 2762 1465 2798 dixerunt
1482 2759 1637 2799 σακέειν
1662 2765 1700 2797 et
1723 2772 1787 2798 σα-

1132 2819 1272 2865 κίζειν,
1313 2818 1532 2856 recentiores
1563 2819 1724 2855 σακκεῐν
1751 2819 1788 2852 et

1133 2875 1352 2923 σακκίζειν,·
1399 2875 1461 2924 qui
1498 2874 1594 2912 idem
1633 2871 1787 2910 conferri
