1904 3304
76 1328 141 1372 24
200 1326 334 1382 μένην
363 1325 588 1381 τράπεζαν.

602 286 952 329 THALIA.

1008 286 1070 325 ΙΙΙ.
1415 286 1472 327 45

172 400 420 459 Βῲἐλαίου
450 401 536 456 εἰἠ·
589 398 702 452 ὄζειν
733 397 779 441 δὲ
810 394 885 440 ἀπ’
920 395 1051 453 αὐτῆς
1077 396 1177 440 ὡσεὶ
1206 398 1299 440 ἰ’ων.
1344 394 1473 439 ἀσθε-

199 462 270 523 νὲς
305 472 352 514 δὲ
381 470 430 513 τό
462 471 584 523 ὕδωρ
615 473 691 526 τῆς
722 468 882 525 κρήνης
902 468 1061 524 ταύτης
1092 467 1207 511 οὕτω
1240 466 1292 524 δή
1321 483 1362 510 τι
1392 467 1478 509 ἔλε-

201 560 281 599 γον
311 541 423 586 εἶναι
456 543 498 584 οἱ
527 540 812 591 κατάσκοποι,
857 540 965 583 ὥστε
998 539 1131 596 μηδὲν
1163 537 1260 582 οἷόν
1291 555 1335 582 τε
1365 536 1479 582 εἶναι

201 613 272 658 ἐπ’
311 612 452 656 αὐτοῦ
484 611 721 663 ἐπιπλέειν,
769 610 873 668 μήτε
914 611 1069 663 ξύλον,
1120 609 1225 666 μήτε
1261 613 1351 653 τῶν
1394 609 1477 653 ὅσα

203 685 337 738 ξύλου
376 685 461 728 ἐστὶ
493 683 785 739 ἐλαφρότερα·
834 680 940 725 ἀλλὰ
972 681 1113 724 πάντα
1145 681 1257 736 σφέα
1296 681 1477 737 χωρέειν

172 756 249 807 4ἐς
281 754 459 812 βυσσόν.
517 755 566 799 τό
599 757 643 798 δὲ
675 755 797 807 ὕδωρ
829 758 962 797 τοῦτο
995 755 1034 796 εἴ
1059 765 1139 808 σφι
1167 753 1256 795 ἔστι
1283 750 1477 809 ἀληθέως
1491 757 1534 791 25

204 825 300 871 οἷόν
330 845 370 870 τι
401 826 582 881 λέγεται,
615 825 686 869 δια
708 829 840 868 τοῦτο
873 823 927 867 ἄν
958 823 1064 875 εἶεν,
1095 825 1236 880 τούτῳ
1262 823 1313 866 τὰ
1333 823 1478 867 πάντα

175 899 340 955 5χρεώμ
349 915 438 942 ενοι
451 931 459 949 ,
493 897 738 952 μακρόβιοι.

799 896 883 939 ἀπὸ
913 900 987 950 τῆς
1007 894 1171 952 κρήνης
1195 895 1239 938 δὲ
1263 894 1478 938 ἀπαλλασ-

204 971 422 1026 σομένων,
473 967 651 1023 α’γαγεῖν
690 967 825 1023 σφέας
867 968 908 1018 ἐς
951 967 1248 1022 δεσμωτήριον
1290 965 1478 1021 ἀνδρῶν,

205 1042 312 1084 ἔνθα
359 1039 464 1091 τοὺς
505 1040 671 1091 πάντας
720 1039 766 1082 ἐν
804 1038 959 1095 πέδῃσι
1011 1039 1219 1095 χρυσέῃσι
1268 1037 1484 1081 δεδέσθαι.

174 1112 294 1155 δὲ’στι
325 1111 370 1154 δὲ
401 1111 448 1154 ἐν
475 1111 670 1155 τούτοισι
700 1115 812 1153 τοῖσι
841 1112 1028 1161 Αἰθίοψι
1064 1108 1239 1153 πάντων
1270 1107 1293 1152 ὁ
1326 1109 1534 1165 χαλκός31

203 1183 504 1226 σπανιώτατον
535 1184 606 1226 καὶ
636 1181 912 1238 τιμιώτατον.
969 1180 1236 1237 θεησάμενοι
1262 1181 1400 1224 δὲκαὶ
1429 1179 1478 1224 τὸ

204 1254 525 1310 δεσμωτήριον,
569 1255 814 1310 ἐθηήσαντο
846 1254 918 1297 καὶ
956 1254 1035 1309 τήν
1066 1258 1145 1297 τοῦ
1178 1253 1329 1296 Ἡλίου
1358 1256 1481 1307 λεγο-

149 1525 246 1561 Sunt
278 1524 407 1573 opinor
433 1526 552 1563 sontes
582 1526 764 1563 bituminis
787 1539 815 1563 s.

148 1581 238 1632 picis
270 1580 392 1630 pleni3
432 1583 530 1619 unde
557 1584 657 1631 quod
683 1596 817 1633 prove-

149 1639 203 1674 nit
229 1637 433 1687 petroleum
463 1639 537 1676 sive
565 1640 742 1689 naphtha,
772 1653 815 1677 eo

150 1698 293 1731 veteres
329 1693 398 1731 olei
430 1696 508 1733 viee
540 1709 624 1732 usos
658 1709 737 1733 esse
768 1697 815 1732 ad

151 1750 307 1788 eundem
330 1748 490 1789 Ctesiam
514 1766 547 1802 p.
571 1753 653 1793 346
679 1753 813 1789 monui.

198 1803 302 1853 ὄζειν
324 1805 365 1845 δὲ
380 1803 445 1846 ἀπ’
465 1804 590 1857 αὐτῆς
614 1807 705 1847 ὥσεὶ
730 1808 816 1859 ἴων]

150 1863 208 1901 De
233 1868 411 1901 structura
433 1866 574 1902 monuit
595 1866 729 1903 Matth.
749 1866 817 1902 Gr.

151 1921 217 1957 Gr.
235 1917 270 1970 ξ.
285 1922 379 1967 376,
392 1923 451 1958 ubi
470 1922 588 1959 locum
608 1924 658 1959 sic
673 1923 817 1959 reddit:

152 1975 383 2023 „DteQuelle
405 1978 516 2015 rieclee
534 1981 598 2015 wie
617 1979 706 2015 nacla
726 1979 817 2016 Veit-

154 2032 281 2068 chenf‘
325 2033 382 2069 Ad
415 2036 525 2072 verba
555 2030 660 2074 οὕτω
695 2031 745 2086 δή
780 2050 817 2074 τι

153 2090 247 2126 conf.
271 2089 330 2135 ΙΙΙ,
357 2093 419 2130 12.

210 2145 370 2196 χωρέειν
405 2145 444 2192 ἐς
471 2143 685 2198 βυσσόν]
731 2148 817 2185 Duo

152 2201 233 2238 libri
257 2198 405 2253 βυθόν.
448 2204 495 2240 At
517 2200 667 2254 βυσσόν
690 2204 817 2240 Ionum

155 2271 234 2296 esse
252 2273 272 2296 e
287 2259 420 2296 Scholl.
432 2259 614 2311 Aristoph.
628 2261 723 2297 Rau.
739 2262 816 2301 183

154 2320 279 2353 monet
296 2316 511 2365 Wesseling.
548 2317 606 2353 Ad
627 2318 757 2354 verba:
784 2316 824 2355 εἴ

156 2383 228 2421 σφι
252 2371 330 2410 ἔστι
352 2368 583 2423 ἅληθέως
606 2374 649 2410 cf.
672 2374 737 2420 Ill,
756 2376 817 2414 17.

212 2426 278 2466 διιέ
307 2431 424 2468 τοῦτο
463 2425 512 2469 ἂν
555 2426 657 2481 εἶεν]
708 2431 816 2467 Conf.

156 2484 287 2521 Matth.
318 2486 384 2522 Gr.
420 2487 485 2523 Gr.
518 2485 553 2537 ἓ.
589 2487 684 2532 514,
719 2490 755 2527 2.
785 2499 818 2523 a.

154 2541 338 2578 Herodoti
369 2543 528 2579 rationes
554 2543 682 2579 allatas
709 2543 819 2579 miras

157 2597 268 2635 videri
299 2598 436 2636 iudicat
460 2600 621 2637 Heeren.
644 2598 665 2635 l.
685 2598 706 2634 l.
733 2612 819 2649 pag.

157 2654 239 2694 338
258 2660 332 2691 not.
371 2654 420 2692 At
436 2656 633 2693 Hammero
653 2653 819 2702 (Annall.

157 2709 288 2746 Vienn.
317 2711 370 2747 IX
413 2726 449 2762 p.
481 2711 553 2762 64)
588 2713 704 2749 omnis
734 2713 823 2749 haec

158 2767 316 2802 narratio
337 2769 384 2804 ad
407 2768 547 2805 fabulas
578 2781 697 2806 sacras
727 2770 823 2806 refe-

158 2822 272 2859 renda
301 2823 446 2861 videtur
481 2825 640 2874 indeque
677 2825 823 2863 Macro-

159 2879 300 2915 biorum
322 2880 401 2916 fons
432 2881 553 2918 similis
574 2882 623 2918 illi
647 2883 739 2918 fonti
768 2883 822 2918 vi-

159 2934 243 2982 tali,
285 2936 348 2985 qui
367 2936 404 2973 in
424 2936 522 2974 libris
542 2938 735 2977 Persarum
762 2951 820 2976 sa-

649 1325 773 1369 Μετοὶ
805 1326 850 1369 δὲ
879 1326 1066 1381 ταύτην,
1107 1326 1353 1376 τελευταίας
1383 1325 1481 1381 ἐθη-

876 1527 942 1563 cris
971 1529 1121 1562 vocatur
1144 1524 1344 1573 Ardnisur,
1386 1529 1422 1563 et
1442 1539 1543 1563 com-

874 1586 1096 1620 memoratur
1126 1583 1162 1619 in
1201 1584 1360 1622 carmine
1402 1582 1542 1620 Schah-

873 1640 1017 1676 nameh.

920 1694 961 1734 ἐν
976 1694 1119 1748 πέδῃσι
1134 1692 1320 1748 χρυσέῃσι
1335 1693 1539 1746 δεδέσθαι]

872 1752 931 1790 De
953 1766 1020 1789 usu
1049 1751 1332 1801 praepositionis
1366 1751 1408 1791 ἐν
1439 1753 1540 1789 dixi-

876 1822 955 1846 mus
975 1810 1022 1846 ad
1044 1809 1073 1854 1,
1094 1810 1158 1849 66.
1199 1806 1259 1845 Ad
1283 1812 1543 1857 argumentum

876 1866 990 1902 citant
1023 1865 1132 1902 Dion.
1163 1865 1353 1913 Chrysost.
1398 1866 1462 1905 Or.
1487 1867 1541 1906 79

874 1936 910 1972 p.
924 1922 1005 1963 664
1018 1922 1060 1958 Β.
1081 1927 1119 1959 et
1137 1921 1327 1959 Heliodor.
1343 1921 1542 1972 Aethiopp.

875 1979 926 2014 IX
966 1993 1003 2029 p.
1026 1978 1093 2019 40.
1145 1977 1211 2014 Cr.
1243 1979 1349 2015 addit
1375 1978 1539 2016 Linden-

874 2035 979 2083 brog.
1023 2036 1071 2071 ad
1113 2034 1291 2072 Ammian.
1338 2035 1538 2072 Marcellin.

874 2091 1026 2137 XXVII,
1043 2094 1106 2137 12,
1134 2096 1156 2132 3
1180 2105 1216 2141 p.
1232 2094 1313 2132 207
1331 2092 1388 2128 ed.
1403 2092 1537 2140 Wagn.

875 2151 913 2184 et
935 2147 1011 2184 Erf.
1042 2147 1202 2184 Heeren.
1227 2147 1249 2183 l.
1269 2147 1290 2183 l.
1312 2161 1348 2197 p.
1372 2147 1455 2188 347
1481 2161 1538 2194 ea,

875 2217 970 2252 quae
989 2205 1036 2241 de
1057 2204 1175 2240 aureis
1199 2204 1436 2254 compedibus
1458 2217 1543 2241 nar-

875 2265 1001 2297 rantur
1020 2289 1031 2307 ,
1083 2260 1131 2296 ad
1169 2260 1309 2297 fabulas
1346 2261 1543 2298 reiicienda

877 2329 957 2354 esse
979 2321 1131 2362 censet3
1174 2317 1239 2354 sed
1272 2317 1357 2354 serri
1385 2321 1422 2354 et
1449 2318 1543 2354 aeris

876 2374 1063 2410 raritatem
1081 2374 1117 2410 in
1137 2373 1235 2410 hisce
1255 2374 1461 2422 regionibus
1484 2387 1544 2410 sa-

875 2431 921 2466 tis
942 2430 992 2467 ait
1014 2443 1093 2468 esse
1116 2435 1242 2467 notam
1263 2430 1542 2480 confirmarique

876 2486 1035 2524 Cosmae
1056 2488 1287 2534 narratione,
1318 2487 1380 2536 qui
1404 2488 1543 2524 serrum

876 2542 912 2579 in
933 2544 974 2580 iis
995 2544 1103 2581 rebus
1127 2548 1328 2590 recenseat,
1361 2556 1450 2593 quas
1469 2542 1545 2580 Ae-

875 2600 1020 2650 thiopes
1054 2600 1130 2636 auri
1169 2600 1249 2637 loco
1284 2613 1305 2637 a
1337 2600 1542 2650 peregrinis

879 2661 1094 2694 mercentur.
1154 2656 1212 2694 De
1242 2658 1338 2693 ferro
1369 2661 1408 2694 et
1443 2668 1542 2702 aere,

879 2714 980 2762 quod
1009 2713 1129 2762 prisco
1157 2713 1356 2749 admodum
1384 2725 1475 2750 aevo
1506 2713 1544 2749 in

878 2769 1033 2806 maxime
1052 2771 1220 2819 pretiosis
1243 2770 1448 2806 habebatur
1468 2782 1545 2806 me-

877 2826 995 2872 tallis,
1024 2825 1197 2862 nonnulla
1219 2826 1344 2863 notavi
1362 2826 1408 2862 ad
1427 2825 1457 2872 I,
1478 2824 1541 2866 25.

878 2884 942 2923 68.
958 2903 1014 2909 —
1045 2881 1104 2918 Ad
1130 2883 1283 2919 formam
1308 2877 1538 2932 ἐθηήσαντο

877 2940 971 2976 conf.
991 2943 1083 2976 nott.
1105 2939 1152 2977 ad
1173 2939 1203 2986 I,
1227 2941 1290 2980 10.

1544 1045 1627 1084 206

1539 1322 1692 1357 Quomodo
1706 1322 1814 1358 sepeli-

1539 1361 1591 1386 ant
1609 1360 1753 1386 mortuos.
