1904 3304
579 232 930 274 THALIA.

986 234 1050 273 ΙΙΙ.
1365 237 1449 277 159

179 346 281 397 τούς
315 345 570 403 προσεχέας,
621 345 789 389 ἄλλοισι
828 345 935 390 ἄλλα
970 345 1024 390 τὰ
1063 345 1277 402 ἑκαστέρω
1318 347 1450 390 ἔθνεα

150 405 334 474 Βνὲἵών.
390 416 543 474 Ἀρχᾶς
580 418 626 461 δὲ
664 418 737 462 καὶ
778 417 933 473 φόρων
967 419 1193 472 πρόσοδον
1228 417 1309 475 τήν
1347 417 1477 462 ἐπέ-5

178 484 433 533 monum&
461 488 563 534 τάδε
594 492 735 534 διεῖλε.

793 495 906 534 τοῖσι
944 490 1024 546 μὲν
1054 489 1203 534 αὐτῶν
1234 489 1449 546 ἀργύριον

178 558 480 616 ἀπαγινέουσι,
515 564 659 618 εἴρητο
692 560 981 618 Βαβυλώνιον
1011 560 1210 619 σταθμὸν
1231 561 1450 605 τάλαντον

122 686 229 712 unam
257 673 451 724 satrapiam
474 673 609 710 suerint
636 670 785 709 coniun-

122 736 200 768 ctae
220 735 351 777 terrae,
381 743 441 766 eas
462 743 587 767 ornnes
611 729 675 765 sibi
696 740 783 764 con-

122 788 297 825 terminas
336 792 399 823 aut
431 793 527 825 certe
556 788 782 836 propinquas

123 844 233 881 fuisse
266 842 364 887 vult,
396 844 447 879 ita
477 849 516 879 ut
556 844 606 879 ibi
642 847 782 878 tantum

123 901 280 937 existant
301 899 542 946 difficultates,
575 900 635 936 ubi
657 911 784 935 noma-

123 958 187 994 des
211 962 546 994 commemorentur.

179 1008 314 1063 Ἀρχὰς
336 1010 459 1051 δὲκαὶ
480 1008 616 1062 φόρων
634 1005 784 1061 πρόσο-

126 1068 221 1120 δον]
251 1070 356 1107 Haec
388 1071 467 1119 ipsa
494 1071 607 1107 verba
640 1069 784 1105 adiecta

124 1127 285 1164 indicare
308 1127 577 1176 quodammodo
601 1126 784 1171 videntur,

125 1184 162 1220 in
197 1184 263 1220 hac
291 1184 393 1231 regni
417 1183 595 1220 divisione
616 1195 689 1219 non
712 1193 784 1217 una

124 1240 259 1277 tributa
278 1239 445 1283 valuisse,
467 1240 533 1277 sed
555 1252 698 1276 ornnem
716 1239 786 1274 rei-

126 1296 289 1347 publicae
301 1297 664 1342 administrationem,
675 1308 784 1344 quam

127 1354 274 1399 dicunt,
306 1365 429 1401 regem
453 1353 666 1403 respexisse.
726 1351 786 1388 Ne

126 1422 213 1446 vero
242 1409 321 1457 quis
348 1410 493 1456 credat,
523 1422 566 1446 ex
591 1409 688 1446 hisce
718 1408 784 1444 tri-

127 1466 222 1502 butis
240 1465 460 1513 singularum
481 1467 659 1514 gentium,
691 1477 785 1514 quae

125 1521 316 1559 Persarum
337 1522 486 1571 irnperio
498 1526 708 1572 paruerunt,
723 1533 786 1558 ae-

124 1579 255 1614 rarium
283 1578 474 1624 exstitisse,
504 1580 601 1616 unde
624 1579 658 1614 in
689 1590 785 1614 rem-

125 1634 303 1684 publicam
324 1634 509 1684 impensae
520 1635 654 1672 suerint
667 1635 784 1672 factae

124 1703 167 1728 ae
184 1690 365 1737 militibus,
395 1692 668 1740 magistratibus
688 1690 785 1727 sala-

124 1748 178 1784 ria
229 1747 484 1798 stipendiaque
536 1748 678 1793 soluta;
715 1761 783 1798 pro

126 1804 274 1840 orientis
304 1817 405 1841 more
433 1806 556 1842 omnia
582 1804 784 1841 istiusmodi

127 1860 262 1896 tributa
281 1861 328 1896 ad
348 1873 472 1908 regem
493 1863 624 1911 ipsum,
637 1862 697 1910 qui
717 1874 784 1910 pro

128 1916 279 1952 arbitrio
299 1920 433 1963 utatur,
447 1919 643 1966 pertinent.
675 1917 784 1954 Conf.

129 1971 289 2008 Heeren.
314 1972 425 2009 ldeen
441 1974 470 2020 I,
490 1977 511 2015 1
541 1988 577 2023 p.
599 1973 695 2013 478.

186 2025 260 2073 τήν
280 2026 475 2080 ἐπέτειον]
504 2031 593 2067 Post
614 2030 786 2066 Schaese·

129 2096 206 2121 rum
237 2084 441 2134 Schweigh.
474 2091 511 2123 et
540 2087 657 2122 Gaisf.
702 2083 787 2123 ἔπε’-

129 2154 229 2185 τεον,
266 2141 459 2179 addicente
479 2143 661 2179 Sancrosti
681 2141 786 2189 libro,

129 2198 192 2246 qui
211 2197 275 2244 lli,
300 2197 365 2238 95.
384 2199 446 2246 IV,
468 2201 521 2240 26
540 2198 685 2236 exhibet
703 2196 787 2236 ἕπε’-

129 2267 175 2291 τε
189 2268 270 2291 ιον.
328 2253 510 2303 Equidem
531 2260 686 2304 utroque
707 2255 786 2292 loco

127 2309 313 2359 vulgatam
334 2312 493 2349 retinere
514 2311 633 2348 malui.
665 2312 723 2348 Cf.
739 2311 785 2358 ll,

128 2368 193 2406 92.
216 2367 260 2413 V,
282 2370 346 2408 49.
376 2367 579 2405 Larcherus
604 2367 787 2418 praetule-

129 2427 184 2458 rat
204 2421 360 2462 ἐπέτεον
379 2425 425 2462 ob
445 2425 600 2474 Gregor.
619 2425 785 2464 Corinth.

129 2491 214 2528 pag.
232 2478 324 2519 440.

185 2533 443 2585 Βαβυλώνιον
453 2533 636 2587 σταθμόν
648 2532 788 2575 τάλαν-

131 2604 200 2628 τον
221 2587 459 2643 ἀπαγινέειν]
493 2595 575 2631 Vox
594 2590 787 2632 τάλαντον

132 2659 179 2683 ne
204 2653 358 2685 mutetur
379 2651 414 2686 in
432 2646 640 2698 ταλάντου,
662 2655 785 2688 monet

133 2702 302 2749 U'essel„
322 2704 472 2743 laudans
492 2707 528 2755 Ι,
549 2700 619 2747 51.
645 2707 784 2745 Aelian.

133 2759 177 2795 V.
198 2759 245 2797 H.
271 2760 317 2805 X,
347 2763 397 2801 17
426 2767 461 2799 et
486 2763 513 2800 Ι.
534 2764 596 2801 Fr.
621 2764 784 2801 Gronov.

132 2814 190 2852 De
216 2815 348 2852 Pecun.
372 2816 453 2854 Vet.
471 2818 501 2866 1,
520 2822 555 2859 6.
594 2819 682 2857 Mox
702 2820 785 2858 reli-

133 2872 194 2920 qui
218 2867 459 2924 Εὕβοεικὸν,
493 2875 592 2913 cuius
620 2876 700 2914 loco
723 2876 784 2914 alii

846 663 1071 719 Εὐβοϊκόν,
1114 682 1209 718 quae
1248 670 1366 707 forma
1405 671 1504 720 apud

839 725 1051 775 Polybium,
1082 726 1325 773 Strabonem,
1363 726 1504 778 Appia-

840 795 925 819 num
952 784 1142 833 reperitur.
1201 785 1240 821 In
1258 786 1336 835 ipsa
1361 797 1400 821 re
1423 798 1505 822 cum

840 840 1034 876 Herodoto
1052 853 1199 889 prorsus
1222 842 1403 879 consentit
1420 841 1506 879 Pol-

842 896 901 933 lux
926 897 988 944 lx,
1011 898 1078 943 86,
1109 900 1344 947 septuaginta
1365 897 1504 936 Atticas

841 966 984 1004 ponens
1006 954 1141 999 rninas;
1161 957 1398 1004 septuaginta
1415 956 1505 992 (luas

841 1010 957 1047 minas
983 1010 1125 1047 Atticas
1147 1010 1318 1049 Aelianus
1340 1013 1383 1049 V.
1406 1013 1454 1049 H.
1475 1013 1505 1058 I,

841 1070 896 1108 22
926 1067 1129 1116 Babylonio
1162 1068 1299 1106 talento
1327 1069 1505 1115 attribuit,

841 1124 897 1160 cui
926 1123 1063 1161 Noster
1096 1127 1335 1174 septuaginta
1364 1130 1506 1163 tantum

842 1181 957 1217 minas
976 1179 1159 1218 Euboicas
1179 1183 1376 1228 adscribit3
1406 1183 1506 1221 unde

843 1238 1030 1286 sequitur,
1060 1240 1298 1288 septuaginta
1320 1240 1410 1277 duas
1439 1241 1508 1277 mi-

842 1306 909 1330 nas
929 1292 1070 1331 Atticas
1090 1307 1268 1344 aequasse
1290 1297 1507 1347 septuagin-

842 1354 880 1386 ta
909 1350 1112 1398 Euboicas,
1144 1352 1400 1402 talentumque
1423 1353 1506 1390 Eu-

841 1406 985 1443 boicum
1008 1406 1133 1445 Attico
1156 1410 1302 1458 gravius
1324 1411 1436 1448 fuisse
1462 1411 1507 1448 ea.

842 1464 919 1500 sere
940 1464 1092 1510 ratione,
1123 1478 1218 1514 quae
1242 1467 1384 1504 obtinet
1410 1468 1507 1505 inter

841 1532 1030 1557 numerum
1048 1522 1265 1560 tricesimum
1281 1524 1448 1572 quintum
1468 1527 1507 1561 et

841 1577 1061 1614 tricesimum
1081 1583 1232 1616 sextum.
1291 1580 1419 1629 Itaque
1438 1581 1507 1617 mi-

841 1645 910 1670 nus
941 1647 1047 1684 opus,
1079 1639 1117 1672 ut
1146 1649 1227 1672 cum
1253 1636 1362 1674 Gallo
1396 1637 1506 1674 docto

841 1689 918 1735 (De
939 1689 973 1726 la
992 1691 1107 1730 Barre
1125 1692 1162 1729 in
1172 1693 1284 1731 Mem.
1302 1693 1350 1731 de
1366 1693 1505 1731 l'Acad.

840 1747 875 1782 d.
898 1746 1065 1798 Inscript.
1087 1748 1155 1785 XII
1174 1763 1209 1800 p.
1224 1752 1305 1790 226
1327 1751 1447 1800 seqq.)
1467 1750 1506 1788 in

840 1804 1023 1841 Herodoti
1051 1809 1154 1842 textu
1181 1807 1403 1856 refingatur:
1439 1805 1505 1858 ἕβ-

843 1855 1071 1910 δομήκοντα
1090 1860 1157 1900 καὶ
1170 1859 1242 1902 δύο
1257 1862 1388 1914 μνέας.
1402 1864 1506 1901 Ube-

841 1917 915 1954 rior
933 1918 979 1954 ad
997 1918 1031 1954 h.
1050 1918 1071 1958 l.
1091 1923 1208 1956 exstat
1224 1920 1447 1970 Bellangerii
1469 1924 1505 1958 et

842 1972 1015 2011 Larcheri
1037 1977 1241 2021 annotatio,
1271 1977 1363 2014 illius
1381 1990 1507 2016 emen-

843 2029 1026 2067 dationem
1046 2031 1181 2072 hancce
1203 2034 1406 2082 probantis‚
1436 2034 1505 2070 hu-
1554 2081 1559 2084 .

844 2086 898 2122 ius
932 2086 1026 2123 illam
1059 2088 1251 2125 reiicientis
1286 2089 1506 2126 Euboicum-

844 2155 916 2191 que
942 2142 1118 2180 talentum
1145 2145 1379 2194 septuaginta
1399 2146 1505 2183 minis

843 2199 1047 2237 constitisse
1057 2200 1216 2250 indeque
1226 2201 1426 2252 Babylonio
1439 2215 1506 2252 par

843 2256 957 2292 ferme
976 2257 1086 2294 fuisse
1108 2258 1310 2295 iudicantis.
1342 2258 1424 2297 Nec
1446 2272 1505 2295 sa-

843 2324 889 2348 ne
911 2311 1058 2350 multum
1084 2314 1232 2352 differre
1258 2315 1403 2353 videtur
1429 2315 1506 2353 Eu-

842 2367 986 2405 boicum
1025 2374 1061 2407 et
1101 2370 1261 2408 Atticum
1311 2372 1505 2419 talentum,

845 2425 944 2473 quod
955 2426 1072 2474 ipsum
1085 2428 1278 2476 sexaginta
1289 2429 1404 2466 minas
1416 2442 1504 2466 con-

843 2482 993 2519 tinuisse
1010 2484 1192 2522 neminem
1215 2486 1320 2534 sugit.
1362 2485 1418 2522 Ad
1436 2498 1503 2523 no-

844 2543 936 2575 stras
958 2552 1145 2577 mensuras
1172 2542 1199 2578 si
1221 2543 1418 2588 revocaris,
1439 2555 1504 2579 au-

843 2599 944 2632 ctore
976 2595 1143 2633 Wurmio
1174 2597 1233 2635 De
1264 2599 1406 2648 poudd.
1443 2611 1504 2635 ra-

840 2652 953 2688 tionn.
978 2657 1046 2689 etc.
1065 2665 1150 2703 pag.
1171 2652 1246 2700 47,
1274 2656 1418 2705 pondus
1437 2655 1504 2691 mi-

840 2721 912 2746 nae
931 2709 1079 2747 Atticae
1105 2715 1159 2747 est
1187 2711 1211 2749 8
1226 2714 1251 2751 2
1267 2714 1287 2752 1
1301 2710 1339 2756 4,
1363 2712 1499 2752 28571

840 2777 958 2813 gran„
990 2765 1117 2803 talenti
1137 2765 1248 2803 Attici
1266 2766 1347 2807 492
1368 2768 1463 2813 857,
1478 2769 1501 2807 1

842 2834 947 2869 gran,
975 2822 1112 2870 Paris.,
1150 2823 1275 2871 itaque
1310 2824 1409 2860 mina
1440 2836 1502 2860 ae·-

841 2882 930 2928 quat
949 2881 988 2926 Ο,
1001 2880 1026 2918 8
1039 2881 1063 2920 9
1077 2881 1113 2925 1,
1126 2880 1235 2920 3070
1256 2879 1334 2917 libr.
1347 2879 1500 2917 Parisin.
