1904 3304
548 292 893 334 THALIA.
953 291 1015 329 111.
1357 292 1414 330 49

146 407 325 463 ρεὸντας
355 404 494 449 αὐτοῦ
522 401 659 459 ταύτῃ
688 401 817 456 τάξας
837 400 1091 458 ὑπομένειν,
1122 398 1201 443 τὸν
1221 398 1266 442 δὲ
1290 396 1417 451 πεζὸν

118 478 289 523 Βπάντα
330 475 419 533 ἅμα
462 473 687 531 ἀγόμενος.

756 472 875 516 Ἐπεί
907 488 952 516 τε
993 472 1039 516 δὲ
1077 469 1420 527 στρατευόμενος
1477 474 1558 513 207

147 547 313 605 ἐγένετο
346 547 392 590 ἐν
413 546 605 603 Θήβῃσι,
636 544 841 600 οἷπέκρινε
871 547 953 588 τοῦ
985 546 1176 597 στρατοῦ
1208 540 1266 593 ὥς
1295 541 1419 585 πέντε
1433 548 1476 582 56

145 618 384 675 μυριάδας·
429 617 501 660 καὶ
529 615 725 660 τούτοισι
754 615 833 671 μὲν
863 614 1119 665 ἐνετέλλετο,
1149 611 1422 669 Ἀμμωνίους

146 687 657 745 ἐξανδραποδισαμένους
700 685 749 729 τὸ
789 684 1056 742 χρηστήριον
1100 682 1149 727 τὸ
1194 687 1276 727 τοῦ
1312 683 1424 735 Διὸς

148 761 386 816 ἐμπρῆσαι·
428 758 564 811 αὐτὸς
594 760 640 803 δὲ
668 757 746 801 τὸν
776 755 933 801 λοιπὸν
962 755 1083 812 ἄγων
1116 752 1326 809 στρατὸν,
1358 752 1424 810 ἤϊε

122 831 171 871 4
156 832 224 875 επὶ
253 829 358 881 τούς
390 832 622 881 Αἰθίοπας.

684 829 798 882 Πρὶν
829 827 874 871 δὲ
905 831 981 883 τῆς
1012 823 1120 869 ὁδοῦ
1149 825 1198 868 τό
1229 824 1425 881 πέμπτον
1438 831 1482 865 60

150 901 282 959 μέρος
314 900 617 957 διεληλυθέναι
641 898 718 955 τήν
749 897 978 954 στρατιὴν,
1008 896 1164 941 αὐτίκα
1186 896 1329 940 πάντα
1351 895 1424 939 αὐ-

149 973 256 1024 τούς
285 973 336 1016 τὰ
368 970 484 1028 εἶχον
514 973 662 1015 σιτίων
691 968 872 1026 ἐχόμενα
902 969 1190 1013 ἐπελελοίπεε·

1243 984 1348 1023 μετα
1380 968 1427 1011 δὲ

124 1043 210 1088 5τὰ
242 1045 376 1093 σιτία,
408 1042 482 1086 καὶ
511 1059 563 1085 τα
586 1040 800 1097 υποζύγια
831 1041 1000 1084 ἐπέλιπε
1030 1037 1360 1094 κατεσθιόμενα·
1391 1040 1428 1082 εἰ

152 1115 232 1172 μέν
251 1131 334 1158 νυν
355 1112 513 1171 μαθων
531 1116 669 1156 ταῦτα
701 1110 723 1156 ὁ
753 1110 991 1168 Καμβύσης
1021 1108 1325 1167 ἐγνωσιμάχεε,
1355 1110 1429 1154 καὶ
1441 1116 1484 1151 65

96 1290 191 1328 xime
210 1290 361 1327 navibus
393 1291 558 1328 constitit
593 1292 691 1338 (πᾶς
718 1290 761 1330 ἐκ

100 1346 302 1386 Φοινίκων
330 1344 477 1397 ἤρτητο
516 1346 539 1384 ὁ
579 1344 764 1394 ναυτικός

99 1401 260 1455 στρατός
291 1403 355 1450 ΙΙΙ,
372 1406 422 1444 19
446 1401 546 1451 fia),
587 1405 764 1453 praebere

99 1460 214 1497 coacti
254 1463 369 1495 erant.
425 1459 522 1495 Hinc
554 1460 624 1496 iam
655 1474 765 1511 supra

100 1517 163 1563 ΙΙΙ,
187 1517 237 1556 13
257 1514 480 1564 Mytilenaea
506 1528 766 1554 commemora—

100 1577 159 1609 tur
177 1572 291 1608 navis.
311 1593 367 1599 ——
397 1566 524 1609 αὐτοῦ
551 1570 673 1627 ταύτῃ
700 1586 765 1610 va-

101 1629 151 1666 let
173 1641 209 1664 eo
231 1630 306 1677 ipso
327 1627 412 1664 loco.
454 1628 537 1665 vid.
558 1636 650 1667 nott.
672 1629 765 1676 adl,

104 1686 185 1727 189
207 1685 269 1720 fin.

161 1736 204 1779 τὸ
223 1735 462 1792 χρηστήριον
488 1736 538 1778 τό
559 1743 633 1780 τοῦ
655 1738 767 1791 Διὸς]

105 1796 304 1835 Articulum
335 1793 377 1835 τὸ
406 1802 494 1833 ante
529 1800 602 1837 τοῦ
638 1799 772 1836 omittit

106 1855 291 1891 Sanerosti
310 1853 410 1890 liber.
441 1852 560 1901 Male3
588 1868 673 1892 nam
686 1868 772 1892 usus

106 1910 280 1960 loquendi
297 1909 486 1946 articulum
502 1913 695 1962 repetitum
714 1924 772 1948 sa-

108 1967 155 2003 tis
188 1967 257 2003 sibi
287 1966 456 2014 flagitare
489 1969 643 2008 videtur.
705 1968 771 2005 Cr.

109 2024 196 2061 citat
212 2023 397 2059 Schaeser.
412 2021 554 2062 Melett.
572 2026 667 2062 critt.
687 2038 722 2075 p.
735 2026 772 2063 8.

168 2074 298 2116 πάντα
328 2073 475 2124 αυτούς
501 2103 558 2108 —
584 2081 774 2120 ἐπελελοί-

111 2132 231 2186 πεε]
223 2148 245 2171 ι.
261 2148 291 2171 e.
310 2147 404 2171 omne
423 2135 574 2174 ciborum
592 2151 702 2187 genus
721 2151 773 2174 eos

112 2191 254 2242 defecit.
277 2190 340 2228 l'u
358 2192 452 2227 conf.
466 2192 509 2240 ΙΙ,
522 2194 673 2243 25'1biq.
684 2198 775 2231 nott.

112 2248 185 2286 Pro
207 2246 454 2287 ἐπελελοίπεε
482 2251 572 2288 liber
592 2251 776 2288 Sancrofti

113 2304 375 2353 ἐπιλελοίπεε,
407 2307 542 2344 omisso
563 2312 775 2356 augmento,

114 2362 162 2399 de
191 2375 264 2411 quo
284 2361 357 2398 vid.
390 2361 438 2398 ad
461 2362 488 2410 Ι,
517 2365 570 2405 94
590 2369 681 2401 nott.
719 2364 776 2400 Ad

114 2419 245 2456 verba:
282 2413 328 2455 τὰ
353 2413 459 2467 εἶχον
481 2422 616 2459 σιτίων
648 2417 778 2471 ἐχόμε-

116 2489 167 2513 να
185 2475 280 2511 cons.
303 2474 329 2510 l.
353 2476 430 2515 120
454 2477 541 2527 ibiq.
558 2482 653 2515 nott.
675 2483 713 2515 et
730 2477 779 2514 ad

118 2544 221 2580 seqq.
276 2528 434 2569 ἐπέλιπε
491 2530 780 2585 κατεσθιόμενα

117 2586 252 2624 Matth.
273 2587 338 2624 Gr.
357 2588 425 2626 Gr.
446 2588 481 2640 ἓ.
502 2590 581 2632 551
605 2592 640 2628 (Ι.

178 2657 198 2681 ο
240 2639 464 2694 Καμβύσης
504 2641 779 2699 ἐγνωσιμαχεε]

122 2700 146 2736 i.
172 2711 204 2736 e.
246 2699 290 2736 Si
331 2700 514 2752 Cambyses
554 2705 782 2741 obsti'natwne

122 2768 188 2792 sua
215 2757 331 2803 victa,
371 2759 514 2796 consisto
539 2765 694 2806 mutam,
735 2759 783 2796 acl

122 2812 246 2858 aliam,
277 2812 445 2851 meliorem
465 2817 539 2854 scil.
564 2819 781 2861 sententiam,

124 2882 159 2906 se
181 2871 411 2906 convertisset.
457 2873 616 2911 Verbum
646 2886 783 2925 ymm—

126 2929 286 2977 μαχεῖν,
328 2927 428 2974 quod
459 2929 584 2968 Ionicis
609 2932 784 2968 adnume-

181 2983 390 3019 HERoDoT.
411 2982 456 3019 ΙΙ.

820 1294 919 1327 ratur
934 1289 1081 1326 vocibus
1100 1302 1120 1325 a
1141 1289 1296 1337 Gregor.
1318 1287 1484 1324 Corinth.

820 1360 856 1397 p.
877 1347 973 1393 539,
994 1346 1176 1383 iuvenitur
1197 1345 1381 1391 V111‚29.
1406 1344 1485 1390 Vll,

823 1405 917 1450 130,
937 1402 1034 1439 unde
1055 1403 1182 1439 sumsit
1199 1402 1399 1438 Pausanias
1420 1400 1486 1447 IX,

822 1458 904 1511 7§.
925 1458 963 1505 4,
998 1458 1057 1495 ubi
1084 1459 1158 1495 vid.
1179 1458 1336 1496 Siebelis
1365 1471 1402 1507 p.
1422 1429 1488 1499 27'.

823 1515 959 1552 Glossa
995 1514 1211 1552 Herodotea
1256 1515 1405 1564 exponit
1442 1528 1485 1552 τυ

822 1574 975 1623 γνῶναι
997 1587 1072 1622 την
1092 1570 1237 1610 ἑαυτοῦ
1260 1566 1488 1616 α’σθένειαν,

822 1624 898 1678 τήν
939 1643 979 1666 τε
1012 1642 1093 1666 των
1132 1627 1323 1667 ἐναντίων
1361 1621 1489 1676 ι’σχυν.

824 1686 966 1723 Eadem
986 1685 1098 1723 habet
1112 1686 1311 1734 Gregorius
1324 1683 1492 1721 Corinth.

826 1743 849 1779 l.
870 1743 892 1779 l.
917 1764 964 1769 —
992 1742 1113 1786 Quam
1137 1715 1248 1791 lonoge
1268 1746 1391 1778 autem
1414 1753 1492 1777 me-

828 1799 956 1836 ridiem
974 1812 1099 1836 versus
1118 1799 1320 1847 Cambyses
1343 1809 1491 1848 proces-

829 1857 938 1902 serit,
986 1856 1022 1891 id
1052 1869 1094 1893 ex
1123 1856 1314 1893 Herodoto
1347 1865 1494 1891 accura-

829 1914 900 1950 tius
930 1913 1074 1950 definiri
1110 1926 1221 1962 posse
1255 1915 1368 1961 negat
1391 1911 1495 1948 Hee-

829 1983 905 2006 ren.
926 1971 949 2006 1.
969 1969 992 2005 Ι.
1021 1983 1056 2019 p.
1079 1971 1178 2015 337,
1220 1970 1281 2006 ubi
1306 1981 1380 2006 non
1400 1967 1495 2016 fugit

831 2027 944 2062 virum
963 2026 1121 2072 doctum,
1153 2026 1253 2074 quod
1269 2025 1327 2062 alii
1344 2025 1495 2061 tradunt

831 2095 950 2119 rerum
984 2082 1199 2131 scriptores,
1250 2083 1297 2118 ad
1328 2080 1495 2118 Meroem

831 2151 947 2187 usque
991 2139 1136 2175 venisse
1177 2138 1412 2186 Cambysem.
1463 2135 1496 2171 A

832 2207 904 2243 quo
927 2195 1006 2244 ipso
1029 2194 1191 2231 Meroen]
1222 2195 1407 2230 conditam
1437 2205 1497 2228 so—

832 2251 997 2300 rorisque
1021 2250 1168 2287 nomine
1185 2249 1407 2300 appellatam
1439 2249 1499 2284 fu-

834 2307 906 2345 isse
928 2312 1055 2344 auctor
1072 2311 1128 2344 est
1138 2306 1290 2344 Diodor.
1305 2306 1333 2352 I,
1356 2307 1422 2352 33,
1435 2304 1498 2341 ubi

835 2365 930 2401 conf.
952 2363 1110 2403 Wessel.
1145 2364 1252 2399 Conf.
1277 2362 1412 2407 ibid.1‚
1431 2362 1498 2407 34,

834 2421 1097 2468 ubiCambysis
1121 2420 1310 2469 imperium
1328 2420 1364 2456 in
1383 2430 1499 2467 quae-

836 2477 921 2513 dam
938 2476 1156 2527 Aethiopiae
1180 2476 1260 2512 loca
1281 2487 1502 2512 commemo-

837 2538 905 2570 rat.
926 2555 981 2560 —
1010 2534 1052 2570 In
1075 2546 1179 2582 seqq.
1205 2533 1253 2569 ad
1275 2545 1401 2570 vocem
1432 2526 1502 2581 ἆρ-

839 2592 965 2640 mosa)
991 2591 1084 2627 conf.
1114 2589 1142 2632 I,
1170 2590 1259 2629 131.
1296 2589 1342 2636 ΙΙ,
1366 2590 1445 2629 138
1466 2590 1503 2624 et

840 2646 887 2683 ad
913 2646 1069 2683 lonicam
1104 2658 1228 2682 vocem
1265 2659 1444 2696 αμαρτας
1471 2644 1500 2688 1,

842 2704 907 2742 91.
943 2704 1035 2743 119.
1060 2701 1158 2748 Vffl,
1182 2700 1272 2742 140.
1320 2701 1379 2739 De
1405 2701 1505 2737 locu-

841 2760 942 2796 tione
974 2754 1090 2809 λόγον
1123 2761 1329 2796 ποιεῖσθαι
1357 2758 1452 2795 conf.
1473 2756 1502 2801 Ι,

842 2813 879 2854 4.
903 2817 965 2855 13.
978 2817 1058 2855 213
1073 2818 1140 2852 etc.
1160 2827 1205 2851 ne
1221 2814 1333 2863 plura.
1346 2836 1401 2841 —-
1414 2814 1505 2852 νῦν

843 2869 894 2909 δὲ
920 2885 963 2909 ex
983 2872 1017 2908 h.
1034 2872 1055 2909 l.
1083 2872 1180 2908 citat.
1204 2870 1336 2907 Matth.
1360 2869 1398 2920 ξ.
1422 2871 1503 2909 607

842 2943 878 2980 p.
903 2931 1021 2970 1216.
1070 2928 1130 2966 Tu
1148 2929 1234 2965 add.
1260 2928 1325 2975 ΙΙΙ,
1350 2927 1412 2968 15.
1438 2929 1503 2967 21.

1205 2989 1230 3024 4
