1904 3304
546 254 1232 293 MELPOMENE.1V.

1448 255 1528 294 361

260 365 512 421 Αἰγυπτίων
532 363 732 420 βασιλέος
762 363 939 417 πρώτου
964 367 1053 406 τῶν
1085 362 1202 419 ἡμεῖς
1230 363 1377 417 ἴδμεν,
1408 380 1532 406 κατα-

231 443 253 479 4
269 437 480 488 δέξαντος.

542 434 590 486 ὃς
619 435 709 478 ἐπεί
739 451 782 478 τε
813 434 892 490 τὴν
928 433 1121 489 διώρυχα
1151 433 1367 477 ἐπαύσατο
1401 432 1534 488 ὀρύσ-

258 521 348 552 σων
377 508 457 565 τήν
488 507 534 551 ἐκ
564 511 644 550 τοῦ
677 510 843 551 Νείλου
882 508 1111 563 διέχουσαν
1149 505 1192 556 ἐς
1220 503 1300 548 τόν
1324 504 1586 559 Ἀροέβιονὸο

257 579 446 631 κόλπον,
477 578 697 633 ἀπέπεμψε
727 580 939 629 Φοίνικας
969 577 1130 631 ἄνδρας
1160 578 1373 624 πλοίοισι,
1402 575 1527 618 ἐντει-

257 650 444 707 λάμενος
501 649 544 701 ἐς
595 648 642 693 τὸ
697 647 836 694 ὀπίσω
894 648 955 692 δι’
1003 648 1277 705 ΓΗροεκληΐων
1339 645 1528 704 στηλέων

202 809 350 857 σιλῆος.
382 807 440 844 Ad
460 802 745 852 καταδέξαντος
766 804 861 840 conf.

201 864 230 911 Ι,
253 866 331 905 163
352 864 474 913 ibique
494 866 585 900 nott.
624 861 683 898 De
701 861 778 910 ipsa
798 873 864 897 na-

203 921 408 969 vigatione,
438 932 546 968 quam
565 917 659 966 regis
679 917 779 953 iussu
796 917 863 953 cir-

205 990 248 1014 ca
264 978 420 1014 Africam
436 975 640 1013 instituisse
656 978 865 1018 narrantur,

203 1032 307 1084 plura
349 1034 505 1070 diximus
545 1032 583 1066 in
619 1030 781 1066 Excursu
818 1030 866 1066 ad

204 1090 239 1127 h,
260 1089 283 1126 l.
306 1111 356 1117 —
389 1089 447 1127 De
474 1087 611 1133 canali,
656 1087 756 1122 cuius
782 1098 866 1122 mox

204 1146 340 1184 mentio
356 1146 409 1192 fit,
429 1146 501 1182 vid.
525 1149 616 1181 nott.
639 1143 686 1179 ad
710 1142 755 1188 ll,
771 1143 863 1182 158.

262 1199 307 1249 ὃς
356 1201 441 1240 ἐπεὶ
487 1215 527 1239 τε
571 1197 644 1250 τήν
693 1195 867 1248 διώρυχα

205 1255 405 1299 ἐπαύσατο
437 1253 646 1308 ὀρύσσων]
693 1257 716 1294 i.
748 1269 778 1292 e.
808 1256 871 1304 qui

203 1319 389 1367 postquam
402 1314 549 1364 fodere,
579 1327 607 1351 s.
632 1312 768 1362 fossam
802 1312 868 1348 ‹Iu-

208 1385 282 1409 cere
312 1372 437 1418 desiit,
478 1371 523 1407 ab
558 1383 670 1420 opere
699 1371 869 1418 incoepto

208 1429 363 1466 necdum
383 1427 551 1465 absoluto
571 1427 765 1463 desistens,
786 1425 870 1462 Mo-

207 1498 279 1523 neo
300 1490 452 1535 propter
473 1483 624 1521 Dureau
649 1483 695 1519 de
712 1482 745 1518 la
759 1481 870 1518 Malle

207 1542 366 1590 (Ge'ogr.
387 1540 529 1590 physiq.
556 1540 603 1576 de
632 1538 666 1575 la
694 1552 770 1575 mer
791 1537 871 1574 noi-

207 1611 248 1635 re
269 1599 335 1638 68.
360 1598 457 1645 69),
509 1596 571 1645 qui
598 1595 733 1645 duplici
759 1594 871 1631 modo

207 1654 299 1691 haec
320 1654 434 1691 verba
454 1652 567 1702 accipi
585 1665 695 1702 posse
717 1655 872 1688 conten-

207 1711 286 1758 dit,
330 1723 374 1748 eo
414 1709 582 1747 nimirum
619 1709 752 1755 modo,
798 1719 871 1756 quo

207 1767 279 1817 ipsi
303 1779 370 1804 nos
393 1767 642 1812 reddidimus,
673 1764 788 1802 altero
807 1776 869 1800 au-

208 1828 283 1860 tem
314 1823 448 1869 modo,
486 1827 526 1858 ut
555 1821 726 1860 valeant:
774 1823 873 1871 post-

210 1892 315 1930 quam
340 1879 472 1915 destitit
493 1892 516 1915 α
527 1877 722 1928 fodiendo,
758 1876 873 1928 perfe-

212 1940 271 1973 cta
291 1936 367 1972 scil.
382 1935 509 1985 fossa‚·
549 1936 586 1971 in
608 1948 681 1984 quo
703 1934 800 1970 illum
821 1934 874 1971 la-

210 2005 318 2043 psum
341 2005 421 2030 esse
441 1997 606 2042 apparet.
667 1991 742 2034 Qui
774 1991 871 2028 idem

211 2050 264 2085 vir
286 2050 414 2086 doctus
446 2047 606 2085 canalem
636 2047 773 2084 huncce
799 2048 872 2083 iam

212 2119 235 2143 a
252 2105 414 2142 Sesostri
434 2106 567 2141 sactum
587 2117 668 2141 esse
688 2104 802 2153 ponit,
822 2104 874 2140 ita

212 2167 276 2208 ut,
316 2162 494 2210 quidquid
522 2161 568 2197 de
587 2160 762 2206 Necone,
793 2159 873 2196 Da—

212 2219 289 2265 rio,
329 2217 541 2255 Ptolemaeo
588 2224 778 2262 narretur,
828 2217 875 2252 ad

212 2275 457 2324 reparandum
514 2273 678 2310 canalem
735 2273 874 2309 dudum

212 2333 435 2382 perfectum,
465 2331 697 2379 eundemque
715 2342 877 2379 purgan-

215 2388 300 2424 dum
331 2387 567 2438 pertinuerit,
611 2387 776 2435 quamxis
809 2386 876 2422 ho-

215 2445 312 2481 noris
333 2444 436 2493 quasi
464 2456 573 2481 causa
595 2443 712 2494 ipsum
741 2442 876 2479 canalis

216 2513 307 2549 opus
329 2500 395 2537 illis
414 2501 607 2537 tribuatur.
659 2500 750 2536 Mihi
773 2511 875 2536 secus

216 2556 367 2593 videtur.
417 2557 475 2594 Cf.
501 2561 593 2594 nott.
616 2557 664 2593 ad
692 2556 748 2602 ΙΙ,
784 2558 876 2602 158,

218 2616 254 2649 et
272 2613 478 2650 Tzschuck.
511 2614 558 2650 ad
578 2613 759 2663 Pompon.
789 2613 874 2649 Mel.

218 2673 310 2705 nott.
331 2682 460 2718 exegg.
482 2670 551 2716 (ad
569 2670 640 2717 ΙΙΙ,
669 2672 693 2710 8
717 2667 753 2719 §.
773 2672 818 2716 7)
838 2683 874 2720 p·

218 2726 315 2765 358.
348 2725 426 2761 Vol.
449 2725 497 2762 ΙΙΙ
516 2726 557 2762 P.
578 2727 652 2773 Ill,
681 2727 743 2774 qui
767 2727 876 2763 etiarn

219 2781 267 2819 de
289 2794 376 2818 voce
406 2781 452 2819 δι
468 2777 592 2832 ω’ρυξ
616 2784 775 2829 monuit,
805 2795 877 2831 qua

219 2840 266 2875 de
288 2837 354 2874 hoc
377 2839 475 2874 amni
494 2840 621 2876 natura
644 2840 743 2876 facto
765 2841 878 2876 utitur

219 2899 255 2932 et
284 2893 381 2932 Mela
412 2898 450 2932 et
483 2893 691 2943 Diodorus,
731 2896 877 2946 quaque

923 806 959 840 et
980 802 1039 840 alii
1052 803 1249 853 scriptores
1267 806 1417 839 utuntur
1439 803 1485 839 de
1502 801 1581 839 aliis

921 859 1106 896 canalibus
1134 865 1172 896 et
1191 858 1301 896 alveis
1323 859 1506 895 derivatis.
1529 880 1578 886 -—

922 916 1011 952 Mox
1049 928 1128 952 cum
1160 914 1364 964 Schweigh.
1394 919 1431 952 et
1462 915 1580 952 Gaisf.

924 973 1025 1010 edidi
1057 970 1265 1022 διέχουσαν
1297 984 1364 1021 pro
1399 970 1583 1021 ἔχουσαν,

924 1029 1024 1078 quod
1044 1028 1164 1078 plures
1183 1028 1264 1065 libri
1281 1028 1441 1076 itemque
1454 1028 1586 1065 Matth.

923 1087 1091 1123 retinent.
1143 1086 1201 1121 Cf.
1236 1084 1325 1130 Vll,
1361 1087 1452 1126 122.
1507 1084 1588 1122 Nec

923 1144 1042 1192 ipsum
1089 1140 1187 1191 ἔχειν
1226 1140 1382 1178 alienum
1423 1154 1502 1178 esse
1541 1141 1587 1178 ab

924 1198 1120 1235 Herodoto
1141 1202 1427 1235 commonstrant
1446 1198 1473 1246 Ι,
1498 1198 1587 1239 180.

929 1257 1004 1295 191
1031 1256 1119 1304 ibiq.
1141 1259 1232 1291 nott.

983 1305 1257 1360 ἐντειλάμενος
1277 1308 1315 1356 ἐς
1334 1306 1376 1348 τὸ
1395 1304 1589 1348 ὀπίσω-

927 1366 1161 1418 διεκπλέειν]
1201 1365 1421 1406 διεκπλέειν
1440 1380 1507 1416 pro
1525 1365 1590 1404 ἐκ·

927 1423 1060 1463 πλέειν
1090 1437 1169 1462 cum
1198 1424 1281 1461 edd.
1307 1428 1460 1460 recentt.
1491 1423 1590 1460 dedi.

928 1482 986 1518 Cf.
1008 1481 1069 1527 lv,
1099 1481 1164 1521 43.
1196 1481 1275 1527 Vll,
1309 1482 1398 1519 122.
1425 1479 1522 1527 147,
1553 1484 1592 1517 et

928 1538 1084 1574 Porsoni
1102 1536 1294 1574 Verisimil.
1325 1550 1361 1586 pv.
1383 1536 1465 1576 235
1497 1549 1526 1574 s.
1552 1549 1588 1586 p.

931 1593 1012 1634 142
1030 1594 1131 1644 Lips.
1168 1594 1226 1630 Ad
1249 1597 1505 1641 argumentum
1523 1592 1591 1628 ob-

928 1656 1094 1698 servant,
1125 1650 1216 1687 scite
1238 1649 1308 1686 hec
1326 1649 1456 1686 fecisse
1477 1648 1592 1685 videri

928 1721 1075 1756 regem,
1117 1706 1217 1756 quod
1256 1719 1277 1742 a
1316 1706 1399 1742 sinu
1435 1704 1591 1741 Arabico

929 1765 1015 1801 inde
1041 1763 1120 1800 illos
1148 1763 1197 1800 ad
1217 1761 1370 1810 Libyam
1391 1761 1591 1798 circumna-

929 1821 1126 1870 vigandam
1140 1819 1321 1870 proficisci
1341 1819 1500 1863 iusserit,
1514 1830 1594 1854 cum

930 1878 1116 1926 navigatio
1142 1876 1209 1913 hac
1229 1888 1272 1913 ex
1292 1880 1396 1926 parte
1425 1875 1593 1911 instituta

928 1935 1082 1971 totidem
1100 1934 1176 1970 fere
1189 1933 1366 1982 praebeat
1384 1932 1590 1977 commoda,

930 1995 1020 2040 quot
1043 1990 1274 2027 incommoda
1294 1989 1475 2034 existunt,
1506 2000 1594 2024 con-

930 2047 1040 2083 traria
1069 2059 1090 2082 a
1120 2050 1225 2096 parte
1256 2045 1286 2081 si
1319 2045 1593 2093 navigationem

930 2104 1120 2140 instituere
1137 2101 1237 2138 velis.
1277 2101 1350 2145 Qui
1372 2101 1418 2137 ab
1437 2100 1593 2137 Arabico

931 2160 1012 2196 sinu
1032 2158 1324 2209 proficiscuntur,
1354 2157 1396 2193 iis
1417 2156 1514 2194 venti
1536 2169 1594 2193 se-

932 2217 1060 2261 cundi,
1108 2215 1272 2263 itemque
1302 2214 1412 2251 maris
1442 2214 1594 2259 fluenta,

932 2286 1075 2309 cursum
1096 2272 1198 2308 navis
1225 2271 1456 2316 adiuvantia3
1498 2282 1593 2318 quae

934 2331 1056 2365 omnia
1094 2329 1277 2365 contraria
1311 2327 1357 2364 ab
1403 2327 1472 2363 alia
1508 2327 1596 2363 inde

933 2390 1038 2437 parte
1064 2385 1280 2436 progressis,
1332 2383 1503 2432 Namque
1536 2383 1597 2419 ln-

934 2444 1054 2479 dicum
1084 2454 1150 2492 per
1179 2453 1279 2478 mare
1320 2441 1458 2478 etesiae
1488 2452 1507 2477 e
1538 2452 1596 2476 se-

932 2499 1140 2550 ptentrione
1183 2498 1324 2548 spirant
1364 2510 1432 2547 per
1478 2500 1596 2533 totum

933 2563 1079 2607 tempus
1098 2555 1246 2592 aestatis
1259 2553 1514 2603 hemisphaerii
1532 2565 1596 2589 au-

933 2612 1075 2657 stralis;
1111 2616 1186 2648 tum
1207 2612 1405 2648 secundum
1426 2609 1594 2647 occiden-

932 2669 1006 2706 tale
1033 2668 1178 2705 Africae
1207 2668 1291 2704 litus
1330 2672 1501 2704 constans
1541 2670 1596 2702 est

933 2729 1058 2763 auster
1096 2726 1349 2773 fluentumque
1402 2723 1594 2760 maximam

933 2787 1075 2833 partem
1097 2783 1246 2818 boream
1257 2793 1382 2817 versus
1402 2779 1593 2817 delabitur.

934 2840 1066 2888 Itaque
1082 2838 1172 2875 haec
1189 2850 1248 2875 res
1271 2837 1319 2874 ad
1337 2837 1448 2873 totius
1468 2847 1593 2872 narra-

935 2896 1044 2933 tionis
1092 2895 1202 2932 fidem
1249 2899 1426 2943 quantum
1468 2891 1591 2938 faciat,
