1904 3304
469 229 1029 270 MELPOMENE.
1087 232 1149 270 IV.

187 339 231 382 οἷ
293 337 414 393 ὄφιες
490 340 533 382 οἱ

609 339 928 397 ὑπερμεγάθεες

1355 235 1439 275 619

1007 341 1076 384 καὶ
1157 341 1202 384 οἱ
1271 339 1440 392 λέοντες

185 407 293 452 κατὰ
349 406 535 459 τούτους
592 411 692 462 εἰσὶ,
759 413 831 455 καὶ
891 414 935 456 οἱ
991 411 1218 467 ἐλέφαντές
1271 427 1316 455 τε
1367 413 1441 455 καὶ

184 478 356 532 ἄρκτοι,
425 480 498 522 καὶ
548 477 722 532 ἀσπίδες
764 498 808 525 τε
854 483 928 526 καὶ
972 483 1068 526 ὄνοι
1115 484 1158 526 οἱ
1202 482 1254 526 τοὶ
1312 483 1440 538 κέρεα

181 614 248 654 καὶ
269 615 310 654 οἷ
329 613 552 665 ἐλέφαντες]
572 613 699 651 Utitur
713 613 781 652 hoc

124 670 305 709 Herodoti
348 672 427 709 loco
452 671 628 719 Schlegel.
672 671 778 718 (Ind.

125 728 297 765 Biblioth.
326 729 361 775 Ι,
392 733 417 770 2
450 740 534 778 pag.
574 726 652 766 145
671 731 781 776 seq),

125 797 204 822 cum
226 786 322 834 apud
344 785 572 822 Herodotum
593 785 708 833 prima
728 784 780 820 in-

125 845 181 878 ter
201 841 363 878 Graecos
393 840 587 890 scriptores
621 839 684 876 fiat
715 840 780 876 hu-

124 897 180 934 ius
215 898 377 934 animalis
410 896 569 942 mentio,
609 896 709 943 quod
731 895 777 931 ab

124 954 206 1002 ipso
237 959 339 1002 patre
364 953 534 989 historiae
560 951 674 987 visum
697 964 778 988 esse

123 1014 236 1058 negat
255 1008 431 1057 Schlegel.
443 1035 455 1054 ‚
474 1008 542 1044 hoc
555 1019 701 1056 quoque
713 1008 779 1044 ad-

123 1065 267 1112 ficiens,
305 1066 341 1101 in
372 1065 425 1101 his
447 1064 589 1101 Africae
618 1064 778 1111 regioni-

123 1121 215 1168 bus,
259 1133 353 1170 quae
384 1121 431 1157 ad
471 1132 584 1168 regna
613 1120 712 1156 Fezz
742 1124 779 1157 et

122 1176 292 1214 marocco
317 1178 544 1227 pertineant,
582 1188 677 1212 nunc
702 1175 779 1212 nul-

122 1232 178 1269 los
203 1246 350 1283 prorsus
373 1233 525 1283 reperiri
546 1231 778 1281 elephantos·‚

125 1302 217 1338 quos
244 1295 372 1339 postea
409 1302 496 1326 saue
524 1289 681 1325 crebrius
710 1288 778 1325 illic

124 1352 363 1391 memoratos,
405 1346 489 1382 dein
511 1344 705 1382 exstinctos
724 1346 778 1381 fu·

123 1403 194 1439 isse
215 1403 251 1438 in
269 1402 477 1450 regionibus
492 1414 513 1438 a
531 1402 778 1450 septentrione

124 1459 351 1496 desertorum
404 1459 480 1494 sitis
522 1458 616 1494 idem
658 1458 776 1507 ponit.

125 1515 238 1551 Cuius
258 1514 582 1559 observationibus,
604 1519 777 1550 mouente

124 1570 188 1608 Cr.
202 1599 213 1618 ,
244 1583 285 1607 ex
304 1575 408 1619 parte
429 1571 631 1617 refragatur
649 1567 691 1605 A.
706 1570 779 1606 Be-

121 1639 210 1676 nary
242 1627 278 1662 in
306 1625 458 1665 Jahrbb.
486 1626 544 1662 fiir
573 1626 776 1662 wissensch.

120 1683 218 1720 Krit.
242 1681 399 1718 Berolin.
426 1683 527 1722 1831
552 1684 682 1730 p.762
695 1695 777 1731 sqq.

121 1738 315 1788 Elephanti
336 1739 531 1786 imaginem
552 1737 590 1774 in
610 1739 778 1788 operibus

122 1794 270 1844 sculptis
328 1794 557 1831 Phileusibus
624 1795 780 1832 offendit

122 1850 304 1898 Parthey,
344 1851 442 1886 cuius
469 1851 541 1886 vid.
577 1851 777 1888 observatt.

122 1907 159 1943 iu
179 1907 422 1944 commentat.
449 1907 495 1944 de
522 1906 633 1944 Philis
662 1907 779 1944 insula

120 1976 207 2014 pag.
232 1965 296 2004 38.

180 2016 332 2068 ἄρκτοι]
360 2018 399 2055 111
421 2017 544 2055 Africa
563 2030 683 2054 ursum
705 2029 779 2053 non

121 2075 224 2124 gigni
261 2076 372 2112 tradit
406 2074 497 2111 Plin.
530 2074 579 2110 H.
613 2073 662 2111 N.
693 2074 779 2110 wll

59 2155 62 2161 ι
123 2130 231 2177 (54),
251 2133 303 2172 36
317 2132 396 2177 fin.‚
421 2143 640 2180 quamquam
655 2130 778 2179 pellem

121 2187 328 2237 Libystidos
349 2201 449 2224 ursae
464 2192 640 2224 memorat
650 2186 777 2234 Virgil.

120 2244 213 2281 Aen.
240 2244 295 2292 V,
327 2245 403 2290 373
455 2256 563 2292 quam
608 2243 778 2279 leoninam

121 2300 379 2351 interpretatur
444 2299 589 2350 Lipsius
647 2299 777 2336 Electt.

120 2355 167 2404 Il,
187 2357 224 2397 4.
264 2357 437 2405 Disputat
464 2356 530 2392 hac
553 2356 600 2393 de
627 2368 667 2392 re
697 2355 778 2392 Sal-

122 2425 212 2449 mas.
241 2414 287 2449 ad
319 2412 432 2449 Soliu.
461 2425 496 2462 p.
516 2414 599 2453 220
628 2411 705 2448 coll.
728 2412 775 2448 G.

122 2468 150 2503 Ι.
171 2468 274 2505 Voss.
296 2468 355 2506 De
376 2468 464 2505 Idol.
483 2482 519 2518 p.
540 2470 604 2508 52.
628 2468 777 2505 wesse-

121 2523 250 2572 lingius
273 2525 405 2561 Shawii
424 2525 634 2562 testimonio
653 2538 776 2562 ursum

122 2579 216 2616 inter
245 2580 386 2618 Africae
422 2580 588 2617 animalia
619 2593 777 2619 comme-

122 2637 295 2672 morantis
342 2637 555 2675 Herodotea
613 2638 777 2675 stabilire

124 2692 270 2736 studet3
299 2704 392 2740 quae
418 2694 525 2731 etiam
553 2693 697 2731 Cuvieri
721 2699 777 2731 est

124 2748 305 2784 sententia
324 2750 446 2797 paucis
465 2751 625 2786 indicata
644 2751 691 2787 ad
703 2750 777 2786 Pli-

120 2804 169 2839 nii
191 2803 318 2840 locum.
363 2805 480 2848 Quem
500 2807 668 2855 equidem
689 2820 776 2844 con-

124 2859 226 2907 sului,
244 2860 272 2897 is
286 2861 372 2898 mihi
391 2862 570 2912 rescripsit
580 2862 778 2911 Leuckart‚

837 616 891 652 vir
917 615 1044 655 harum
1082 630 1201 654 rerum
1228 617 1494 668 peritissimus:

838 686 957 709 ursum
990 674 1221 722 (intelligitur
1245 679 1366 712 autem
1391 687 1496 710 ursws

838 733 954 766 arctos
973 729 1101 775 Linn.)
1122 744 1208 768 saue
1231 731 1267 767 in
1288 735 1385 768 terra
1402 731 1494 767 Bar-

837 786 947 835 barey
977 788 1251 824 commemorari
1285 799 1307 823 a
1336 787 1496 834 Shawio,

837 854 858 878 a
888 841 1070 892 Prospero
1102 843 1236 892 Alpino
1263 844 1299 879 in
1325 842 1496 892 Aegypto

838 899 946 943 [conf.
978 903 1070 934 nott.
1102 899 1149 934 ad
1175 899 1317 935 Herod.
1342 899 1388 945 Il,
1412 897 1496 948 67],

835 966 856 989 a
878 953 1049 1003 Dappero
1070 955 1105 990 in
1127 967 1240 1001 regno
1264 955 1401 1003 Kongu
1429 955 1495 1001 (cf.

835 1009 1116 1047 Zimmermanu.
1132 1011 1344 1060 Geograph.
1359 1011 1494 1047 Gesch.

835 1066 900 1103 des
923 1065 1124 1103 Menschen
1150 1080 1183 1102 u.
1204 1068 1269 1104 der
1292 1067 1394 1104 vierf.
1421 1067 1494 1104 Th.

835 1121 851 1158 Ι
875 1135 912 1171 p.
937 1124 1018 1162 213
1045 1123 1101 1160 ed.
1124 1121 1227 1173 Lips.
1261 1124 1383 1170 1778,
1414 1124 1494 1171 8.);

838 1179 903 1215 sed
934 1179 1038 1214 addit
1062 1179 1159 1215 idem
1180 1178 1401 1226 Leuckart.‚
1432 1180 1496 1228 qui

839 1235 1031 1271 recentiori
1080 1238 1200 1271 aetate
1240 1248 1306 1284 per
1337 1235 1495 1272 Africam

836 1290 1156 1339 septentrionalem
1171 1291 1241 1327 sint
1259 1292 1495 1340 peregrinati,

836 1359 899 1383 eos
925 1347 1209 1396 haudquaquam
1236 1348 1310 1383 ursi
1340 1349 1496 1384 mentio-

835 1416 917 1439 nem
950 1404 1091 1450 facere‚
1141 1408 1182 1439 ut
1220 1416 1307 1441 sane
1345 1404 1494 1441 dubium

835 1459 954 1496 adhuc
981 1460 1048 1506 sit,
1087 1463 1203 1495 utrum
1230 1460 1376 1496 omnino
1406 1460 1495 1497 haec

836 1515 953 1552 bestia
974 1529 1040 1565 per
1058 1514 1216 1552 Africam
1236 1517 1446 1566 reperiatur.

890 1569 957 1608 καὶ
981 1567 1163 1621 εἷσπίδες]
1194 1572 1414 1621 Serpentum
1437 1575 1494 1610 est

834 1639 951 1676 genus
975 1628 1150 1675 frequens
1174 1640 1239 1676 per
1254 1627 1408 1679 Libyam
1429 1628 1494 1675 (cf.

833 1686 983 1720 Aristot.
1017 1684 1068 1720 H.
1091 1683 1135 1720 A.
1158 1683 1264 1730 VIII,
1299 1687 1352 1724 29
1380 1698 1408 1721 5.
1439 1686 1493 1724 28

836 1740 1030 1787 Schneid.)
1049 1743 1161 1788 atque
1171 1739 1391 1789 Aegyptum,
1404 1754 1495 1789 quo-

835 1808 913 1833 rum
931 1809 1072 1832 morsus
1101 1796 1311 1833 insanabilis
1343 1797 1495 1834 videba-

834 1856 893 1888 tur
910 1853 1104 1890 veteribus.
1140 1852 1299 1889 Plurima
1320 1853 1494 1902 suppedi-

835 1909 929 1945 tabit
947 1909 1106 1945 Bochart
1125 1909 1161 1944 in
1182 1909 1332 1945 Hieroz.
1358 1909 1390 1944 Il
1409 1908 1494 1946 Lib.

835 1964 886 2000 III
905 1977 985 2013 cap.
1011 1966 1036 2004 5
1060 1977 1145 2014 pag.
1169 1965 1274 2009 381,
1312 1965 1409 2001 unde
1435 1965 1493 2000 in-

834 2019 1028 2068 telligitur,
1066 2033 1206 2056 summo
1231 2020 1309 2057 iure
1331 2020 1396 2056 hos
1417 2033 1493 2058 ser-

834 2081 962 2126 pentes
989 2077 1169 2113 timendas
1193 2077 1288 2113 inter
1318 2077 1413 2113 feras
1446 2077 1492 2113 ab

834 2132 1028 2169 Herodoto
1058 2133 1249 2168 recenseri.
1294 2131 1390 2169 Add.
1418 2132 1494 2169 Cu-

834 2189 920 2227 vier.
955 2190 1002 2225 ad
1023 2187 1114 2224 Plin.
1138 2189 1186 2225 H.
1207 2187 1258 2224 N.
1279 2189 1365 2224 Vlss
1386 2186 1492 2238 (35),

834 2246 912 2290 23,
950 2245 1037 2281 nihil
1073 2245 1173 2281 dubii
1206 2257 1286 2281 esse
1325 2257 1491 2291 monens,

834 2302 921 2349 quin
944 2301 1170 2351 Aegyptiaca
1200 2301 1297 2352 aspis
1327 2306 1491 2338 veterum

835 2358 879 2393 sit
914 2358 1052 2407 species
1081 2358 1229 2407 viperae
1259 2357 1334 2394 sive
1367 2357 1491 2404 najae,

834 2425 928 2462 quae
957 2414 993 2450 in
1020 2414 1193 2464 Aegypto
1218 2417 1369 2451 vocetur
1391 2414 1490 2461 laaje',

834 2483 862 2506 S.
886 2469 1019 2506 coluber
1039 2470 1123 2517 leaje‘
1143 2469 1252 2506 Linn.

888 2525 956 2564 καὶ
983 2523 1069 2565 ὄνοι
1103 2525 1144 2564 οἷ
1171 2522 1218 2563 τοὶ
1249 2522 1364 2577 κε’ρεα
1384 2523 1492 2574 ἕχον-

833 2581 909 2631 teg]
931 2580 990 2618 Ad
1010 2583 1162 2619 formam
1182 2579 1296 2630 κέρεα
1314 2581 1409 2617 conf.
1427 2580 1490 2626 lv,

837 2640 928 2678 183.
949 2639 1197 2688 Opponuntur
1213 2638 1366 2684 1V‚192
1384 2637 1488 2683 asini,

833 2695 965 2744 quibus
990 2695 1088 2732 nulla
1105 2706 1251 2732 cornua.
1303 2692 1387 2729 lllos
1408 2705 1490 2729 cum

832 2751 1069 2788 Monocerote
1096 2751 1192 2787 haud
1232 2761 1314 2786 raro
1337 2753 1488 2785 conten-

833 2807 985 2852 derunt3
1016 2808 1062 2844 de
1083 2820 1154 2855 quo
1176 2805 1247 2841 vid.
1264 2805 1311 2841 ad
1326 2804 1488 2841 Ctesiam

831 2876 915 2915 pag.
935 2865 1016 2905 329
1039 2876 1141 2913 seqq.
1159 2865 1300 2906 notata,
1325 2861 1395 2898 iam
1411 2859 1487 2897 aliis
