1904 3304
569 288 605 326 T
636 288 671 326 H
702 287 735 325 A
765 287 797 326 L
829 288 842 325 1
874 286 918 325 A.
975 288 1038 325 ΙΙΙ.

1384 290 1440 329 53

168 398 220 454 δή
253 401 413 441 τοῦτον
442 397 520 440 τόν
555 401 701 452 χῶρον
740 396 906 453 λέγεται
943 395 1176 440 ἀπικέσθαι
1206 395 1284 439 τὸν
1314 407 1438 450 61:905-
1451 404 1495 436 85

165 467 265 512 τόν·
306 469 354 512 τό
385 468 589 511 ἐνθεῦτεν
619 467 684 517 δὲ,
716 467 783 511 ὅτι
802 467 860 524 μὴ
880 464 1003 511 αὐτοὶ
1031 465 1265 524 Ἀμμώνιοι
1293 468 1367 511 καὶ
1396 469 1440 511 οἱ

164 539 334 583 τούτων
365 537 648 590 ἀκούσαντες,
681 537 804 582 ἄλλοι
834 536 1010 590 οὐδένες
1041 536 1174 582 οὐδὲν
1204 538 1350 594 ἔχουσι
1381 540 1437 582 εἶ-
1494 546 1576 585 208

164 616 260 655 πεῖν
303 611 399 666 περὶ
443 609 615 653 αὐτῶν·
668 610 767 653 οὔτε
814 609 899 664 γάρ
944 609 986 660 ἐς
1034 608 1138 659 τούς
1172 607 1439 665 Ἀμμωνίους

136 681 401 745 3ἆπίκοντο]
454 680 553 725 οὔτε
592 679 729 726 ὀπίσω
769 680 1022 754 ἐνόᾷντῃεαν.
1084 680 1250 736 λέγεται
1280 681 1326 725 δὲ
1364 682 1438 724 καὶ

108 851 268 894 quuntur
287 849 452 882 veterum
475 846 687 894 scriptorum
708 857 770 881 ex-

106 907 253 952 cerpta,
290 914 385 950 quae
414 901 583 949 leguntur
604 914 661 950 ap.
680 901 771 949 Ety-

106 958 188 995 mol.
210 971 332 1006 magn.
349 971 384 1007 p.
402 956 483 996 428
516 971 549 1007 p.
575 958 655 996 388
669 957 769 1006 Lips.

107 1015 258 1051 Suidam
277 1015 313 1051 in
333 1009 538 1061 Ἠλύσιον,·
572 1014 703 1050 Tzetz.
723 1014 770 1050 ad

104 1070 288 1121 Lycophr.
306 1071 350 1107 cf.
377 1069 493 1110 1194.
520 1069 626 1108 1204
645 1074 680 1106 et
695 1070 771 1106 Eu-

105 1128 245 1164 dociam
266 1141 301 1177 p.
324 1129 417 1166 219.
478 1127 519 1163 ln
547 1127 626 1163 loco
646 1127 772 1174 Aegy-

103 1185 225 1235 ptiaco
248 1184 449 1220 accuratius
465 1183 694 1232 designando
707 1196 770 1219 va-

105 1241 234 1278 riatum
284 1252 365 1277 esse
413 1253 519 1277 nemo
569 1239 768 1276 mirabitur.

104 1298 188 1342 Sic,
228 1301 267 1333 ut
294 1297 362 1333 hoc
381 1301 483 1342 utar,
514 1296 634 1345 Apion
652 1296 768 1332 locum

107 1355 364 1401 designaverat
389 1353 481 1389 inter
509 1353 702 1388 Canobum
733 1357 769 1389 et

105 1409 350 1459 Zephyrium,
393 1413 489 1446 teste
509 1409 702 1445 Eustathio
721 1409 768 1444 ad

106 1467 239 1513 Odyss.
259 1479 295 1514 p.
320 1465 425 1505 1509
470 1478 555 1515 pag.
586 1467 664 1504 186
685 1466 766 1501 infr.

105 1522 214 1558 Basil.
234 1521 325 1558 Illud
347 1522 469 1566 docte,
488 1522 518 1557 si
539 1522 627 1570 quid
648 1522 767 1565 viden,

106 1591 149 1616 ex
194 1578 262 1614 hoc
317 1578 398 1627 ipso
449 1577 528 1614 loco
572 1578 765 1614 Homerico

104 1635 264 1683 (Odyss.
300 1633 363 1680 lV,
395 1633 473 1673 561
512 1635 664 1682 seqq),
703 1633 766 1670 ubi

103 1691 308 1741 Aegyptius
332 1690 486 1728 Proteus
508 1690 678 1727 Menelao
703 1704 768 1727 va-

105 1749 287 1792 ticinatur,
313 1747 457 1784 efficere
480 1747 620 1784 studuit
639 1747 768 1795 Zoega

103 1803 162 1841 De
192 1803 355 1840 obelisco.
380 1817 416 1854 p.
447 1805 547 1843 296:
590 1805 766 1850 ‚‚um'ver-

103 1873 178 1897 sam
208 1859 377 1909 fabulam
416 1860 457 1896 de
496 1860 626 1910 Elysio
660 1873 688 1896 s.
727 1859 768 1896 cle

103 1917 280 1953 beatorum
300 1916 426 1953 insulis
440 1917 681 1966 Aegyptiacae
697 1929 767 1953 esse

105 1975 292 2021 orz‘gz'm's.“
363 1973 483 2016 Quam
514 1987 588 2010 rem
618 1974 767 2010 odorari

104 2029 378 2078 quodammodo
403 2029 491 2066 Tibi
519 2031 677 2076 videare,
704 2030 767 2065 ubi

105 2087 258 2135 legeris,
288 2087 473 2134 quomodo
494 2086 707 2122 Herodorus
731 2090 767 2122 et

105 2143 390 2192 Olympiodorus
409 2154 466 2191 ap.
486 2141 593 2178 Phot.
615 2143 650 2178 in
671 2141 765 2177 Bibl.

103 2213 138 2249 p.
160 2201 233 2238 191
273 2212 310 2249 p.
336 2201 409 2237 111
439 2199 598 2235 Hoesch.
629 2199 768 2234 Home-

102 2256 194 2292 ricas
214 2269 291 2301 res,
331 2255 441 2291 veluti
464 2255 675 2291 Phaeaciam
701 2255 767 2290 ad-

103 2325 222 2361 eoque
253 2312 408 2348 Homeri
436 2313 592 2360 patriam
619 2312 665 2348 ad
688 2310 766 2346 illas

102 2368 307 2418 Aegyptias
339 2373 374 2405 et
399 2368 600 2405 Thebaicas
630 2367 766 2403 insulas

101 2425 305 2462 Beatorum
339 2424 540 2462 retulerint.
600 2424 696 2461 Nam
725 2427 766 2459 ut

104 2481 316 2518 Thebarum
371 2482 594 2518 mentionem
641 2493 766 2530 perse-

105 2551 216 2586 quar,
266 2537 335 2575 alio
367 2538 446 2574 loco
478 2551 498 2575 e
532 2537 765 2584 Pherecydis,

105 2593 295 2639 Antiochi,
354 2594 504 2630 aliorum
549 2595 765 2643 scriptorum

105 2651 319 2687 testimoniis
344 2651 555 2698 didicimus,
586 2655 766 2686 utrarum-

106 2719 177 2755 que
208 2706 419 2744 Thebarum
444 2712 480 2744 et
501 2705 765 2756 Aegyptiarum

106 2767 143 2799 et
162 2763 397 2799 Boeotiarum
417 2764 628 2813 primordia,
655 2763 765 2799 mira-

106 2818 186 2855 cula
219 2822 257 2855 et
286 2823 415 2856 eventa
446 2820 567 2857 multis
602 2820 764 2869 partibus

106 2875 151 2911 ab
175 2875 332 2923 antiquis
352 2875 555 2913 hominibus
573 2876 767 2912 coniuncta

107 2944 186 2969 esse
209 2931 260 2978 (v.
284 2930 422 2968 Melett.
445 2931 459 2967 1
491 2946 515 2982 p
536 2931 623 2980 94).
670 2932 766 2968 Hinc

827 844 863 880 in
891 842 958 880 hac
994 843 1081 879 urbe
1109 842 1304 880 condenda
1338 842 1492 891 Ogygus

826 900 1132 950 Aegyptiacarum
1169 898 1381 936 Thebarum
1431 912 1493 936 rex

828 957 958 993 dicitur
984 952 1113 993 πάντα
1132 950 1306 1005 ποιήσας
1329 955 1384 1000 εἰς
1403 951 1490 994 ὄνο-

827 1029 881 1064 μα
900 1015 980 1051 τῶν
996 1012 1226 1064 Αἰγυπτίων
1239 1011 1399 1061 Θηβῶν.
1433 1011 1490 1048 ΕΟ

826 1069 1060 1107 referendum
1072 1069 1240 1114 arbitror,
1261 1069 1361 1117 quod
1372 1068 1493 1105 Boeo-

825 1128 898 1163 tiae
917 1126 1069 1162 Thebae
1099 1138 1183 1161 suas
1209 1125 1373 1161 habuere
1392 1123 1489 1161 Bea-

825 1188 943 1219 torum
968 1182 1112 1218 insulas.
1145 1181 1294 1217 Photius
1316 1180 1404 1217 Lex.
1423 1182 1490 1217 Gr.

825 1253 861 1289 p.
898 1240 994 1278 178:
1037 1233 1248 1287 Μακάρων
1278 1239 1423 1288 νῆσος,
1463 1233 1491 1288 ἢ

826 1291 1043 1346 ἄκρόπολις
1062 1298 1142 1332 τῶν
1165 1293 1206 1332 ἐν
1225 1294 1398 1347 Βοιωτίᾳ
1413 1295 1490 1344 Θη-

825 1353 910 1402 βῶν
941 1348 984 1390 τό
1014 1348 1209 1397 παλαιὸν,
1248 1348 1301 1396 ὥς
1323 1346 1490 1401 Ἀρμέν-

827 1410 907 1454 δας.
951 1408 1041 1444 Eam
1062 1420 1147 1445 vero
1167 1409 1301 1444 famam
1326 1408 1355 1443 si
1378 1419 1492 1456 quae·

826 1466 895 1512 ris,
935 1478 1005 1513 ego
1029 1468 1146 1501 ortam
1172 1464 1387 1500 crediderim
1417 1476 1489 1499 non

825 1521 941 1558 solum
962 1521 1012 1557 ab
1038 1522 1115 1570 agri
1136 1520 1298 1570 Aegypti
1325 1520 1492 1569 superio-

825 1578 872 1614 ris
895 1577 1100 1624 fertilitate,
1142 1589 1268 1614 verum
1291 1576 1375 1613 inde
1399 1589 1492 1624 quo-

825 1647 896 1684 que
909 1663 920 1681 ‚
957 1634 1061 1683 quod
1086 1634 1123 1670 in
1144 1633 1354 1670 Thebarum
1372 1631 1490 1680 Liby-

824 1703 942 1740 aeque
964 1691 1120 1727 confinio
1154 1688 1375 1739 amplissima
1405 1701 1490 1738 spe-

824 1749 905 1790 laea
925 1746 1036 1795 longe
1055 1746 1202 1795 lateque
1224 1745 1416 1796 patebant,
1440 1745 1487 1782 ab

824 1804 1074 1852 antiquissimo
1101 1803 1187 1839 inde
1210 1807 1377 1852 tempore
1398 1814 1492 1851 opu-

823 1860 1002 1897 lentorum
1022 1860 1287 1909 Aegyptiorum
1318 1859 1492 1895 sacerdo-

823 1921 973 1965 tumque
1010 1929 1052 1953 ac
1087 1929 1215 1963 regum
1252 1914 1490 1952 cadaveribus

824 1973 1040 2022 recipiendis
1053 1972 1250 2009 destinata.
1281 1970 1382 2007 Malo
1395 1971 1488 2007 enim

823 2030 891 2066 hac
909 2030 945 2065 in
959 2042 1070 2066 causa·
1083 2042 1162 2065 cnm
1179 2027 1369 2065 d'Anvillio
1390 2028 1490 2064 sace-

822 2099 861 2122 re
882 2086 1013 2130 (Mem.
1039 2098 1098 2121 sur
1119 2085 1282 2133 l'Egypt.
1306 2097 1341 2133 p.
1372 2083 1487 2131 188),

823 2155 933 2190 quam
988 2155 1068 2178 cum
1111 2140 1297 2177 Larchero
1346 2139 1487 2186 (Tabl.

824 2210 950 2246 geogr.
976 2211 1012 2247 p.
1044 2199 1155 2245 376).
1202 2195 1299 2233 Nam
1331 2196 1488 2244 antiquis

825 2255 975 2290 Graecis
1009 2253 1068 2289 illa
1100 2252 1266 2303 sepulcra
1297 2251 1489 2288 Thebaica

824 2312 952 2359 ignota
993 2310 1104 2346 fuisse
1138 2322 1246 2346 nemo
1282 2308 1488 2354 crediderit,

824 2368 884 2416 qui
911 2366 979 2403 loci
1011 2367 1197 2402 Homerici
1226 2365 1273 2401 de
1305 2365 1490 2413 magnitu-

824 2424 909 2460 dine
937 2423 1149 2459 Thebarum
1186 2423 1256 2458 vim
1283 2421 1489 2468 intelligere

822 2479 959 2516 calleat.
991 2478 1040 2514 At
1059 2492 1144 2515 vero
1165 2478 1298 2514 sufficit
1316 2478 1420 2514 nobis
1440 2477 1489 2513 ad

822 2541 985 2572 nostram
1023 2548 1167 2572 causam
1212 2534 1299 2570 illud
1336 2538 1485 2571 tenere:

824 2593 892 2629 sub
912 2605 1028 2629 rerum
1047 2591 1311 2640 Aegyptiarum
1331 2591 1489 2640 primor-

823 2649 890 2685 diis
910 2648 1058 2685 Thebas
1092 2661 1135 2685 eo
1165 2647 1243 2684 loco
1265 2659 1307 2683 ac
1335 2658 1487 2683 numero

822 2705 953 2752 fuisse,
984 2708 1024 2741 ut
1045 2708 1081 2741 et
1103 2703 1322 2754 reipublicae
1346 2707 1383 2739 et
1405 2701 1488 2739 reli-

824 2762 974 2810 gionum
997 2764 1108 2810 caput
1132 2773 1174 2796 ac
1199 2759 1382 2807 fastigium
1403 2771 1489 2795 cen-

824 2817 1004 2855 seretur.“
1036 2817 1191 2853 Creuz.
1212 2816 1249 2852 in
1265 2816 1489 2852 Commentt.

824 2873 991 2911 Herodd.
1012 2886 1048 2923 p.
1072 2875 1124 2912 90
1146 2884 1248 2921 seqq.

881 2928 1029 2981 λέγεται
1049 2926 1092 2967 δὲ
1111 2926 1178 2966 καὶ
1199 2923 1293 2966 τάδε
1313 2922 1381 2965 ὕπ’
1401 2920 1487 2964 αὐτ.
