1904 3304
250 287 334 326 672
730 282 1285 320 EXCURSUSX

255 412 376 446 aetate
394 409 583 446 florentem
605 407 712 452 facit;
741 405 801 444 Tu
819 405 912 443 conf.
932 404 1124 443 Dissertat.
1138 433 1151 453 ,
1170 406 1208 442 in
1223 417 1297 455 qua
1322 406 1543 453 ostenditur,
1573 404 1760 455 Scylacem

256 476 410 525 Polybio
439 486 610 512 coaevum
640 473 753 511 fuisse
782 470 820 523 ἓ.
842 471 968 512 1--4
999 478 1036 511 et
1058 473 1143 510 add.
1164 472 1299 511 wasse
1325 474 1373 510 ad
1394 473 1598 523 Thucydid.
1620 472 1676 520 11,
1705 475 1761 515 97

256 545 510 582 observantem
531 541 676 579 dicendi
697 539 886 577 nonnullas
909 540 1082 577 formulas
1102 541 1137 577 in
1154 539 1300 590 Periplo
1326 540 1473 587 obvias,
1516 553 1611 589 quae
1636 552 1763 578 recen-

255 612 354 649 tioris
374 610 504 648 aetatis
524 609 737 659 scriptorem
758 619 957 656 sanequam
977 609 1135 658 prodere
1155 608 1357 645 videantur.
1413 607 1462 644 At
1481 606 1578 644 nullo
1599 609 1664 646 niti
1683 610 1766 646 sun·

256 680 427 716 damento
448 677 605 714 rationes
629 688 650 712 a
666 675 854 712 Dodwello
876 676 1036 725 prolatas
1058 676 1248 713 contendit
1263 675 1445 713 Mannert.
1463 674 1621 724 (Geogr.
1640 675 1677 714 d.
1698 675 1765 714 Gr.

257 761 291 786 u.
311 747 416 785 Rom.
451 743 467 780 Ι
492 757 577 794 pag.
608 743 660 785 59
689 744 838 792 seqq),
876 743 955 793 ipse
989 743 1178 792 Scylacem
1201 742 1410 781 Alexandro
1438 741 1578 792 Magno
1606 743 1765 793 priorem

256 818 422 852 statuens
448 810 683 863 probabiliter
699 812 828 848 vixisse
850 810 974 861 primis
995 811 1077 848 belli
1096 810 1395 861 Peloponnesiaci
1422 810 1526 847 annis
1553 810 1660 858 (ibid.
1677 822 1767 861 pag.

258 885 323 922 61.
342 884 426 927 62).
485 879 626 915 Contra
647 877 932 927 Bougainvillius
958 877 1096 923 (Mem.
1125 880 1171 917 de
1197 878 1335 917 l’Acad.
1367 879 1402 914 d.
1423 878 1589 929 inscript.
1607 877 1766 915 XXVllI

256 962 343 1000 pag.
363 950 445 989 266
465 948 589 995 seqq.)
619 945 713 982 intra
743 958 858 983 annos
891 948 972 986 370
987 948 1136 987 -360
1166 958 1199 983 a.
1221 946 1306 986 Chr.
1328 959 1364 983 n.
1389 945 1595 995 Scylacem,
1632 944 1767 995 Peripli

258 1020 467 1062 auctorem,
497 1012 629 1050 vixisse
649 1010 735 1048 vult.
787 1012 908 1056 Quem
930 1013 1084 1051 Timaeo
1105 1014 1282 1051 iuniorem
1302 1015 1413 1051 fuisse
1439 1014 1601 1050 iudicant
1621 1011 1765 1050 Cluver.

258 1083 340 1122 Ital.
360 1082 483 1131 Antiq.
505 1081 577 1127 IV,
605 1079 631 1121 4
657 1092 743 1129 pag.
776 1082 883 1121 1166
912 1086 948 1119 et
977 1082 1002 1118 Ι.
1024 1081 1073 1118 H.
1099 1082 1210 1136 vVoss.
1242 1080 1494 1131 (Weltkunde
1522 1084 1590 1118 etc.
1619 1093 1707 1131 pag.
1727 1082 1766 1120 7.

262 1151 345 1199 10).
402 1150 501 1195 Quin
523 1148 590 1185 sub
609 1146 791 1197 Philippi,
829 1146 1071 1185 Macedonum
1091 1149 1208 1196 regis,
1245 1148 1421 1197 imperio,
1461 1148 1547 1186 inde
1578 1161 1600 1184 a
1622 1149 1705 1189 360
1731 1158 1766 1184 a.

259 1219 345 1258 Chr.
365 1231 401 1256 n.
418 1230 439 1254 a
459 1217 610 1265 Scylace
638 1213 841 1264 periplum‚
883 1215 945 1263 qui
974 1219 1164 1265 superest,
1205 1215 1409 1251 consectum
1438 1227 1519 1252 esse
1547 1214 1768 1252 Niebuhrius

258 1286 389 1324 statuit
418 1281 694 1331 (Denkschrist.
720 1281 758 1319 d.
788 1280 922 1318 Berlin.
948 1280 1065 1322 Acad.
1103 1280 1397 1323 1804—1811
1428 1295 1514 1333 pag.
1541 1284 1607 1323 83.
1648 1281 1770 1320 Klein.

259 1354 355 1391 Hist.
375 1351 519 1389 Schrift.
538 1349 554 1386 Ι
572 1362 658 1400 pag.
681 1347 760 1389 105
782 1349 902 1398 seqq.)
928 1349 1089 1399 itemque
1108 1350 1240 1388 Ukert.
1267 1350 1304 1386 in
1329 1349 1544 1401 Geograph.
1567 1350 1604 1397 1,
1635 1353 1662 1391 2
1681 1362 1768 1400 pag.

260 1419 341 1463 285
361 1432 488 1469 seqq,
522 1417 586 1454 ubi
613 1417 721 1454 etiam
749 1416 970 1466 reliquorum
999 1418 1200 1456 sententias
1226 1417 1273 1455 (le
1294 1416 1362 1454 hoc
1381 1417 1521 1468 periplo
1542 1418 1769 1465 excitantur;

259 1488 360 1538 quod
392 1488 489 1525 idem
518 1487 648 1536 postea
672 1484 802 1522 secisse
831 1484 937 1522 video
966 1484 1140 1523 Klausen.
1167 1485 1188 1522 l.
1212 1497 1298 1522 mox
1317 1484 1340 1522 l.
1369 1498 1455 1536 pag.
1475 1487 1556 1526 273
1578 1496 1657 1534 seq.
1714 1483 1768 1522 Ac

260 1568 348 1593 sane
376 1556 407 1592 si
431 1557 709 1603 argumentum,
750 1552 852 1602 quod
878 1552 914 1588 in
943 1553 1033 1589 mari
1058 1554 1350 1599 mediterraneo,
1398 1552 1592 1602 Pontoque
1625 1553 1768 1591 Euxino

258 1623 407 1672 eiusque
423 1621 529 1658 litore
548 1620 787 1658 describendo
806 1620 930 1670 potius
956 1632 1066 1668 quam
1094 1621 1130 1657 in
1161 1620 1327 1658 orientali
1347 1620 1498 1658 Oceano
1524 1626 1703 1669 versetur,
1735 1622 1767 1658 si

259 1691 419 1739 linguam
444 1689 591 1726 minime
620 1687 716 1724 illam
746 1687 894 1737 quidem
925 1686 1085 1724 Ionicam
1116 1687 1353 1735 Doricamve,
1405 1689 1715 1736 quemadmodum
1745 1701 1768 1727 a

259 1758 435 1809 scriptore
456 1755 640 1794 Herodoti
667 1754 810 1804 aequali
837 1755 1005 1803 adeoque
1033 1755 1145 1804 priori
1174 1756 1334 1805 itemque
1353 1755 1449 1792 Care
1473 1755 1618 1793 homine
1637 1768 1768 1807 exspe-

259 1825 455 1872 ctandum,
483 1823 739 1874 respiciamus,
776 1820 911 1871 Peripli
943 1825 1072 1858 auctor
1090 1823 1148 1859 vix
1175 1823 1272 1861 idem
1301 1835 1383 1860 esse
1405 1822 1544 1872 poterit
1564 1826 1676 1872 atque
1693 1823 1767 1871 ille,

261 1893 360 1931 cuius
375 1891 590 1928 Herodotus
607 1890 642 1926 h.
658 1889 682 1927 l.
701 1889 875 1926 meminit.
935 1888 1043 1932 Quae
1060 1902 1141 1926 cum
1159 1890 1211 1927 ita
1230 1890 1313 1937 sint,
1343 1889 1484 1926 Gailius
1505 1891 1650 1928 coniicit
1668 1890 1767 1929 Atti-

261 1972 341 1997 cum
371 1958 553 2007 quendam
578 1958 712 2002 virum,
748 1955 1006 1992 Demosthenis
1037 1956 1226 2005 aequalem
1257 1957 1416 2005 Scylacis
1447 1957 1514 1994 viri
1542 1957 1767 1996 celeberrimi

262 2026 365 2074 (eius
388 2024 580 2071 nimirum,
620 2024 682 2073 qui
712 2022 815 2061 Darii
844 2021 1007 2071 aequalis
1034 2024 1080 2060 ab
1103 2024 1297 2062 Herodoto
1324 2021 1550 2077 appellatur)
1584 2025 1770 2078 Periplum

262 2094 335 2131 suis
355 2093 522 2139 dedisse,
544 2091 689 2142 saepius
712 2091 749 2127 in
769 2104 872 2129 suam
891 2091 1083 2129 dialectum
1101 2092 1300 2139 vertendo,
1342 2097 1379 2130 et
1399 2093 1659 2131 additamentis
1685 2107 1771 2146 per-

260 2160 385 2211 paucis
408 2160 648 2210 amplificasse
667 2159 772 2208 (pag.
791 2161 872 2200 207
894 2158 975 2196 coll.
993 2171 1079 2209 pag.
1097 2160 1177 2200 225
1199 2158 1236 2210 ἓ.
1255 2162 1322 2202 29.
1346 2161 1502 2209 Geogrr.
1523 2161 1636 2201 minn.
1655 2162 1701 2200 T.
1721 2160 1768 2212 Ι).

263 2228 402 2265 Contra
421 2239 515 2277 quae
534 2227 677 2276 longior
693 2239 788 2263 nunc
806 2226 939 2275 legitur
955 2226 1167 2276 Disputatio
1187 2227 1377 2265 Klausenii
1407 2228 1444 2264 in
1467 2227 1581 2279 libro,
1624 2230 1687 2280 qui
1713 2230 1769 2266 in-

263 2295 446 2332 scribitur:
487 2294 702 2342 „Hecataei
733 2294 867 2331 Milesii
895 2294 1112 2343 sragmenta.
1171 2295 1331 2345 Scylacis
1364 2296 1636 2344 caryandensis
1669 2296 1771 2334 Peri-

263 2362 355 2414 plus.
411 2362 570 2399 Berolin.
598 2362 717 2402 1831.
744 2362 781 2400 8.
794 2362 819 2381 “
848 2373 935 2411 pag.
955 2362 1036 2403 259
1055 2375 1181 2412 seqq,
1211 2364 1272 2413 qui
1296 2364 1373 2414 ipse
1392 2364 1440 2400 ad
1460 2363 1713 2412 Bougainvillii
1731 2366 1768 2400 et

264 2429 456 2468 Niebuhrii
484 2429 642 2466 rationes
671 2429 874 2475 accedens,
909 2428 1092 2479 Periplum
1116 2431 1236 2468 media
1259 2431 1314 2469 vel
1338 2436 1493 2470 exeunte
1514 2431 1662 2480 Olymp.
1684 2433 1765 2472 107

265 2498 433 2548 scriptum
452 2496 564 2533 fuisse
584 2495 720 2531 statuit.
777 2495 870 2533 Utut
891 2501 966 2544 est,
996 2496 1182 2547 Scylacem
1202 2499 1520 2549 Caryandensem,
1560 2511 1669 2547 quem
1688 2497 1768 2536 He-

263 2565 417 2603 rodotus
438 2562 748 2610 commemoravit,
785 2563 919 2614 Peripli
944 2564 1060 2614 qualis
1081 2578 1175 2602 nunc
1199 2567 1331 2614 fertur,
1372 2572 1554 2603 auctorem
1574 2565 1767 2615 haudqua-

265 2645 372 2682 quam
390 2645 469 2670 esse
482 2660 493 2680 ‚
532 2632 601 2669 hoc
621 2630 732 2667 dubio
749 2631 808 2667 vix
832 2644 954 2670 carere
970 2632 1056 2669 mihi
1076 2633 1237 2678 videtur,
1274 2645 1492 2682 quamquam
1516 2633 1582 2669 viri
1603 2633 1765 2671 celeber-

263 2699 343 2736 rimi
361 2711 494 2736 nomen
516 2711 538 2736 a
555 2698 700 2737 serioris
719 2698 848 2735 aetatis
873 2700 1049 2749 scriptore
1079 2700 1253 2750 opusculo
1280 2713 1346 2737 suo
1374 2701 1621 2751 praepositum
1652 2701 1763 2738 fuisse

263 2765 370 2804 valde
394 2766 436 2803 fit
455 2764 640 2804 credibile.
698 2764 752 2803 Ac
773 2765 900 2802 mirum
929 2780 1075 2816 quoque
1099 2767 1242 2805 videtur
1258 2767 1490 2805 Robertsono
1512 2766 1702 2819 (Kenntn.
1723 2769 1761 2806 d.

261 2831 372 2870 Alten
392 2845 463 2870 von
484 2832 563 2870 Ind.
585 2846 670 2883 pag.
693 2834 772 2874 196
792 2834 936 2882 seqq),
973 2834 1073 2883 quod
1098 2847 1165 2872 nec
1181 2834 1390 2880 Nearchus,
1427 2847 1496 2872 nec
1516 2834 1761 2883 Ptolemaeus,

261 2912 329 2938 nec
349 2897 589 2948 Aristobulus,
609 2913 677 2939 nec
694 2902 774 2952 ipse
796 2901 953 2952 denique
968 2902 1144 2939 Arrianus
1161 2901 1321 2952 Scylaeis
1344 2902 1391 2940 de
1419 2902 1550 2940 itinere
1573 2901 1680 2940 ullam
1706 2902 1761 2940 se·

1896 255 1904 283 Ι

1892 698 1904 831 1Ῑ

1902 855 1904 931 l
