1904 3304
456 243 541 284 404

851 239 1320 280 HERODOTI

459 349 697 398 ἑκάστοισι,
740 348 814 393 καὶ
849 347 974 393 τοῦτ’
1015 349 1106 393 ἔστι
1142 354 1223 393 τοῦ
1247 349 1406 405 ’Ἄρηος
1443 349 1492 393 τὸ
1522 348 1774 405 &palpa-80

459 420 600 477 τούτῳ
632 420 676 463 δὲ
705 423 766 476 τῷ
796 417 994 463 α’κινάκεϊ
1020 422 1182 471 θυσίας
1201 421 1419 471 ἐπετείους
1444 419 1718 475 προσάγουσι

431 488 701 546 5προβάτων
738 490 811 533 καὶ
851 492 1003 533 ἵππων.
1061 491 1133 534 καὶ
1163 491 1215 547 δὴ
1244 491 1318 534 καὶ
1345 490 1486 534 τοῖσδ’
1515 491 1576 533 ἔτι
1604 488 1717 532 πλέω

459 561 626 607 θύουσι
664 560 693 614 ἢ
726 566 839 604 τοῖσι
881 560 1048 605 ἄλλοισι
1081 566 1232 606 θεοῖσι.
1279 560 1443 613 ’Όσους
1473 560 1512 604 δ’
1547 561 1601 605 ἂν
1629 564 1718 603 τῶν

460 633 677 688 πολεμίων
708 628 979 687 ζωγρήσωσι,
1020 630 1105 676 ἀπὸ
1135 637 1221 675 τῶν
1250 631 1405 675 ἑκατὸν
1446 630 1618 687 ἀνδρῶν
1648 631 1719 674 ἄν·

462 706 547 758 δρα
587 702 663 746 ἕνα
700 701 887 753 θύουσι,
934 700 1081 759 τρόπῳ
1127 701 1180 745 οὐ
1218 706 1280 760 τῷ
1319 701 1459 758 αὐτῷ,
1500 698 1533 760 ᾦ
1563 702 1636 745 καὶ
1667 701 1719 744 τοὶ

431 773 686 829 6πρόβατα,
726 771 824 816 ἀλλ’
853 772 1043 832 ἑτεροίῳ.
1103 773 1234 817 ἐπεάν
1262 772 1344 829 γάρ
1383 771 1506 816 οἶνον
1543 773 1776 816 ἐπισιτιεῖ-85

406 919 440 944 v.
465 919 496 944 c.
519 905 689 942 Clemens
710 899 807 939 Alex.
836 900 954 938 Protr.
981 900 1028 938 T.
1048 899 1065 937 Ι

405 976 443 1014 p.
461 961 515 1002 40
533 961 631 998 Pott.
661 960 792 1006 Neque
807 957 878 994 huc
898 970 970 994 non
983 970 1066 1007 per-

406 1020 549 1065 tinent,
578 1029 675 1067 quae
704 1015 750 1051 ‹le
778 1014 884 1050 simili
904 1014 1065 1063 lapidum

405 1075 662 1123 lignorumque
692 1083 759 1121 pro
780 1071 848 1106 diis
865 1070 1065 1106 habitorum

407 1130 505 1169 cultu
541 1131 639 1180 apud
667 1128 828 1164 Graecos
859 1127 1066 1163 Romanos-

409 1199 482 1236 que
505 1185 563 1223 hic
587 1185 656 1222 illic
666 1183 802 1220 tradita
822 1182 1065 1227 inveniuntur,

408 1255 477 1280 nec
506 1241 622 1289 magis
648 1252 712 1285 ea,
743 1250 838 1286 quae
863 1238 909 1274 de
930 1238 1065 1274 Carum

409 1298 498 1335 Iove
519 1297 669 1346 aliisque
688 1294 895 1332 numinibus
907 1293 974 1330 hoc
984 1306 1066 1329 mo-

410 1355 460 1392 do
479 1352 761 1404 repraesentatis
785 1355 823 1388 et
842 1349 959 1396 cultis,
989 1362 1066 1386 me-

410 1411 547 1448 moriae
569 1409 784 1460 produntur.
823 1406 931 1443 Conf.
953 1406 996 1443 C.
1017 1406 1066 1444 Ο.

409 1466 556 1504 Miiller.
584 1465 731 1503 Handb.
764 1463 800 1500 d.
828 1460 1067 1510 Archaeolog.

410 1535 497 1574 pag.
517 1524 572 1563 42
590 1533 693 1570 seqq.
722 1519 878 1568 Propius
897 1518 966 1555 huc
985 1531 1069 1568 spe-

413 1583 514 1626 ctat,
551 1578 674 1626 quod,
702 1579 873 1613 monente
892 1573 1067 1611 Niebuhr.

410 1635 535 1672 Verm.
562 1632 707 1670 Schrist.
730 1631 747 1668 Ι
781 1645 816 1682 p.
837 1632 945 1676 362,
972 1630 1067 1667 idem

411 1690 545 1728 Martis
576 1690 642 1726 sub
669 1687 762 1726 sacri
791 1687 886 1724 ensis
906 1686 1070 1734 symbolo

412 1745 678 1796 repraesentati
731 1745 847 1780 cultus
892 1743 1071 1793 reperitur

411 1815 488 1841 non
505 1802 619 1839 solum
637 1801 735 1851 apud
755 1800 909 1836 Hunnos
935 1796 992 1852 (ut
1012 1811 1072 1835 su-

412 1872 480 1911 pra
514 1854 686 1909 vidimus)
728 1856 793 1894 sub
828 1856 919 1894 duce
945 1854 1071 1902 Attila,

415 1928 541 1953 verum
563 1916 672 1952 etiam
694 1914 760 1950 sub
779 1911 1072 1960 Zingis-Chane

416 1972 515 2022 apud
583 1970 760 2008 Tartaros
818 1967 1072 2016 Mongolosve.

416 2027 642 2076 Chalybum,
671 2026 735 2075 qui
761 2028 798 2063 et
823 2025 911 2075 ipsis
928 2024 1072 2073 Scythis

414 2083 629 2122 accensendi
672 2083 769 2128 sint,
813 2082 948 2130 quique
986 2080 1071 2117 ferri

416 2140 597 2177 tractandi
617 2142 695 2176 arte
720 2137 978 2188 praecellentes
1000 2137 1072 2173 fer-

416 2209 481 2234 rea
503 2208 649 2245 quoque
679 2195 774 2232 ensis
802 2193 965 2242 symbola
985 2205 1072 2229 con-

418 2253 600 2289 stituerint
628 2251 769 2297 divina,
800 2250 962 2288 meminit
991 2249 1074 2286 Rit-

417 2312 482 2344 ter.
498 2307 688 2343 Erdkund.
705 2307 736 2343 ΙΙ
755 2320 789 2357 p.
801 2308 896 2352 789,
915 2307 1072 2351 acinace,

416 2362 560 2400 Persica
579 2363 654 2399 scil.
675 2375 764 2400 voce
787 2363 972 2410 designari
992 2375 1070 2398 mo-

415 2431 506 2457 nens
529 2432 651 2456 ensem
676 2419 751 2455 sive
773 2418 925 2455 cultrum
947 2429 1073 2454 curva-

417 2479 493 2512 tum
519 2475 688 2524 pugionis
716 2474 855 2511 sicaeve
879 2474 927 2510 ad
947 2474 1072 2520 instar,

418 2531 588 2580 gentibus
640 2530 817 2578 Scythicis
872 2530 1072 2580 proprium,

417 2600 492 2637 quo
520 2586 637 2624 adhuc
666 2586 790 2636 populi
819 2584 885 2621 illis
904 2586 940 2622 in
960 2585 1071 2623 Asiae

419 2643 593 2680 tractibus
613 2642 828 2686 habitantes,
850 2645 891 2677 ut
908 2653 940 2677 v.
960 2654 989 2678 c.
1009 2641 1075 2677 Af-

419 2699 527 2748 gani,
556 2698 683 2735 armati
697 2697 974 2747 conspiciantur.
1011 2696 1074 2733 Tu

419 2755 513 2792 conf.
546 2755 654 2792 eliam
685 2757 775 2791 nott.
798 2753 847 2790 ad
870 2752 902 2799 I,
932 2753 1012 2794 215
1034 2756 1073 2790 et

419 2809 563 2848 Hoeck.
584 2811 698 2848 Creta
713 2810 730 2846 I
746 2821 831 2860 pag.
856 2807 949 2850 294.

471 2869 525 2922 τῷ
569 2862 734 2916 οἷνάκεϊ]
780 2865 880 2904 Libri
924 2864 1070 2916 quidam

1122 894 1308 953 ἀκινάκῃ.
1361 898 1424 936 Τυ
1448 900 1542 936 conf.
1571 899 1643 945 ΙΙΙ,
1685 900 1778 941 128.

1122 956 1180 993 Ad
1209 958 1318 993 verba
1345 969 1448 1005 seqq.
1471 950 1683 1006 προβάτων
1709 954 1777 993 καὶ

1121 1012 1255 1051 ἵππων
1286 1013 1381 1049 conf.
1412 1013 1481 1059 lv,
1512 1014 1577 1051 61.
1610 1034 1661 1040 -
1707 1011 1778 1059 „ld

1122 1070 1298 1115 observo,
1350 1069 1460 1105 verba
1504 1066 1571 1106 καὶ
1619 1064 1669 1118 δή
1710 1066 1778 1106 καὶ

1121 1120 1250 1163 τοῖσδ’
1279 1127 1457 1171 acinaces,
1490 1137 1581 1173 quos
1619 1125 1778 1173 singulos

1121 1182 1158 1218 in
1180 1182 1387 1229 regionibus
1408 1181 1595 1229 depositos
1615 1181 1695 1231 plus
1716 1194 1780 1218 ve-

1121 1238 1355 1282 nerabantur,
1379 1249 1487 1285 quain
1507 1242 1669 1273 caeteros
1692 1249 1780 1274 suae

1122 1293 1279 1330 nationis
1298 1294 1399 1339 deos,
1416 1296 1627 1330 monstrare.
1659 1292 1782 1340 Quae,

1123 1349 1176 1385 uti
1199 1361 1284 1386 vera
1302 1353 1397 1395 sunt,
1422 1348 1615 1398 prohibent
1635 1361 1782 1386 omnem

1122 1406 1315 1442 verborum
1333 1405 1608 1443 novationem.“
1653 1404 1701 1442 W
1706 1418 1782 1443 es-

1124 1460 1239 1499 selz‘n
1248 1473 1285 1510 g.

1184 1565 1216 1627 ᾦ
1247 1570 1315 1611 καὶ
1343 1569 1389 1611 vc}
1422 1567 1631 1624 πρόβατα]
1670 1573 1783 1612 Rela-

1124 1629 1239 1666 tivum
1288 1630 1486 1679 aspiratum
1532 1643 1611 1667 cum
1649 1631 1686 1667 in
1726 1631 1782 1667 his

1126 1690 1225 1722 stare
1255 1698 1365 1735 posse
1396 1691 1507 1734 neget
1524 1686 1657 1723 Struve
1679 1686 1701 1723 1.
1721 1687 1743 1724 l.
1767 1685 1784 1723 I

1126 1755 1161 1792 p.
1183 1739 1248 1782 24.
1270 1744 1343 1788 26,
1373 1741 1535 1779 voculam
1558 1737 1588 1796 ᾧ
1607 1742 1662 1779 vel
1680 1755 1786 1792 pror-

1128 1810 1189 1834 sus
1221 1797 1299 1834 eiici
1322 1797 1377 1834 vel
1394 1797 1429 1834 in
1448 1800 1500 1850 τῷ
1519 1799 1681 1835 converti
1698 1798 1784 1837 vult.

1128 1854 1309 1902 Equidem
1335 1866 1357 1890 a
1373 1853 1471 1890 libris
1493 1855 1634 1905 scriptis
1655 1855 1712 1892 hic
1727 1868 1786 1893 re-

1128 1910 1258 1947 cedere
1288 1922 1364 1946 non
1393 1922 1501 1947 ausus
1531 1924 1621 1948 sum.
1647 1932 1703 1939 —
1741 1911 1785 1949 In

1128 1979 1232 2015 seqq.
1256 1967 1305 2002 ad
1323 1965 1576 2006 ἐπισπείσωσι
1593 1967 1710 2016 cf.1V,
1729 1968 1784 2011 59

1128 2027 1166 2060 et
1179 2023 1225 2060 de
1245 2036 1311 2059 usu
1326 2024 1652 2073 praepositionisin
1665 2026 1784 2062 verbis

1127 2075 1226 2117 κατᾶ
1247 2081 1328 2117 τῶν
1349 2078 1553 2128 κεφαλέων
1564 2079 1699 2121 Matth.
1716 2081 1784 2119 Gr.

1128 2136 1194 2172 Gr.
1216 2148 1252 2185 p.
1278 2134 1396 2175 1152.
1434 2136 1582 2174 Fischer
1612 2137 1661 2174 ad
1683 2137 1785 2175 wel-

1128 2191 1193 2229 ler.
1213 2191 1277 2238 ΙΙΙ,
1304 2194 1328 2232 6
1348 2205 1384 2242 p.
1411 2194 1502 2233 178.
1533 2194 1625 2230 Cum
1642 2193 1782 2230 verbis:

1129 2243 1411 2295 ἀποσφάζουσι
1461 2271 1512 2278 -—-
1571 2247 1613 2303 ἐς,
1661 2246 1782 2300 ι’ίγγος

1128 2305 1374 2354 comparanda
1403 2308 1531 2351 erunt,
1562 2316 1656 2352 quae
1673 2318 1783 2356 supra

1128 2360 1297 2409 leguntur
1321 2360 1392 2406 ΙΙΙ,
1433 2363 1479 2400 11
1519 2358 1688 2408 ἔσφαζον
1725 2382 1780 2389 -

1129 2415 1168 2462 ἐς
1197 2413 1267 2454 τὸν
1297 2418 1484 2466 κρητῆρα.
1539 2416 1621 2459 Quo
1650 2419 1781 2455 eodem

1127 2472 1224 2509 haud
1253 2472 1326 2508 scio
1344 2483 1390 2507 an
1408 2472 1587 2521 perlineat
1603 2478 1783 2511 structura

1126 2528 1335 2565 verborum:
1366 2527 1596 2577 καταχέουσι
1621 2525 1663 2569 τὸ
1683 2525 1781 2581 αἷμα

1127 2585 1198 2622 τοῦ
1211 2578 1428 2629 οἷκινάκεος.
1455 2584 1512 2620 Ad
1526 2590 1782 2634 argumentum

1127 2639 1196 2676 loci
1215 2640 1315 2688 quod
1331 2640 1483 2686 attinet,
1513 2640 1688 2679 humanas
1706 2641 1781 2679 scil.

1127 2696 1312 2742 victimam,
1360 2696 1588 2746 Scythasque
1623 2699 1670 2735 ab
1710 2698 1781 2735 hoe

1129 2752 1264 2788 crudeli
1286 2764 1387 2790 more
1416 2752 1510 2790 male
1535 2755 1684 2792 infames
1711 2753 1742 2791 C
1749 2767 1780 2791 r.

1127 2807 1250 2844 laudat
1285 2808 1542 2857 wyttenbach.
1591 2811 1639 2848 ad
1683 2810 1778 2849 Plut.

1126 2862 1269 2902 Morall.
1287 2864 1326 2913 1,
1357 2866 1383 2904 2
1402 2877 1439 2916 p.
1464 2866 1582 2908 1036.
