1904 3304
286 678 352 725 25

81 744 244 785 Cambyses
275 746 357 772 nullo

81 786 125 805 rei
138 778 185 805 sru
169 787 255 806 unme
238 780 337 806 niatar
320 788 357 807 ae

80 820 125 847 pr«
137 813 203 840 visu
238 813 267 839 in
301 815 357 840 Ae-

81 822 143 873 mii»
128 854 199 881 opes
222 855 268 873 mo
263 854 327 906 nven

81 882 201 920 cogitur
220 881 260 907 fai

103 914 161 940 cni
180 922 214 941 cx
226 889 279 941 itiin

84 947 194 975 Graeci
205 948 265 975 miil
269 923 318 975 :ees
321 949 357 976 ab

83 989 119 1009 eo
140 981 168 1009 di
171 957 339 1009 mitiuntur.

305 889 359 942 free}
415 908 464 934 το
496 891 564 934 ἐπὶ
593 891 696 942 τοὺς
726 892 964 941 Αἰθίοπας·

417 285 473 326 48

819 283 1282 322 HERODOTI

387 392 624 436 4ἐνιαυτὸν
651 392 732 448 μὲν
761 391 814 449 δή
847 392 991 447 ἔχουσι
1020 391 1100 448 τὴν
1117 391 1277 448 στήλην
1295 392 1343 436 ἐν
1371 397 1483 436 τοῖσι
1511 394 1688 440 οἰκίοισι

417 466 461 508 οἱ
495 463 680 521 μάλιστα
721 462 1037 519 προσήκοντες,
1078 462 1256 507 πάντων
1295 480 1338 507 τε
1377 463 1742 520 άπαρχόμενοι,45

414 536 488 579 καὶ
516 537 676 586 θυσίας
706 536 748 578 οἱ
776 535 1095 590 προσάγοντες·
1140 533 1246 591 μετὰ
1278 535 1323 579 δὲ
1353 539 1490 579 ταῦτα
1520 536 1686 612 ἐκκομί-

414 617 584 658 σαντες,
619 608 762 649 ἱστᾶσι
791 606 887 659 περὶ
919 604 999 661 τήν
1028 604 1170 648 πόλιν.

527 678 797 733 Θεησάμενοι
827 677 872 720 δὲ
901 675 954 718 τὰ
983 674 1126 718 πάντα
1157 675 1201 718 οἱ
1229 674 1523 727 κατάσκοποι,
1556 675 1688 721 ἀπαλ-

415 747 628 792 λάσσοντο
661 747 811 791 ὀπίσω.

871 745 1226 803 ἀπαγγειλάντων
1256 747 1302 789 δὲ
1331 751 1469 790 ταῦτα
1503 747 1687 799 τούτων,

414 819 572 863 αὐτίκα
603 817 626 863 ὁ
647 818 907 875 Καμβύσης,
939 816 1076 874 ὀργὴν
1099 816 1415 873 ποιησάμενος,
1446 818 1688 874 ἐστρατεύε-

1019 889 1119 932 οὕτε
1148 890 1432 947 παρασκευήν
1463 892 1586 934 σίτου
1617 889 1745 934 ου’-50

417 964 570 1018 δεμίαν
599 964 914 1018 παραγγείλας,
955 960 1056 1003 οὔτε
1094 959 1227 1015 λόγον
1264 961 1413 1019 ἑωυτῷ
1450 961 1581 1012 δοὺς,
1621 960 1690 1005 ὅτι

389 1035 463 1085 Ξές
492 1034 544 1078 τά
583 1035 739 1090 ἔσχατα
768 1037 843 1089 τῆς
871 1036 948 1089 γῆς
978 1032 1122 1087 ἔμελλε
1152 1032 1476 1085 στρατεύεσθαι.

418 1105 608 1161 ἐμμανής
647 1122 691 1149 τε
730 1105 815 1149 ἐών
850 1106 922 1149 καὶ
963 1104 1017 1148 ου’
1057 1103 1302 1160 φρενήρης,

411 1176 734 1233 Ἰχθυοφάγων,
777 1175 1075 1232 ἐστρατεύετο,

362 1343 459 1380 omni
477 1355 521 1379 ex
540 1345 645 1392 parte
660 1341 901 1391 perspicuam.
934 1341 1025 1378 Ver-

361 1400 411 1436 ba
432 1393 541 1451 αὐτῷ
563 1400 618 1450 τῷ
639 1395 753 1436 νέκυϊ
779 1398 923 1446 Remig.
944 1398 1025 1434 cod.

361 1459 446 1492 aute
462 1452 730 1504 προσήκοντες
753 1453 918 1500 collocat,
939 1466 1024 1503 pro-

361 1512 473 1549 bante
492 1511 737 1559 wesselingio
766 1515 801 1547 et
825 1509 1024 1557 Larchero,

360 1569 574 1616 refragante
587 1568 753 1605 Wersero
765 1567 800 1603 in
814 1565 910 1607 Actt.
925 1566 1023 1617 phill.

362 1625 528 1662 Monacc.
548 1625 564 1660 I
585 1639 621 1675 p.
646 1626 724 1664 106
746 1636 836 1672 seq.‚
863 1624 925 1672 qui
948 1623 1025 1660 vul-

361 1686 487 1730 gatam
516 1681 567 1717 sic
595 1685 759 1717 tuentur:
807 1680 1024 1726 „cadavera

361 1741 521 1787 gypsata
542 1741 579 1774 et
598 1737 778 1787 picturata
799 1736 914 1785 cippis
937 1736 1022 1773 salis

361 1793 525 1831 montani
559 1794 741 1830 excavatis
774 1793 909 1829 inserta
940 1805 1024 1842 per-

360 1849 482 1887 lucent
511 1851 588 1887 sine
618 1850 689 1886 ullo
714 1850 823 1886 foedo
850 1850 964 1886 odore
985 1853 1023 1886 et

362 1907 485 1943 omnia
521 1907 719 1956 corporibus
756 1907 844 1955 ipsis
883 1900 1024 1959 (αὐτῷ

362 1964 415 2015 τῷ
453 1960 593 2010 νέκυϊ)
641 1962 769 1999 similia
823 1959 1022 2012 (ὁμοίως)

362 2019 560 2057 ostendunt
578 2015 786 2070 (φανερά).
819 2018 932 2067 Igitur
952 2015 1024 2056 αὕ-

362 2073 426 2122 τός
444 2073 463 2114 ὁ
484 2074 600 2122 νέκυς
621 2089 694 2112 non
716 2080 773 2113 est
795 2075 905 2120 idem,
925 2076 1024 2123 quod

363 2131 388 2172 ὁ
420 2130 557 2179 νέκυς,
616 2145 739 2170 verum
780 2131 837 2168 hic
872 2131 1024 2168 cadaver

361 2193 548 2238 gypsatum
566 2189 778 2239 pz'cturcique
810 2192 1026 2236 exornatum,

362 2246 420 2282 ille
443 2258 564 2294 corpus
588 2258 737 2291 mertun,
768 2246 803 2280 in
822 2246 921 2281 cuius
943 2257 1026 2295 spe-

360 2303 450 2339 ciem
489 2306 681 2351 gypsatum
725 2313 854 2350 corpus
890 2302 1026 2338 sorma-

363 2358 511 2395 batur.“

422 2413 463 2452 οἱ
486 2408 656 2463 μάλιστα
680 2407 966 2462 προσήκοντες]
999 2412 1022 2451 ἰ.

362 2483 392 2508 e.
424 2471 573 2506 maxime
604 2471 817 2515 necessarii,
867 2470 1024 2516 cognati,

363 2531 400 2563 ut
427 2526 471 2573 ΙΙ,
501 2528 564 2565 86.
594 2526 646 2564 90
684 2530 746 2561 aut
781 2525 826 2570 ΙΙ,
857 2526 909 2565 36
945 2524 1023 2561 init.

361 2580 456 2629 τούς
475 2577 644 2633 μάλιστα
667 2579 848 2619 ἱκνέεται.

561 2639 668 2688 Cap.
710 2638 826 2675 XXV.

421 2690 669 2745 Θεησάμενοι
713 2691 754 2732 δὲ
795 2691 841 2731 τά
876 2689 1022 2743 πάντα]

364 2753 484 2802 Supra
510 2746 764 2801 θηησάμενοι
784 2750 848 2796 ΙΙΙ,
871 2752 937 2795 23,
966 2751 1027 2787 ubi

364 2809 409 2845 cf.
455 2812 549 2845 nott.
595 2803 716 2857 ὀργήν
756 2802 1028 2856 ποιησάμενος

363 2865 460 2902 idem
475 2864 570 2901 valet
589 2869 699 2913 atque
716 2858 920 2914 ὀργισθεὶς
932 2865 1026 2905 (ira-

367 2921 465 2969 tus),
494 2925 644 2958 notante
656 2919 844 2968 Valcken„
867 2920 930 2970 qui
950 2919 1027 2956 lau-

1538 1031 1610 1076 οἷα
1644 1034 1689 1078 δὲ

1348 1102 1405 1155 ὥς
1434 1104 1568 1160 ἤκουε
1599 1109 1689 1149 τῶν

1118 1174 1336 1232 Ἑλλήνων
1370 1175 1448 1231 μὲν
1477 1175 1581 1227 τούς
1609 1192 1688 1220 πα-

1082 1340 1147 1377 dat
1166 1339 1246 1385 Vll,
1267 1338 1357 1379 105.
1382 1339 1547 1388 Thueyd.
1566 1340 1629 1386 lv,
1652 1339 1744 1382 124.

1081 1395 1161 1433 coll.
1185 1396 1277 1440 123,
1310 1400 1346 1432 et
1366 1395 1498 1432 similes
1528 1396 1747 1444 locutiones,

1082 1458 1120 1489 ut
1139 1447 1290 1501 θώυμα
1317 1455 1544 1499 ποιεῖσθαι,
1582 1453 1692 1500 alias,
1717 1453 1747 1499 l,

1084 1511 1175 1550 127.
1196 1508 1258 1554 Vl,
1280 1510 1346 1549 28.
1370 1508 1469 1555 vill,
1489 1509 1554 1550 74.
1585 1510 1646 1547 Tu
1663 1509 1747 1547 vide

1082 1565 1131 1602 sis
1151 1569 1243 1602 nott.
1265 1565 1313 1600 ad
1332 1565 1360 1612 1,
1381 1566 1449 1604 68.

1139 1618 1231 1660 οὕτε
1249 1617 1368 1672 λόγον
1384 1619 1517 1675 ἑωυτῷ
1538 1616 1651 1672 δούς]
1676 1621 1699 1658 ἰ.
1713 1634 1744 1659 e.

1079 1691 1139 1715 uec
1171 1690 1284 1714 secum
1316 1683 1492 1728 reputans.
1537 1677 1619 1715 vid.
1647 1682 1745 1715 nott.

1080 1736 1129 1772 ad
1150 1735 1176 1780 Ι,
1198 1736 1262 1774 97.
1297 1734 1340 1779 ΙΙ,
1367 1737 1458 1775 162.

1139 1787 1204 1830 οἷα
1228 1788 1269 1829 δὲ
1298 1787 1476 1841 ἐμμανής
1499 1804 1540 1829 τε
1569 1786 1648 1829 ἐών
1677 1788 1745 1828 καὶ

1082 1842 1131 1887 ov’
1149 1843 1368 1898 φρενήρης]
1400 1849 1421 1884 i.
1435 1861 1466 1885 c.
1490 1850 1608 1897 utpote
1622 1846 1746 1897 surio-

1080 1919 1139 1941 sus
1161 1917 1220 1940 nec
1239 1907 1360 1941 mentis
1379 1917 1523 1954 compos.
1564 1902 1620 1940 Ac
1641 1908 1747 1940 notat

1080 1961 1149 1998 hoc
1168 1963 1503 2011 παραλληλισμῶν
1523 1973 1654 2009 genus,
1673 1960 1746 1997 So-

1080 2018 1198 2068 phocli
1211 2018 1262 2065 (v.
1276 2031 1304 2054 c.
1321 2018 1494 2067 Antigon.
1508 2016 1744 2057 498.E1ectr.

1081 2073 1214 2121 474),
1253 2074 1330 2111 aliis
1372 2087 1519 2123 quoque
1559 2074 1746 2120 usitatum,

1081 2130 1389 2177 Valckenaerius‚
1420 2130 1571 2167 laudans
1594 2129 1655 2175 ΙΙΙ,
1678 2131 1745 2170 34.

1081 2187 1126 2232 V,
1144 2187 1209 2228 42.
1234 2188 1297 2234 lx,
1319 2187 1383 2227 54.
1415 2188 1510 2224 Add.
1532 2185 1665 2222 Matth.
1679 2185 1744 2222 Gr.

1083 2243 1148 2279 Gr.
1179 2241 1215 2292 ᾗ.
1233 2243 1328 2290 444,
1356 2244 1381 2284 5
1414 2256 1449 2293 p.
1472 2244 1565 2283 831.
1593 2237 1746 2291 φρενή-

1083 2315 1166 2349 ρης,
1197 2300 1298 2348 quod
1317 2299 1444 2336 itidem
1466 2303 1584 2336 exstat
1602 2299 1666 2345 ΙΙΙ,
1677 2299 1747 2345 30,

1083 2356 1216 2392 Glossa
1240 2356 1453 2392 Herodotea
1484 2354 1640 2404 explicat
1671 2350 1747 2393 σω’-

1082 2426 1208 2462 φρωυ.
1241 2412 1361 2460 Supra
1382 2411 1428 2457 ΙΙ,
1458 2412 1536 2451 120
1567 2411 1747 2448 invenitur

1082 2463 1382 2518 φρενοβλαβής,
1419 2471 1527 2504 mente
1550 2471 1686 2516 captus.

1137 2520 1338 2574 Ἑλλήνων
1359 2520 1432 2574 μὲν
1460 2520 1553 2570 τούς
1575 2518 1746 2573 παρεόν-

1080 2579 1164 2628 τας]
1204 2581 1298 2617 Add.
1321 2594 1415 2629 quae
1437 2581 1530 2616 insra
1555 2579 1745 2628 leguntur:

1082 2633 1175 2682 τους
1194 2632 1391 2686 Ἕλληνας
1423 2631 1553 2686 οἷπῆκε
1575 2632 1746 2675 (ἷποπλέ-

1083 2707 1162 2740 2121,-
1192 2694 1292 2741 quod
1312 2694 1358 2729 ad
1371 2693 1484 2730 Cares
1508 2693 1658 2731 lonesve
1676 2706 1746 2744 po-

1084 2751 1262 2786 tissimum
1291 2751 1358 2786 erit
1386 2750 1638 2796 referendum,
1681 2749 1745 2799 qui

1085 2819 1129 2844 ex
1151 2819 1223 2855 quo
1244 2810 1409 2855 tempore
1431 2806 1552 2842 Persis
1571 2820 1611 2844 se
1631 2806 1746 2844 dede-

1085 2868 1185 2908 rant,
1228 2868 1264 2899 et
1290 2862 1463 2898 tributum
1493 2867 1529 2899 et
1551 2863 1674 2913 copias
1695 2861 1743 2899 ad

1085 2918 1236 2956 classem
1250 2947 1259 2963 ,
1302 2931 1397 2968 quae
1418 2918 1638 2957 Phoenicum
1665 2930 1743 2955 ma-
