1904 3304
501 205 1069 245 MELPOMENE.

1129 205 1187 243 IV.
1394 205 1480 246 343

209 313 472 370 ποιεύμενον
499 313 764 371 προσφερές·
804 315 879 366 τὰς
901 314 1108 370 Θρηϊκίας
1137 312 1211 357 καὶ
1238 312 1316 364 τοὶς
1340 316 1475 356 Παιο-

209 387 331 435 νίδας
365 389 598 440 γυναῖκας,
642 384 774 428 ἐπεάν
803 384 950 428 θύωσι
986 389 1039 442 τῇ
1066 383 1278 440 Ἀρτέμιδι
1307 387 1359 441 τῇ
1390 387 1470 426 Βα-
1486 390 1531 423 90

207 457 371 512 σιληΐῃ,
415 454 498 499 οὐκ
538 456 644 499 ἄνευ
672 460 826 511 πυρῶν
855 455 1048 512 καλάμης
1076 455 1276 506 θυούσας
1305 454 1357 497 τὰ
1387 452 1472 508 ἱρά.

82 533 146 578 34
200 526 438 571 καὶταῦτα
477 527 556 583 μὲν
594 527 647 584 δή
684 525 781 571 οἶδα
811 527 972 579 ταύτας
1001 525 1219 578 ποιεύσας.

148 755 261 793 verbo
289 749 548 805 ἐπισκήπτειν
582 754 640 791 hic
665 755 808 804 signifi-

148 815 231 849 cet:
264 813 396 848 z'nstare
418 812 590 856 iubendo,
621 824 651 847 s.
673 814 808 848 instan-

148 872 223 914 ter,
263 882 399 918 operose
420 869 533 905 iubere
558 867 807 918 mandumque.

146 924 207 963 Tu
226 927 321 962 conl'.
342 926 448 962 etiam
469 929 561 961 nott.
583 925 631 961 ad
651 925 716 970 111,
741 926 807 965 73.

201 978 271 1028 τᾶς
294 981 487 1032 Θρηϊκίας
504 979 570 1019 καὶ
591 977 661 1026 τιὶς
682 983 809 1019 Παιο-

145 1038 259 1084 νίδας
275 1037 480 1088 γυναῖκας]
497 1039 688 1087 Θρηϊκίας
700 1049 807 1088 prae-

145 1095 256 1132 bebat
267 1094 500 1132 Florentinus
515 1094 605 1131 liber
618 1107 697 1132 cum
714 1095 808 1131 duo-

144 1151 212 1188 bus
233 1150 322 1188 aliis.
353 1150 473 1200 Vulgo
496 1147 702 1203 Θρῄσσας,
732 1151 807 1188 sive

148 1202 345 1258 Θρήσσας.
374 1229 419 1234 -
451 1206 606 1244 Paeones
628 1208 722 1243 infra
744 1207 807 1253 lv,

147 1264 199 1304 49
236 1263 375 1300 Noster
418 1269 522 1300 vocat
564 1264 602 1300 in
642 1264 806 1311 regione,

147 1333 244 1369 quae
261 1319 459 1357 hodiernae
480 1320 631 1357 Serviae
651 1333 680 1356 s.
700 1319 806 1357 Moe-

147 1377 223 1413 siae
244 1376 420 1426 superiori
439 1376 584 1413 videtur
611 1388 805 1414 accensen-

147 1433 204 1469 da.
236 1432 385 1481 Colligit
403 1445 489 1469 vero
511 1433 803 1481 Creuzer.Sym-

146 1488 219 1525 bol.
245 1488 275 1524 ΙΙ
296 1502 332 1538 p.
356 1490 435 1529 129
455 1502 498 1526 ex
519 1489 699 1526 Herodoti
719 1501 803 1525 nar-

144 1545 309 1591 ratione,
348 1557 414 1594 per
437 1544 625 1581 Thraciam
654 1558 802 1593 quoque

145 1601 230 1637 olim
276 1600 434 1649 viguisse
471 1601 659 1649 antiquum
703 1600 800 1638 illum

142 1656 238 1693 Solis
259 1655 462 1705 Lunaeque
485 1656 616 1693 cultum
645 1670 802 1706 eumque

142 1713 347 1764 puriorem,
387 1714 442 1749 cui
470 1726 553 1749 mox
579 1714 702 1750 rudior
721 1727 801 1751 suc-

144 1770 294 1808 cesserit
309 1770 572 1818 agrestiorque.
603 1771 700 1814 Quin
719 1770 802 1817 alia,

144 1839 240 1876 quae
262 1826 360 1863 idem
382 1825 527 1873 attulit,
564 1827 725 1864 indicare
749 1827 802 1863 vi-

143 1884 290 1928 dentur,
321 1881 516 1919 Thraciam
536 1884 656 1933 prisco
673 1885 802 1920 admo-

145 1940 231 1976 dum
254 1951 344 1976 aevo
369 1938 542 1988 Apollinis
574 1953 678 1976 sacra
702 1953 802 1977 rece-

143 1995 243 2046 pisse
292 1994 510 2044 ulteriusque
562 2009 800 2046 propagasse.

143 2051 240 2088 Hinc
260 2051 442 2097 Dianam,
471 2064 579 2100 quam
602 2057 709 2089 vocat
728 2052 802 2088 Re-

143 2110 242 2157 giam
255 2136 265 2154 ,
306 2109 402 2145 haud
420 2107 525 2145 aliam
545 2121 625 2145 esse
644 2109 802 2156 credam,

143 2177 254 2214 quam
273 2177 367 2214 quae
395 2163 533 2201 Belalis
558 2178 579 2201 a
597 2164 802 2202 Thracibus

144 2222 211 2258 sua
229 2220 354 2270 lingua
376 2226 506 2258 vocata
535 2221 701 2270 cultaque
724 2223 802 2259 fue-

143 2278 209 2324 rit,
248 2282 343 2315 teste
365 2277 520 2315 Timaeo
547 2279 583 2314 in
604 2277 693 2314 Lex.
714 2277 802 2315 Pla-

142 2338 217 2370 ton.
236 2347 273 2384 p.
296 2337 371 2380 62,
406 2334 468 2371 ubi
500 2335 571 2371 vid.
602 2334 800 2371 Ruhnken.

145 2389 212 2427 Cr.
245 2391 387 2428 confert
411 2391 558 2428 Pindar.
595 2391 715 2428 Schol.
754 2391 800 2427 ad

145 2445 288 2496 Olymp.
306 2447 372 2493 ΙΙΙ,
391 2446 458 2487 46.

202 2498 382 2550 θυούσας
403 2501 449 2542 τοὶ
474 2499 555 2554 ἱρά]
579 2503 650 2540 Pro
671 2498 801 2542 θυού-

150 2568 220 2604 σας
242 2559 383 2608 plurimi
399 2560 477 2598 libri
497 2555 677 2610 ἐχούσας,
703 2560 802 2609 quod

149 2627 193 2651 ex
222 2612 411 2665 ἕρδούσας
436 2618 619 2655 detortum
646 2617 800 2653 videba-

148 2674 206 2707 tur
232 2670 375 2710 Eldikio
393 2674 502 2723 Susp.
524 2675 632 2724 Spec.
653 2687 688 2724 p.
703 2676 754 2715 16
765 2677 801 2711 et

148 2726 341 2765 Larchero.
388 2730 526 2767 Contra
562 2726 744 2776 θυούσας
782 2743 802 2767 e

150 2783 283 2820 scholio
323 2784 414 2822 male
448 2787 627 2824 invectum
659 2787 801 2824 videtur

149 2840 516 2891 Schweighaeusero,
553 2844 616 2894 qui
640 2844 718 2895 ipse
743 2856 802 2881 re-

1284 529 1395 583 Τῇσι
1425 524 1471 568 δὲ
1529 517 1807 578 marsnam.-

1528 584 1614 611 nibus
1638 593 1712 618 quas
1731 585 1807 612 inse—

205 596 465 652 παρθένοισι
494 597 678 656 ταύτῃσι
707 603 805 656 τῇσι
833 599 876 651 ἐξ
901 597 1200 654 Ὑπερβορέων
1220 594 1469 653 τελευτησά-
1528 617 1591 644 rias
1620 618 1699 646 nem
1733 619 1806 646 saci-

865 756 971 792 tinuit
993 751 1168 804 ἐχούσας,
1200 755 1329 792 eodem
1350 753 1426 791 sere
1444 764 1528 789 sen-

867 824 922 858 su,
944 825 1018 860 quo
1040 806 1266 862 φερούσας;
1298 823 1402 847 sacra
1420 821 1528 845 manu

867 871 1019 904 tenentes
1052 871 1084 904 et
1113 869 1152 904 in
1178 880 1306 916 pompa
1335 869 1527 915 gestantes.

865 924 914 961 At
937 937 1049 974 supra
1066 924 1102 970 Ι,
1136 922 1188 963 59
1212 924 1290 960 init.
1329 919 1528 962 θύσαν-

864 995 949 1027 τος
973 978 1048 1033 γοῖρ
1073 975 1200 1019 αὐτοῦ
1226 976 1284 1018 va*
1310 975 1406 1032 ἱρά.

1038 1070 1070 1106 C
1082 1082 1103 1106 a
1113 1083 1152 1120 p.
1183 1069 1359 1107 XXXIV.

906 1151 1006 1204 Τῇσι
1023 1146 1065 1187 δὲ
1081 1146 1320 1200 παρθένοισι
1337 1144 1520 1201 ταύτῃσι]

863 1207 886 1244 i.
901 1220 932 1244 e.
955 1208 993 1242 in
1012 1206 1173 1242 honorem
1191 1218 1313 1242 earum
1331 1206 1524 1253 virginum,

864 1275 953 1312 qnae
969 1276 1011 1299 ex
1024 1262 1067 1299 Η
1063 1263 1327 1313 yperboreorum
1346 1262 1442 1299 terni
1457 1262 1524 1299 ad-

861 1324 1000 1365 vectae,
1053 1319 1140 1355 Delc'
1175 1320 1298 1356 obiisse
1339 1320 1522 1366 (licuntur,

862 1378 932 1413 sibi
951 1379 1056 1425 caput
1080 1375 1223 1412 tondent
1246 1376 1389 1425 puellae
1415 1388 1523 1425 aeque

862 1447 905 1469 ac
922 1435 1027 1483 pueri
1043 1432 1270 1468 Delz'orum.“
1327 1433 1387 1470 De
1406 1432 1523 1469 dativi

860 1490 1002 1526 ratione
1031 1489 1199 1539 exposuit
1215 1488 1346 1526 Matth.
1369 1489 1436 1525 Gr.
1454 1488 1520 1525 Gr.

861 1543 899 1596 ἓ.
923 1547 1027 1592 394,
1058 1548 1096 1584 2.
1156 1544 1196 1580 In
1215 1545 1295 1594 ipsa
1314 1545 1522 1582 narratione

859 1602 1056 1639 Herodoto
1095 1601 1263 1638 convenit
1294 1614 1375 1638 cuin
1405 1600 1520 1637 Calli-

861 1658 989 1695 macho
1020 1658 1055 1694 in
1075 1657 1155 1695 Del.
1176 1659 1280 1703 292,
1319 1658 1389 1694 nisi
1419 1658 1520 1706 quod

859 1715 958 1752 hicce
994 1714 1113 1750 omnia
1152 1714 1223 1751 ista
1259 1714 1307 1751 ad
1342 1713 1520 1751 honorem

860 1771 973 1821 Opis,
1002 1771 1222 1819 Hecaergae
1253 1774 1288 1807 et
1310 1769 1436 1807 Loxus
1462 1783 1520 1808 re-

859 1829 949 1873 fert,
975 1840 1047 1864 non
1069 1826 1172 1864 aliter
1191 1831 1302 1875 atque
1318 1827 1519 1863 Pausanias

857 1884 886 1931 l,
909 1886 977 1931 43,
1001 1883 1039 1924 4.
1085 1883 1302 1920 Cincinnum
1325 1883 1421 1920 hunc
1438 1884 1519 1920 fuse

857 1940 1151 1978 circumvolutum
1165 1969 1176 1985 ,
1213 1953 1322 1989 quem
1357 1940 1518 1988 virgines

857 1997 1029 2034 Deliacae
1053 2001 1138 2033 ante
1164 1997 1310 2047 nuptias
1330 1996 1367 2032 in
1395 1995 1518 2046 sepul-

858 2065 920 2090 cro
968 2053 1160 2103 deponant
1176 2081 1186 2099 ‚
1244 2053 1292 2089 ad
1332 2051 1518 2102 Ilithyiam

858 2113 1046 2159 spectasse
1066 2113 1191 2146 censet
1212 2109 1386 2146 Creuzer.
1409 2110 1517 2157 Sym-

860 2165 933 2203 bol.
952 2166 985 2202 lI
1016 2179 1051 2216 p.
1079 2167 1178 2210 1183
1223 2177 1318 2214 quae
1341 2165 1411 2202 dea
1435 2178 1515 2202 cum

861 2219 1015 2268 εὔλινος
1032 2222 1224 2258 dicaturac
1233 2226 1396 2259 texturae
1407 2234 1516 2271 prae-

859 2280 916 2326 sit,
947 2283 984 2315 et
1004 2279 1084 2328 ipsa
1105 2278 1169 2314 fati
1189 2278 1336 2315 domina
1354 2291 1396 2315 ac
1413 2278 1516 2328 prin-

858 2348 943 2386 ceps
966 2334 1190 2383 significatur
1205 2335 1399 2372 tesseraria
1421 2347 1515 2383 qua-

858 2393 942 2428 dam
989 2391 1130 2428 ratione
1146 2419 1156 2437 ,
1211 2391 1258 2428 de
1300 2403 1374 2440 qua
1410 2391 1516 2441 plura

857 2449 1030 2486 Creuzer.
1049 2446 1069 2483 l.
1091 2446 1114 2484 l.
1135 2447 1307 2485 Larcher.
1325 2448 1434 2484 ritum
1456 2459 1516 2484 ca-

858 2509 925 2555 put
952 2504 1131 2541 tondendi
1156 2505 1205 2540 ad
1226 2503 1361 2541 luctum
1389 2505 1515 2551 refert,

858 2565 1084 2598 mortuarum
1114 2561 1294 2609 virginum
1327 2561 1365 2597 in
1397 2560 1516 2597 hono-

855 2630 931 2655 rem
943 2618 1147 2654 institutum
1165 2621 1203 2655 et
1221 2621 1400 2667 perpetua
1415 2618 1516 2654 chn-

857 2687 943 2724 ceps
993 2674 1169 2712 memoria
1216 2674 1515 2711 consecrandum.

859 2731 959 2775 Quin
1001 2731 1103 2781 apud
1138 2729 1367 2768 Troezenios
1404 2729 1516 2767 simile

859 2787 947 2836 quid
965 2787 1167 2825 obtinuisse
1190 2787 1315 2834 addit,
1347 2786 1515 2836 Euripid.

860 2843 1012 2895 Hippol.
1036 2843 1144 2885 1436
1172 2847 1305 2882 testem
1335 2844 1448 2881 citans
1474 2854 1517 2878 ac

1531 654 1595 679 ant.
