1904 3304
531 234 572 272 Μ
602 233 695 288 Ei,
725 234 754 272 P
784 234 820 273 ο
855 233 896 272 Μ
927 234 958 271 Ε
989 233 1026 271 Ν
1055 234 1097 271 E.
1158 234 1218 271 iv.
1428 234 1510 274 381

213 347 410 391 3ἐσδιδοῖ
437 346 479 396 ἐς
510 343 661 388 αὐτόν.
720 344 763 397 ἐξ
789 343 1010 399 Ἰλλυριῶν
1034 342 1217 397 δὲ’ῥέων
1238 342 1348 397 πρὸς
1370 344 1511 397 βορῆν

241 419 404 473 ἄνεμον
437 416 625 472 ’Ἁγγρος
673 416 887 472 ποταμός,
945 415 1140 472 ἐσβάλλει
1179 413 1222 466 ἐς
1267 415 1420 457 πεδίον
1458 412 1506 455 τὸ

247 488 555 545 Τριβαλλικὸν,
589 489 662 531 καὶ
683 489 724 539 ἐς
743 486 964 542 ποταμόν,
999 484 1224 541 Βρόγγον·
1260 482 1283 528 ὁ
1305 485 1350 528 δὲ
1370 483 1510 539 Βρόγ-

211 565 319 617 4γος
348 560 390 611 ἐς
419 560 497 604 τὸν
515 559 703 614 Ἴστρον.

237 631 423 693 γάίὶους,
465 632 487 676 ὁ
513 632 683 687 Ἴστρος
722 631 902 674 δέκεται.

227 788 396 842 ’Ἄγγρος
443 786 639 839 ποταμὸς]
699 789 843 837 Angrus

182 852 238 885 est
272 846 428 884 Mor-ava
464 847 632 892 Serviae,
672 844 843 893 Brongzts

181 909 304 941 autem
327 903 483 940 ,Horam
503 903 717 951 Bulgurz'ue.
760 902 842 939 vid.

183 961 367 998 Gatterer.
394 961 415 997 l.
444 961 465 996 l.
498 973 584 1010 pag.
615 961 693 1004 33,
733 971 842 1007 quem

181 1023 381 1066 sequuntur
433 1016 607 1054 Larcher.
658 1016 695 1052 in
745 1015 780 1051 T
783 1016 842 1051 ab.

182 1074 318 1123 Geogr.
348 1087 383 1123 p.
408 1075 489 1114 567
517 1078 553 1110 et
571 1073 754 1109 Mannert.
776 1071 843 1107 Vll

180 1143 267 1182 pag.
286 1129 424 1170 11coll.
454 1130 648 1167 Reichard.
671 1128 842 1177 pag 433

182 1187 244 1236 qui
262 1199 500 1236 quaecunque
512 1199 593 1223 mox
606 1187 652 1223 de
665 1184 841 1234 Carpz'at-

183 1255 254 1291 que
263 1243 497 1293 A1122·Noster
508 1242 651 1289 afferat,
674 1255 717 1278 ea
729 1241 843 1290 expli-

182 1299 255 1336 cari
284 1313 393 1350 posse
422 1305 552 1348 negat,
583 1303 621 1335 ut
647 1311 734 1335 sane
753 1297 843 1334 falsa

183 1368 265 1393 esse
303 1355 574 1406 perhibeantur.
624 1355 703 1392 Nec
726 1355 843 1403 magis

182 1411 292 1448 salsos
320 1425 400 1449 esse
429 1425 490 1449 eos
511 1412 749 1456 crediderim,
781 1411 843 1460 qui

181 1468 284 1517 Alpis
319 1469 466 1505 nomine
498 1468 658 1504 Rhenum
693 1468 844 1505 indicari

180 1529 323 1574 putent.
370 1524 425 1561 Ac
456 1526 602 1561 fluvium
632 1524 740 1573 Alpin
768 1536 842 1560 non

179 1580 290 1628 longe
333 1593 355 1618 a
393 1581 558 1628 margine
589 1581 739 1617 occidua
770 1586 844 1617 ter-

180 1649 243 1674 rae
286 1637 516 1674 Herodotum
572 1637 639 1673 sibi
695 1636 844 1674 finxisse

181 1706 202 1731 e
221 1694 340 1731 verbis
360 1706 465 1743 seqq.
487 1694 534 1731 de
544 1694 626 1730 Istri
645 1706 750 1730 cursu
770 1693 844 1730 col-

180 1749 260 1799 ligit
287 1750 459 1806 I}redow.
490 1751 600 1800 Spec,
629 1749 768 1799 Geogr.
807 1754 844 1787 et

180 1806 383 1855 Uranolog.
426 1807 569 1845 Herod.
604 1819 689 1856 pag.
722 1806 844 1843 XXIV

180 1867 256 1899 not.
307 1862 387 1899 Nec
416 1864 532 1912 magis
563 1864 728 1900 assentiri
759 1876 844 1913 pos-

182 1930 260 1955 sum
280 1916 513 1967 NiebuhriQ'
533 1921 594 1969 qui
614 1920 711 1956 Hist.
735 1921 842 1957 Rom.

182 1974 198 2010 l
230 1987 266 2024 p.
299 1975 379 2016 149
406 1976 462 2013 ed.
492 1989 563 2013 sec.
600 1976 675 2013 sive
706 1976 843 2026 Cat-pin

182 2031 256 2068 sive
276 2031 386 2081 Alpz'n
412 2045 477 2082 pro
499 2038 624 2069 nostro
642 2033 752 2069 fluvio
771 2031 843 2069 Inn

181 2087 310 2125 haberi
350 2088 436 2125 vult.
504 2089 576 2132 Qui
618 2089 716 2126 idem
751 2090 844 2127 Ver-

182 2144 320 2180 mischt.
346 2144 494 2182 Schrist.
517 2146 529 2181 Ι
558 2159 593 2195 p.
617 2144 712 2185 374.
742 2146 842 2183 Hist.

179 2199 288 2236 Rom.
320 2200 350 2237 ll
378 2214 414 2251 p.
438 2203 519 2243 578
538 2202 596 2238 ed.
613 2213 682 2237 sec.
702 2202 760 2238 vix
779 2214 844 2239 au-

181 2256 357 2301 diendus,
409 2259 509 2307 quod
551 2259 715 2305 Angrum
763 2271 844 2296 esse

180 2313 371 2350 contendit
388 2315 537 2352 fluvium
551 2314 645 2350 Drin
667 2319 703 2352 et
724 2314 844 2352 Bron-

181 2382 266 2418 gum
285 2383 382 2407 nunc
402 2372 523 2407 vocari
544 2371 680 2408 Savum
709 2369 844 2423 (Sau);

183 2438 292 2475 quam
312 2427 466 2465 eandem
478 2429 563 2464 olim
574 2427 844 2466 Peucerifuisse

184 2484 401 2520 sententiam
414 2512 426 2532 ,
453 2497 474 2522 e
492 2484 665 2522 Larcheri
684 2490 772 2522 nota
789 2486 845 2522 in-

184 2537 318 2586 telligo.

243 2592 282 2639 ἐς
317 2596 455 2635 πεδίον
484 2593 526 2636 τὸ
565 2594 843 2649 Τριβαλλικὸν]

190 2648 349 2687 Triballi
379 2653 448 2703 ipsi
479 2654 579 2704 apud
610 2655 844 2692 Herodotum

187 2705 310 2743 nullibi
330 2715 669 2757 commemorantur,
696 2712 757 2760 qui
776 2712 844 2749 hoc

188 2775 258 2799 uno
289 2762 368 2800 loco
394 2764 630 2804 Triballorum
655 2768 844 2817 planitiem

186 2820 362 2859 nominat.
423 2821 533 2871 Apud
588 2823 844 2874 Thucydidem

187 2874 351 2925 aliosque
387 2877 558 2928 frequens
589 2879 694 2918 huius
724 2882 843 2932 gentis

767 557 884 602 οὕτω
916 557 1216 613 ἀμφοτέρους,
1255 555 1407 606 ἐόντας
1437 560 1558 611 gae-25

971 629 1018 672 ἐκ
1060 629 1106 671 δὲ
1145 632 1221 684 τῆς
1260 626 1510 682 κατύπερθε

900 784 1061 831 mentio,
1100 797 1196 834 quae
1231 785 1318 823 olim
1356 785 1469 823 libera
1497 797 1564 822 nec

901 841 1056 889 Odrysis
1086 841 1269 888 subiecta,
1300 842 1481 879 Thraciae
1508 854 1567 878 ac-

900 903 1070 934 censetur
1099 899 1270 946 gentibus
1295 904 1332 935 et
1355 911 1451 947 quae
1473 902 1566 935 tem-

900 966 1030 1004 porum
1061 954 1217 991 decursu
1247 956 1394 992 sedibus
1417 953 1565 991 mutatis

901 1011 948 1046 ad
990 1010 1148 1048 Pontum
1187 1011 1368 1048 Euxinum
1406 1012 1567 1060 Istrique

901 1067 1109 1104 inferiorem
1128 1080 1271 1105 cursum
1291 1069 1407 1117 magis
1429 1068 1564 1116 magis-

900 1136 973 1172 que
988 1126 1192 1173 processise
1211 1126 1365 1162 videtur.
1399 1124 1454 1161 Cf.
1467 1125 1563 1161 Gat-

900 1184 1008 1217 terer.
1034 1182 1056 1216 1.
1085 1181 1106 1218 1.
1139 1194 1223 1232 pag.
1245 1185 1300 1224 37
1333 1195 1437 1230 seqq.
1479 1180 1564 1218 Tri-

901 1237 1073 1273 ballorum
1105 1238 1276 1287 planities
1306 1241 1355 1276 ad
1383 1238 1565 1276 Moesiam

901 1293 1111 1331 interiorem
1162 1296 1238 1332 sive
1287 1296 1336 1332 ad
1385 1296 1565 1341 Serviam,

902 1363 997 1398 quae
1028 1364 1124 1387 nunc
1151 1357 1324 1398 vocatur,
1353 1352 1564 1402 pertinebit.

901 1406 1086 1444 Mannert.
1107 1407 1174 1444 Vll
1193 1423 1228 1459 p.
1256 1411 1306 1450 11
1339 1410 1385 1446 de
1415 1421 1459 1445 ea
1478 1408 1566 1445 Ser-

901 1464 981 1500 viae
1003 1464 1154 1513 planitie
1176 1466 1329 1513 cogitat,
1354 1477 1449 1514 quae
1470 1477 1566 1502 nunc

901 1520 1126 1558 nominatur:
1184 1522 1400 1572 Amselfeld,
1447 1534 1566 1572 prope

901 1576 1093 1615 Kossova:
1137 1578 1291 1627 insignis
1326 1579 1384 1616 illa
1415 1579 1565 1626 quidem

901 1632 1044 1670 duabus
1081 1635 1214 1684 pugnis
1242 1647 1338 1672 anno
1376 1636 1483 1676 1389
1527 1638 1565 1671 et

905 1688 1013 1730 1448
1036 1692 1249 1728 commissis.
1290 1692 1340 1729 At
1360 1690 1565 1730 Niebuhrio

901 1745 923 1782 l.
953 1745 974 1781 1.
1002 1746 1111 1785 latius
1130 1749 1293 1798 patuisse
1314 1750 1456 1786 videtur
1473 1747 1564 1784 haec

901 1802 1071 1852 planities
1099 1818 1317 1854 omnemque
1336 1805 1564 1854 Hungariam

900 1859 1108 1899 inferiorem
1129 1862 1473 1912 comprehendisse3
1512 1861 1566 1897 ita

898 1921 939 1952 ut
970 1916 1213 1955 Triballorum
1240 1919 1412 1968 planities
1436 1917 1565 1954 Slavo-

899 1972 983 2010 niae
1011 1979 1123 2024 atque
1142 1975 1356 2024 Hungariae
1382 1974 1563 2012 inferioris

900 2041 1049 2079 campos
1081 2031 1234 2081 planOS‚
1265 2045 1358 2081 quos
1380 2030 1563 2069 Herodoti

901 2090 1022 2124 aetate
1042 2087 1193 2124 Triballi
1222 2093 1436 2135 tenuerunt,
1475 2091 1565 2136 post

900 2141 989 2179 alias
1030 2144 1067 2180 in
1103 2149 1220 2180 terras
1265 2146 1396 2182 cedere
1434 2143 1561 2190 coacti,

901 2200 1232 2249 comprehenderit.
1252 2201 1334 2238 Vid.
1346 2201 1443 2238 Hist.
1454 2201 1561 2238 Rom.

900 2255 933 2292 ll
952 2269 989 2306 p.
1013 2257 1096 2297 578
1116 2269 1192 2306 seq.
1216 2258 1272 2294 ed.
1299 2271 1371 2296 sce.

959 2311 1000 2350 ἐκ
1019 2310 1062 2351 δὲ
1083 2315 1156 2364 τῆς
1173 2309 1402 2364 κατύπερθε
1432 2309 1563 2365 χώρης

900 2363 1141 2419 Ὀμβρίκων]
1181 2371 1294 2408 Haud
1317 2371 1407 2408 alios
1430 2371 1488 2408 hic
1507 2371 1562 2406 in-

902 2425 1015 2475 telligi
1050 2425 1196 2463 Umbros
1235 2431 1347 2477 atque
1390 2440 1499 2478 supra
1532 2427 1563 2473 Ι,

902 2482 977 2529 94,
1008 2490 1234 2534 compertum
1254 2484 1393 2531 habeo,
1412 2488 1561 2534 gentem

901 2538 977 2579 scil.
1002 2541 1158 2578 maxime
1188 2542 1380 2580 florentem
1410 2546 1448 2579 et
1476 2544 1562 2578 ante

898 2595 1134 2634 Etruscorum
1156 2597 1347 2648 imperium
1374 2597 1480 2635 valde
1497 2609 1560 2634 ex-

900 2658 1055 2690 tensam.
1083 2653 1218 2703 Neque
1238 2653 1344 2692 aliam
1364 2655 1457 2691 ultra
1469 2653 1562 2691 Um·

901 2710 986 2747 bros
1007 2710 1135 2748 Italiae
1155 2715 1303 2761 gentem
1326 2711 1465 2748 Noster
1493 2722 1560 2746 no-

899 2768 994 2805 visse
1014 2767 1178 2814 videtur,
1217 2780 1308 2816 quos
1328 2768 1428 2818 ipsos
1453 2766 1561 2804 forsi-

899 2829 965 2862 tan
985 2824 1102 2873 magis
1124 2824 1409 2873 septentrionem
1435 2834 1559 2860 versus

900 2881 1106 2918 habitantes
1134 2880 1202 2918 sibi
1231 2881 1351 2918 animo
1373 2880 1559 2929 cogitave-
