1904 3304
234 916 251 932 o
275 915 327 933 cau
333 907 352 933 1
357 908 409 934 lus

155 913 254 966 albu

168 972 218 999 iun
202 981 267 1001 u.co

241 948 267 966 ‘31
294 942 375 968 neh'jS

457 239 541 277 616

850 235 1316 274 11ERODOT1

457 345 538 402 τήν
583 344 746 398 ἐσθῆτα
791 343 1047 395 θυσανωτὰς
1094 345 1141 387 αἱ
1177 345 1414 401 Λίβυσσαι,
1464 346 1714 402 κεχριμένας

457 412 731 471 ἐρευθεδάνῳ
745 430 753 440 ·

434 485 664 541 4”Ἐλληνες
699 484 1021 541 μετωνόμασαν.

812 414 860 457 ἐκ
889 414 935 458 δὲ
963 419 1051 458 τῶν
1081 415 1236 470 αἰγέων
1264 415 1454 459 τουτέων
1479 419 1645 472 αἰγίδας
1674 418 1723 460 οἱ·

1089 487 1243 529 Δοκὲει
1284 484 1329 529 δ’
1365 487 1459 542 ἐμοί
1496 504 1543 543 γε
1579 488 1650 531 καὶ
1688 484 1774 542 ἡ7ο

466 554 652 611 ὀλολυγή
683 555 730 599 ἐν
759 558 893 611 ἱροῖσι
923 556 1115 600 ἐνθαῦτα
1134 560 1308 611 πρῶτον
1327 556 1552 613 γενέσθαι·
1582 557 1719 611 κάρτα

464 625 548 682 γάρ
589 625 723 683 ταύτῃ
769 625 977 682 χρέωνται
1028 629 1074 670 αἱ
1110 629 1350 683 Λίβυσσαι,
1404 629 1478 672 καὶ
1512 627 1721 683 χρέωνται

463 701 616 749 καλῶς.

410 1099 586 1140 θέδανον
603 1101 727 1138 dicunt
744 1113 824 1138 esse
841 1102 978 1138 rubiam
996 1104 1066 1137 tin-

412 1159 579 1203 ctorium,
628 1170 656 1194 s.
704 1159 841 1193 rubiam
879 1159 1067 1194 tinctorum

410 1213 533 1260 Linn„
564 1214 610 1249 de
628 1225 700 1262 qua
712 1213 876 1249 Dioscor.
894 1213 958 1261 ΙΙΙ,
974 1216 1065 1254 160

410 1269 492 1308 Nos
527 1271 654 1317 vulgo:
702 1268 946 1306 Rirberriitlee.
1013 1269 1069 1306 Ac

413 1338 501 1362 sane
541 1324 700 1362 affirmat
739 1325 847 1362 Pach.
887 1325 1070 1376 (Voyage

417 1386 485 1419 etc.
512 1393 597 1431 pag.
627 1380 679 1421 59
708 1381 805 1428 seq.)
835 1382 974 1418 rubiam
998 1383 1072 1419 fre-

415 1441 589 1486 quentem
613 1437 651 1473 in
674 1437 729 1474 his
750 1437 988 1476 Marmaricae
1007 1451 1071 1476 ve·-

415 1494 504 1530 teris
529 1494 636 1530 terris
663 1494 834 1543 reperiri,
873 1495 968 1532 bene
995 1508 1073 1532 me-

414 1562 495 1587 mor
531 1549 737 1587 Herodotei
774 1549 854 1587 loci.
925 1550 1074 1598 Colligit

414 1619 500 1643 vero
521 1619 564 1642 ex
586 1606 655 1642 hoc
673 1606 854 1642 Herodoti
874 1606 954 1643 loco
972 1607 1073 1644 Ren-

413 1661 475 1699 nel
495 1675 530 1712 p.
551 1663 633 1702 683
655 1674 731 1710 seq.
753 1667 867 1698 artem
895 1662 1073 1700 tractandi

415 1719 512 1754 coria
540 1718 714 1754 maturius
748 1718 785 1754 in
808 1716 931 1755 Africa
961 1719 1074 1755 exsti-

415 1773 506 1810 tisse
545 1773 731 1824 pellesque
778 1773 885 1810 affert
920 1774 1073 1811 arietum

417 1829 624 1866 rubefactas
643 1829 883 1866 Israelitarum
899 1830 936 1866 in
952 1831 1076 1868 taber-

419 1885 551 1921 naculo
581 1897 641 1935 ap.
661 1884 781 1922 Exod.
803 1886 926 1930 XXV,
953 1886 1000 1934 5,
1031 1897 1075 1923 ex

418 1939 594 1990 Aegypto
622 1941 855 1990 probabiliter
883 1943 1075 1987 adductas,

416 1998 453 2034 in
482 2010 592 2045 quam
624 2002 746 2033 tamen
775 1998 891 2047 ipsam
917 2011 937 2035 e
959 1998 1076 2046 Libya

417 2052 546 2091 allatas
569 2054 696 2089 statuit
712 2053 889 2101 RenncL,
928 2055 987 2091 ubi
1009 2055 1076 2091 ho-

419 2110 552 2157 dieque
581 2108 642 2145 illa
673 2121 731 2145 ars
766 2111 944 2147 tractandi
979 2110 1077 2147 coria

418 2166 571 2202 maxime
599 2165 729 2201 dicitur
754 2167 886 2204 florere
920 2167 1074 2203 testibus

419 2222 632 2258 recentioris
663 2222 793 2258 aetatis
826 2224 1075 2271 peregrinato-

419 2278 529 2314 ribus.
575 2278 703 2325 Itaque
730 2277 767 2314 in
790 2278 981 2316 Graeciam
1002 2292 1075 2315 non

419 2334 529 2370 aliter
557 2336 669 2381 atque
694 2334 731 2369 in
751 2332 960 2384 Αεςῃήιιιιι
989 2335 1076 2371 talia

421 2389 556 2426 adferri
575 2394 770 2438 potuerunt
791 2404 810 2427 e
830 2391 948 2440 Lib5a
969 2397 1005 2428 et
1029 2391 1077 2427 ad

421 2443 558 2483 cultum
604 2446 753 2481 deorum
795 2447 959 2484 adhiberi
997 2452 1078 2483 tan-

421 2513 530 2552 quam
551 2506 773 2538 ornamenta.

478 2578 619 2618 Δοκέει
641 2575 673 2618 δ’
694 2578 781 2629 ἐμοί
800 2594 842 2631 γε
860 2580 926 2619 καὶ
945 2580 972 2631 ἦ
991 2577 1078 2621 ὀλο-

422 2632 522 2686 λυγή
558 2660 607 2665 -
639 2635 852 2687 γενέσθαι]
923 2637 995 2674 Pro
1037 2637 1081 2676 ἐν

425 2691 546 2742 ἱροῖσι
586 2693 659 2728 duo
704 2692 785 2729 libri
833 2692 898 2731 ἐπὶ
949 2693 1080 2742 ἱροῖσι,

422 2747 594 2784 Eustath.
617 2749 665 2785 ad
688 2748 726 2785 ll.
743 2761 828 2798 pag.
850 2748 944 2796 643,
974 2751 1026 2790 36
1052 2763 1079 2787 S·

425 2803 506 2843 503
547 2802 612 2842 ἐπὶ
651 2806 730 2842 τῶν
768 2804 898 2855 ἱερῶν.
964 2807 1081 2842 voces

424 2855 638 2912 ὀλολυγὴν,
685 2857 898 2913 ὀλολυγμὸν
933 2866 968 2898 ct
1000 2855 1081 2901 ἑλο-

683 697 770 739 Καὶ
817 697 1019 753 τέσσερας
1066 700 1226 750 ἵππους
1270 698 1554 755 συζευγνύναι
1599 698 1718 752 παρά

306 775 405 820 190
462 769 642 824 Λιβύων
673 770 716 811 οἱ
732 768 934 824 “Ελληνες
963 769 1248 826 μεμαθήκασι.
1288 770 1512 814 Θάπτουσι
1541 770 1586 812 δε
1617 770 1773 821 τούς75

135 839 374 910 Ρᾞξξί
340 848 367 874 ‘¹¹
371 848 407 867 ’Ἰ
461 838 826 896 ἀποθνήσκοντας
874 841 917 883 οἱ
962 840 1149 895 νομάδες
1192 857 1382 896 καταπερ
1428 842 1472 884 οἱ
1501 839 1718 896 Έλληνες,

464 909 579 966 πλὴν
607 909 910 967 Νασαμώνων.
961 906 1084 955 οὗτοι
1114 913 1158 956 δὲ
1187 912 1454 969 κατημένους
1482 911 1720 956 θάπτουσι·

1125 1099 1256 1149 λύζειν
1275 1103 1423 1153 proprie
1442 1101 1667 1139 iubilanlium
1686 1102 1779 1140 etin

1125 1160 1233 1195 rebus
1255 1158 1358 1195 laetis
1379 1159 1653 1208 tripudiantium
1672 1158 1778 1195 femi-

1126 1227 1251 1252 narum
1273 1227 1353 1251 esse
1371 1215 1537 1251 observat
1557 1213 1605 1250 u
1609 1213 1778 1261 esseling.

1127 1271 1174 1307 ad
1202 1270 1355 1307 Diodor.
1385 1269 1493 1317 XVI,
1521 1272 1590 1315 11,
1625 1270 1686 1306 ubi
1709 1269 1779 1306 vid.

1125 1327 1241 1377 plura.
1293 1325 1387 1362 Add.
1418 1325 1621 1363 Blomfield.
1653 1325 1780 1362 Gloss.

1127 1383 1177 1419 ad
1213 1381 1378 1430 Aeschyl.
1419 1382 1458 1418 S.
1496 1395 1525 1418 c.
1569 1381 1642 1418 Th.
1687 1378 1780 1421 254.

1128 1438 1292 1476 Nitzsch.
1325 1439 1373 1475 ad
1392 1439 1527 1486 Odyss.
1557 1437 1622 1484 Ill,
1642 1436 1724 1478 450
1742 1450 1781 1487 p.

1129 1498 1225 1536 222.
1272 1494 1325 1531 Ae
1347 1495 1430 1531 dein
1452 1494 1572 1530 latiori
1591 1506 1699 1531 sensu
1714 1493 1783 1530 hae

1129 1564 1236 1588 voces
1258 1551 1304 1587 de
1326 1551 1422 1588 omni
1451 1550 1511 1586 illo
1536 1550 1691 1587 clamore
1717 1549 1785 1586 ad-

1129 1607 1299 1645 hibentur
1331 1607 1545 1644 inconcinno
1575 1619 1604 1643 s.
1631 1605 1784 1650 ululatu,

1129 1664 1191 1712 qui
1233 1662 1316 1699 sesti
1356 1662 1563 1700 celebrandi
1603 1674 1711 1699 causa
1746 1662 1784 1698 in

1128 1718 1273 1770 templis
1297 1719 1356 1756 edi
1377 1718 1490 1755 soleat
1507 1718 1583 1755 sive
1602 1718 1716 1755 laetas
1737 1717 1784 1754 ob

1129 1788 1187 1812 res
1226 1775 1302 1812 sive
1340 1776 1476 1811 tristes.
1535 1774 1631 1811 Hinc
1657 1773 1787 1822 virgil.

1130 1831 1222 1869 Aen.
1248 1830 1324 1878 IV,
1361 1832 1440 1872 168
1467 1830 1618 1868 ululare.
1675 1829 1788 1867 Plura

1131 1887 1309 1936 Bottiger.
1328 1887 1653 1936 Kunstmytholog.
1669 1899 1704 1936 p.
1716 1884 1786 1926 49.

1133 1945 1304 1980 Creuzer.
1323 1943 1485 1992 Symbol.
1516 1943 1547 1979 ll
1577 1955 1663 1993 pag.
1691 1943 1787 1982 263.

1132 1998 1185 2035 Ac
1216 2000 1360 2036 videtur
1381 1999 1573 2037 Herodoto
1596 1999 1643 2035 ob
1664 1997 1788 2035 oculos

1132 2056 1245 2092 fuisse
1261 2055 1412 2092 Homeri
1434 2055 1536 2092 illud:
1568 2071 1610 2093 αι
1635 2049 1675 2093 δ’
1700 2049 1788 2094 ὅλο-

1132 2113 1234 2164 λυγῆ
1279 2114 1404 2149 πᾶσαι
1447 2106 1601 2164 Ἀθηνῃ
1657 2113 1789 2162 χεῖρας

1133 2163 1300 2217 οἷνέσχον
1332 2168 1374 2205 11.
1403 2167 1475 2215 V,I
1505 2171 1607 2213 3023
1644 2167 1691 2205 de
1715 2179 1788 2216 quo

1131 2225 1176 2262 cf.
1191 2224 1359 2262 Creuzer.
1378 2223 1400 2260 l.
1418 2223 1441 2261 l.
1462 2238 1498 2275 p.
1512 2224 1587 2265 641
1603 2227 1681 2262 not.
1693 2224 1785 2264 313.

1188 2300 1255 2341 καὶ
1275 2300 1458 2354 τέσσερας
1475 2302 1624 2348 ἵππους
1646 2303 1787 2347 συζευ-

1135 2355 1280 2411 γνύναι
1297 2374 1331 2396 κ.
1351 2374 1382 2396 τ.
1402 2357 1450 2408 λ.]
1491 2359 1596 2396 Conf.
1618 2356 1787 2394 Eustath.

1134 2416 1182 2452 ad
1208 2416 1360 2464 Dionys.
1390 2415 1530 2463 Perieg.
1559 2413 1638 2454 175
1670 2413 1718 2450 ad
1748 2412 1787 2450 ll.

1135 2485 1172 2522 p-
1193 2474 1288 2519 707,
1314 2475 1340 2512 2
1358 2484 1386 2507 s-
1409 2473 1502 2515 591,
1523 2471 1548 2509 3
1571 2474 1608 2506 et
1627 2481 1720 2517 quae
1739 2469 1791 2506 ad

1135 2528 1275 2564 Herod.
1297 2527 1360 2572 IV,
1384 2529 1460 2567 183
1484 2525 1680 2562 attulimus.
1704 2524 1791 2561 val-

1136 2584 1241 2620 ckeu.
1289 2583 1421 2619 excitat
1453 2581 1621 2631 Sophocl.
1655 2580 1788 2619 Eleetr.

1138 2639 1234 2679 704.
1273 2638 1402 2688 Steph.
1431 2637 1521 2685 B>z.
1550 2651 1578 2675 s.
1597 2650 1631 2674 v·
1652 2632 1790 2687 Βάρκη

1137 2708 1174 2745 p.
1195 2697 1296 2740 212,
1321 2694 1411 2739 alia3
1441 2695 1572 2742 quibus
1594 2693 1679 2730 add.
1704 2693 1792 2729 vol-

1138 2750 1234 2787 cker.
1254 2750 1368 2799 lapet.
1387 2764 1422 2799 p.
1445 2753 1537 2791 220.
1569 2749 1635 2786 Cr.
1654 2749 1793 2786 confert

1138 2806 1312 2843 Matthiae
1329 2806 1554 2843 Animadvss.
1586 2806 1634 2844 ad
1654 2805 1789 2854 Hymn.

1139 2862 1287 2900 Homer.
1304 2875 1339 2913 p.
1364 2865 1455 2903 157.
