1904 3304
619 178 964 219 THALIA.

1026 179 1054 216 Il
1063 179 1088 217 l.
1408 182 1492 221 199

223 290 249 347 ἡ
278 291 488 345 προνοίη,
519 288 662 343 ὥσπερ
693 289 767 332 καὶ
792 290 931 340 οἰκὸς,
965 289 1054 332 ἔστι
1084 288 1219 331 ἐοῦσα
1249 287 1377 344 σοφή.
1409 288 1493 332 ὅσα

221 361 299 418 μὲν
357 360 503 415 ’ψυχήν
551 376 594 403 τε
654 361 772 404 δειλὰ
830 361 903 403 καὶ
949 359 1164 415 ἐδώδιμα,
1219 362 1357 402 ταῦτα
1413 360 1493 416 μὲν

219 431 360 476 πάντα
400 430 626 485 πολύγονα
663 434 918 487 πεποίηκεν,
961 432 1034 473 ἴνα
1065 431 1122 486 μή
1164 430 1337 486 ἐπιλίπῃ
1378 439 1553 475 κατε-6)

221 501 454 557 σθιόμενα·
506 501 589 545 ὅσα
629 503 673 545 δὲ
713 503 881 558 σχέτλια
917 502 989 545 καὶ
1020 500 1202 558 ἀνιηρά,
1242 499 1490 557 ὀλιγόγονα.

189 577 352 617 3τοῦτο
385 573 485 627 μὲν,
528 572 595 616 ὅτι
626 573 648 616 ὁ
678 575 810 630 λαγὸς
840 572 928 617 ὑπὸ
959 571 1123 622 παντὸς
1152 572 1384 627 θηρεύεται
1414 577 1490 628 θη-

217 646 317 699 ρίου
346 644 416 687 καὶ
449 643 632 698 ὄρνιθος
661 645 733 687 καὶ
764 643 1026 699 ἀνθρώπου,
1060 643 1176 686 οὕτω
1208 641 1260 698 δή
1290 660 1330 686 τι
1358 641 1490 685 πολύ-

216 714 354 771 γονόν
392 715 504 767 ἐστι,
549 715 840 759 ἐπικυΐσκεται
878 719 1045 772 μοῦνον
1082 714 1261 758 πάντων
1301 716 1489 770 θηρίων·

160 913 200 937 se
221 899 425 937 censendus
445 901 500 934 est
518 910 586 947 pro
606 909 664 945 eo,
693 898 756 946 qui
788 896 824 933 in

161 957 241 1006 ipso
263 957 391 1002 inerat,
405 966 489 992 vero
509 953 693 1002 religionis
715 966 825 991 sensu

161 1018 199 1049 et
220 1012 367 1060 ingenio
383 1022 491 1060 supra
512 1010 640 1058 vulgus
660 1015 695 1047 et
708 1011 827 1047 omni—

161 1081 208 1104 no
240 1080 351 1118 supra
388 1079 488 1104 suam
517 1067 630 1116 ipsius
664 1072 824 1104 aetatem

161 1125 344 1162 eminenti.
374 1123 479 1161 Facit
498 1122 578 1169 huc,
600 1123 700 1172 quod
712 1122 826 1160 Athe-

161 1182 217 1217 nis
244 1180 375 1217 cultam
399 1181 509 1216 fuisse
530 1180 733 1229 accepimus
754 1179 826 1216 Mi-

162 1250 308 1274 nervam
334 1233 554 1286 Πρόνοιαν,
580 1236 626 1272 de
648 1248 720 1284 qua
742 1241 826 1286 post

163 1293 331 1342 Lennep.
354 1292 375 1328 l.
399 1292 420 1329 l.
450 1291 563 1328 multa
589 1292 763 1328 Creuzer.
787 1293 824 1328 in

162 1348 324 1398 Symbol.
346 1348 378 1384 Il
401 1360 486 1398 pag.
509 1349 589 1388 713
608 1361 711 1397 seqq.
740 1350 823 1389 790

162 1418 265 1453 seqq.
337 1404 386 1441 Et
416 1404 508 1440 cons.
542 1405 699 1454 denique
730 1409 821 1441 nott.

160 1461 210 1498 ad
232 1461 372 1498 Herod.
392 1461 422 1507 I,
442 1462 509 1500 92.

218 1515 320 1555 ἔστι
340 1515 458 1555 ἐοῦσ
471 1531 494 1553 α
515 1512 639 1566 σοφή]
669 1516 725 1552 Ita
740 1530 821 1554 cum

159 1572 361 1621 Schweigh.
383 1577 418 1610 et
433 1572 550 1609 Gaisf.
573 1573 733 1609 distinxi.
763 1574 821 1610 Tu

160 1630 254 1666 conf.
275 1630 337 1675 ΙΙΙ,
357 1629 424 1675 49,
445 1633 481 1665 et
500 1642 595 1678 quae
615 1629 745 1666 similia
766 1634 822 1666 at-

159 1686 240 1723 tulit
267 1686 496 1723 Boissonade
534 1686 583 1721 ad
613 1685 820 1723 l'hilostrat.

160 1743 325 1779 Heroicc.
348 1755 434 1792 pag.
455 1742 548 1782 522.
571 1743 652 1782 660
671 1755 749 1791 seq.
764 1764 821 1771 —-

159 1799 328 1836 Voculam
351 1795 424 1850 γὰρ
450 1803 534 1848 post
559 1794 634 1838 ὅσα
662 1796 733 1849 μὲν
764 1801 819 1836 in-

158 1861 299 1893 vectam
323 1861 473 1892 recentt.
494 1855 551 1892 ed.
572 1856 649 1893 iure
675 1855 821 1893 deleve—

158 1916 251 1948 runt.
290 1913 346 1949 Cf.
371 1911 473 1948 Reiz.
509 1911 627 1948 Praef.
660 1926 697 1962 p.
719 1913 819 1949 XIX.

160 1968 248 2004 Mox
262 1981 340 2005 cum
362 1968 492 2004 iisdem
516 1968 683 2005 dedimus
701 1967 822 2007 ἐπιλί·

158 2039 212 2078 πῃ
241 2038 305 2074 pro
332 2024 428 2073 vulg.
451 2023 689 2074 ἐπιλίπηται,
720 2027 821 2074 quod

158 2082 307 2118 retinuit
326 2080 458 2117 Matth.
491 2081 573 2117 vid.
595 2082 753 2118 lVerl'er.
781 2083 819 2119 in

157 2138 252 2174 Actt.
279 2138 377 2188 phill.
404 2137 571 2174 Monacc.
596 2138 623 2185 Ι,
647 2142 665 2178 1
695 2152 730 2188 p.
752 2140 817 2180 86.

212 2192 278 2232 καὶ
298 2189 460 2243 οἷνιηρεὶ]
482 2194 506 2233 i.
527 2207 558 2230 e.
581 2195 737 2241 molesta,
756 2209 818 2231 ηο-

158 2252 257 2296 cina,
287 2250 440 2301 infensa.
519 2251 630 2294 Quod
671 2265 750 2288 eum
779 2252 817 2288 in

157 2307 315 2354 leaenas,
344 2308 499 2357 viperas,
519 2308 565 2344 de
583 2309 715 2357 quibus
733 2321 818 2345 mox

157 2362 295 2401 Noster
313 2365 401 2412 agit,
417 2365 535 2400 minus
554 2365 675 2411 cadat,
690 2365 816 2401 Valck.

159 2418 230 2467 legi
264 2420 399 2457 mavult
429 2417 590 2470 ἄμικτα,
622 2434 696 2470 qua
726 2435 818 2459 voce

160 2487 232 2511 non
269 2477 367 2513 serae
405 2481 546 2513 tantum
585 2479 651 2515 sed
691 2478 816 2515 ferinis

161 2531 268 2567 etiam
291 2533 449 2569 moribus
471 2534 596 2583 populi
616 2535 715 2571 haud
734 2547 816 2571 raro

161 2586 414 2635 designentur,
441 2596 480 2626 ut
501 2604 560 2640 ap.
578 2590 814 2628 Demosthen.

160 2654 246 2691 pag.
271 2642 373 2689 489,
392 2647 457 2685 74.
487 2646 658 2696 Sophoel.
680 2646 816 2684 Trach.

163 2700 282 2738 1111.
339 2699 439 2737 Libri
470 2703 593 2752 scripti
618 2704 699 2740 huic
727 2716 815 2741 con-

160 2755 317 2792 iecturae
337 2768 410 2793 non
428 2757 561 2803 favent,
592 2773 700 2808 quam
719 2760 817 2796 haud

160 2812 400 2850 necessariam
467 2815 636 2863 equidem
697 2817 816 2862 duco,

882 909 1103 946 quamquam
1155 897 1192 932 in
1234 899 1370 933 textum
1408 894 1546 944 recepit

881 954 987 991 Reiz.
1017 954 1056 990 ln
1075 966 1180 1002 seqq.
1199 953 1317 990 verbis
1336 953 1452 990 τοῦτο
1473 948 1545 1002 μὲν

881 1011 1109 1060 respondent
1134 1011 1266 1047 verba:
1297 1007 1325 1060 ἦ
1346 1006 1387 1048 δὲ
1412 1004 1462 1059 δή
1482 1007 1544 1047 λε’-

883 1082 976 1106 αινα
999 1082 1035 1105 κ.
1056 1082 1085 1104 τ.
1104 1068 1137 1104 λ.

941 1119 1002 1162 ὅτι
1021 1121 1041 1162 ὅ
1063 1119 1198 1175 λαγός]
1229 1122 1350 1170 Vulgo
1376 1116 1546 1172 λαγωός,

883 1180 943 1216 alii
966 1176 1109 1230 λαγώς,
1139 1181 1255 1216 minus
1276 1179 1446 1215 lonicum.
1485 1177 1546 1214 Tu

882 1236 954 1272 vid.
977 1236 1172 1285 l'hrynich.
1196 1249 1281 1286 pag.
1311 1237 1390 1277 186
1422 1235 1546 1284 ibique
1609 1231 1617 1242 ’

882 1291 1046 1330 Lobeck.
1104 1291 1160 1328 Ad
1184 1305 1289 1341 seqq.
1311 1289 1415 1330 οὕτω
1435 1287 1485 1342 δή
1508 1305 1546 1329 τι

880 1349 976 1386 conf.
997 1352 1089 1385 nott.
1109 1349 1157 1385 ad
1178 1349 1241 1396 Ill,
1262 1351 1323 1388 12.

937 1404 1206 1444 ἐπικυΐσκεται
1246 1406 1400 1454 μοῦνον
1440 1398 1546 1442 πάν·

879 1476 957 1499 των
981 1460 1157 1511 θηρίων]
1191 1461 1249 1498 Ad
1279 1474 1355 1499 rem
1383 1460 1443 1498 Tu
1471 1460 1544 1496 vid.

877 1523 1024 1567 praeter
1052 1517 1188 1554 Polluc.
1219 1519 1276 1563 V,
1306 1519 1380 1564 73,
1409 1516 1543 1553 Athen.

876 1574 929 1610 lx
947 1588 1031 1624 P‘dg·
1052 1576 1136 1614 400
1157 1579 1193 1611 et
1213 1574 1376 1610 Eustath.
1396 1573 1443 1609 ad
1463 1572 1543 1608 Ho-

877 1644 966 1668 mer.
988 1631 1029 1667 ll.
1050 1631 1119 1667 Xll
1138 1644 1225 1681 pag.
1237 1632 1333 1677 908,
1354 1633 1380 1671 2
1400 1642 1428 1665 S.
1446 1630 1542 1675 869,

881 1690 943 1727 17.
1005 1687 1078 1730 Qui
1105 1693 1257 1736 uterque
1281 1687 1427 1724 exhibet
1457 1685 1541 1724 ἐντι-

877 1744 1028 1782 aviana
1052 1758 1105 1781 τε.
1164 1744 1241 1781 Sed
1264 1743 1412 1792 vulgata
1431 1755 1539 1792 prae-

877 1805 951 1837 stat
969 1801 1039 1836 hoe
1059 1801 1135 1837 sere
1163 1813 1293 1837 sensu:
1324 1798 1542 1849 superfoeta—

876 1860 950 1903 tur,
974 1869 1078 1906 super
1092 1859 1226 1906 priores
1238 1855 1357 1906 foetus
1377 1856 1449 1892 alio
1462 1855 1542 1905 foe—

876 1917 916 1949 ΐιι
945 1913 1103 1962 gravida
1124 1915 1174 1963 fit
1209 1915 1339 1959 bestia,
1372 1926 1400 1949 s.
1430 1913 1543 1949 denuo

877 1972 1038 2019 concipit.
1097 1969 1246 2006 Laudat
1263 1970 1437 2007 Valcken.
1461 1968 1544 2007 He-

876 2028 954 2063 rod.
983 2027 1037 2073 ll,
1064 2028 1130 2067 93.
1169 2026 1244 2072 lv,
1276 2029 1349 2073 30,
1380 2026 1461 2073 (ubi
1491 2026 1542 2062 sic

876 2083 1133 2129 κυΐσκεσθαι)
1167 2088 1205 2118 et
1235 2082 1418 2120 Clement.
1453 2081 1540 2119 Ale-

874 2140 1000 2176 xandr.
1030 2139 1192 2187 Paedag.
1218 2138 1249 2175 ll
1277 2152 1312 2188 p.
1337 2139 1418 2179 223
1450 2138 1498 2174 T.
1523 2138 1537 2174 Ι

875 2196 972 2232 Pott.
995 2197 1041 2232 de
1057 2194 1188 2245 leporis
1206 2195 1392 2232 salacitate
1407 2194 1539 2232 eodem

873 2252 986 2289 verbo
1021 2251 1326 2290 ἐπικυΐσκεσθαι
1362 2255 1538 2288 utentem.

874 2309 929 2356 („
942 2309 1048 2346 Adde
1085 2308 1227 2357 Georg.
1278 2308 1329 2346 Io.
1375 2307 1540 2344 Bekkeri

876 2366 1072 2415 Specimen
1109 2365 1220 2402 Obss.
1257 2365 1295 2402 in
1330 2364 1540 2402 Philostrati

875 2422 948 2458 vit.
968 2420 1138 2472 Apollon.
1165 2421 1225 2458 lib.
1249 2422 1265 2457 Ι
1288 2433 1373 2472 pag.
1395 2424 1446 2462 21
1470 2433 1540 2469 sq.‚

875 2478 937 2527 qui
976 2478 1185 2515 Herodotei
1223 2477 1327 2514 huius
1363 2477 1430 2514 loci
1463 2489 1538 2513 non

874 2536 1062 2571 immemor
1096 2535 1176 2571 fuit.
1211 2533 1300 2584 Cr.]
1360 2532 1441 2571 Nec
1463 2534 1540 2570 dis-

874 2590 1002 2627 similia
1025 2591 1118 2628 tradi
1140 2590 1242 2627 Idem
1262 2594 1366 2627 notat
1388 2590 1433 2626 ab
1454 2589 1537 2626 Ari-

874 2647 996 2684 stotel.
1017 2648 1063 2684 de
1084 2660 1168 2696 gen.
1190 2648 1260 2683 An.
1275 2645 1536 2692 1V‚5.Aelian.

873 2702 921 2741 N.
944 2702 988 2740 A.
1007 2703 1055 2749 ΙΙ,
1079 2706 1153 2749 123
1182 2704 1314 2752 quibus
1333 2701 1536 2739 Larcherus

874 2760 978 2796 addit
1006 2759 1188 2796 Aristotel.
1218 2759 1267 2796 N.
1300 2758 1344 2795 A.
1372 2758 1437 2804 Vl,
1469 2759 1536 2798 33.

874 2816 1017 2864 Causa,
1047 2821 1087 2853 ut
1108 2829 1166 2853 me
1186 2815 1376 2853 admonuit
1399 2814 1538 2851 doctis-
