1904 3304
401 209 486 249 2⁰6

802 208 1269 248 HERODOTI

70 330 343 370 ⁰¹¹0,[:‹3nera¹0··-
401 316 500 373 πέρι
538 318 748 374 εἰρήσθω·
802 316 950 371 ἀπόζει
990 317 1036 361 δὲ
1075 321 1150 373 τῆς
1185 319 1327 376 χώρης
1369 324 1444 376 τῆς
1471 319 1673 377 Ἀραβίης

69 365 200 399 gissums
229 363 344 390 caudis.

402 391 636 433 θεσπέσιον
678 387 734 439 ὡς
771 388 869 445 ἡδύ.

935 388 1033 431 Δύο
1074 389 1119 432 δὲ
1159 390 1284 444 γένεα
1323 389 1429 434 ὀΐων
1469 394 1549 448 σφί
1583 393 1673 436 ἐστι

374 458 643 515 Ξθωύματος
673 459 793 512 ἄξια,
824 459 877 503 τὰ
905 458 1130 514 οὐδαμόθι
1160 460 1339 514 ἑτέρωθί
1367 461 1467 505 ἐστι.
1523 463 1571 507 τό
1593 465 1673 519 μὲν

406 529 572 575 αὐτέων
592 531 740 585 ἕτερον
770 532 851 587 ἔχει
877 530 954 583 τοὶς
971 530 1110 586 οὐρὰς
1126 530 1317 586 μακρὰς,
1347 537 1482 586 τριῶν
1503 534 1674 590 πηχέων

405 600 488 645 οὐκ
508 601 759 653 ἐλάσσονας·
792 602 868 653 τὰς
898 604 939 646 εἴ
963 620 1027 654 τις
1053 603 1171 658 ἐπείη
1202 615 1282 658 σφι
1312 602 1522 655 ἐπέλκειν,
1552 605 1675 649 ἕλκεα

403 673 461 716 ἂν
491 674 650 729 ἔχοιεν,
682 672 1063 730 ἀνατριβομενέων
1091 673 1201 729 πρὸς
1230 677 1283 729 τῇ
1303 678 1360 730 γῇ
1377 678 1464 718 τῶν
1493 675 1672 730 οὐρέων.

377 749 494 787 Βνῦν
525 744 567 788 δ’
600 745 711 797 ἅπας
747 763 810 797 τις
849 750 938 789 τῶν
977 746 1197 801 ποιμένων
1239 747 1461 790 ἐπίσταται
1502 749 1731 803 ξυλουρ-ΒΙ

403 815 518 870 γέειν
557 816 601 868 ἐς
638 822 846 861 τοσοῦτο·

909 817 1122 873 ἁμαξίδας
1159 816 1242 872 γὰρ
1283 821 1528 869 ποιεῦντες,
1567 817 1678 862 ὑπο·

407 885 555 930 δέουσι
597 887 729 940 αὐτὰς
766 892 864 946 τῇσι
903 887 1088 946 οὐρῇσι,
1134 888 1233 940 ἑνός
1273 889 1459 933 ἑκάστου
1500 889 1679 947 κτήνεος

544 1040 576 1077 C
587 1053 656 1091 ap.
688 1039 817 1076 CXIII.

407 1092 542 1142 ἀπόζει
567 1095 608 1135 δὲ
628 1098 699 1145 τῆς
717 1092 849 1146 χώρης
867 1117 924 1123 —
951 1093 983 1135 ω’
997 1111 1015 1142 ς

350 1151 458 1203 ἡδύ]
490 1153 548 1191 De
580 1154 743 1202 genitivo
779 1155 850 1202 τῆς
885 1150 1015 1203 χώρης

350 1210 423 1246 vid.
444 1209 574 1246 Matth.
596 1210 662 1246 Gr.
685 1210 749 1246 Gr.
776 1207 811 1259 ἓ.
834 1211 936 1254 3763
968 1210 1015 1246 de

350 1266 526 1317 particula
560 1264 613 1312 ὥς
646 1266 733 1302 ibid.
774 1279 860 1315 pag.
894 1268 1014 1306 1283.

349 1323 408 1360 Ad
444 1335 520 1359 rem
552 1323 647 1360 conf.
678 1321 831 1359 Lucian.
864 1323 910 1359 de
945 1323 1016 1360 dea

351 1380 432 1428 Syr.
452 1381 518 1419 30.
541 1379 623 1416 Ver.
645 1379 783 1415 Histor.
800 1378 846 1426 II,
867 1379 905 1420 5.
926 1379 1017 1416 Dio-

351 1436 430 1472 dor.
451 1435 559 1472 Sicul.
581 1436 645 1483 III,
664 1434 717 1475 46
739 1435 826 1485 ibiq.
856 1435 1013 1473 W'essel.

407 1486 495 1530 Δύο
517 1489 558 1530 δὲ
578 1490 692 1543 γένεα
721 1487 819 1530 ὀΐων
840 1493 913 1540 σφί
934 1491 1014 1530 ἐστι

351 1563 387 1587 κ.
405 1563 436 1586 τ.
454 1546 511 1598 λ.]
544 1549 652 1585 Conf.
672 1547 811 1585 Aelian.
834 1548 882 1586 N.
901 1547 943 1586 A.
965 1550 1014 1593 X,

353 1604 391 1645 4.
441 1605 621 1641 Herodoti
658 1604 756 1642 locus
799 1617 873 1642 non
918 1605 1014 1652 sugit

353 1661 514 1698 Heeren.
543 1662 652 1699 Idecn
681 1661 716 1707 I,
754 1663 780 1700 2
814 1674 899 1711 pag.
934 1662 1013 1702 123

353 1730 452 1766 seq,
482 1717 543 1754 ubi
571 1722 718 1767 praeter
741 1717 828 1754 alias
855 1717 1015 1755 Phoeni-

352 1786 433 1813 cum
452 1786 587 1811 merces
608 1773 727 1811 lanam
753 1787 898 1823 quoque
920 1774 1014 1810 indi-

351 1834 430 1876 cat,
462 1842 572 1878 quam
595 1843 638 1867 ex
668 1830 823 1877 Arabia,
854 1832 890 1867 in
915 1831 1014 1867 cuius

353 1887 505 1923 desertis
545 1886 683 1923 multae
725 1888 844 1924 ovium
883 1899 1013 1936 greges

353 1943 504 1980 eximiae
526 1942 630 1980 lanae
658 1943 841 1992 hodieque
862 1956 1017 1993 pascun-

352 2003 428 2046 tur,
459 1999 506 2035 illi
537 1999 764 2036 abstulerint.
824 2000 943 2043 Quam
964 1999 1017 2035 la-

352 2068 437 2092 nam
469 2056 628 2092 omnium
653 2056 825 2106 optimam
863 2070 904 2094 ac
931 2057 1017 2092 sub-

351 2112 553 2148 tilissimam
577 2125 658 2150 esse
677 2117 755 2149 tum
779 2113 825 2149 ob
844 2112 933 2149 coeli
952 2114 1013 2149 3ἰὶ-

352 2169 446 2205 risve
479 2169 693 2218 temperiem
727 2173 765 2206 et
792 2170 911 2206 otium
948 2169 1014 2206 sub

351 2225 414 2260 dio
433 2226 767 2273 commorationem,
783 2230 857 2262 tum
875 2226 920 2262 ob
940 2226 1015 2263 exi-

353 2281 485 2326 miam,
521 2293 629 2329 quam
669 2283 843 2320 nomades
872 2282 1014 2332 impen-

351 2337 441 2373 dant
463 2349 598 2383 curam,
621 2336 719 2374 Idem
736 2338 894 2376 Hem-en.
916 2351 1016 2374 com-

353 2397 554 2439 monstrat,
586 2393 652 2429 hac
673 2406 744 2430 una
773 2395 808 2431 in
832 2408 870 2431 re
891 2394 1013 2431 Hero-

354 2450 480 2486 dotum
505 2449 643 2497 lapsum
674 2463 753 2487 esse
782 2455 881 2487 ratus
909 2449 1013 2499 (nam

353 2505 491 2554 reliqua
510 2517 589 2542 cum
617 2507 855 2543 recentiorum
879 2506 1015 2543 descri-

351 2562 537 2613 ptionibus
567 2568 734 2599 accurate
767 2563 1014 2610 conveniunt),

355 2618 456 2667 quod
469 2617 624 2655 binaillc
644 2620 762 2656 ovium
784 2632 921 2667 genera
940 2619 1013 2655 dis-

355 2675 554 2723 tinguens,
609 2676 803 2713 varietates
840 2675 1013 2724 quasdam

355 2743 423 2780 pro
439 2731 526 2781 ipsis
539 2732 733 2779 generibus
753 2731 933 2769 sumserit.
960 2731 1016 2767 Ex

355 2787 412 2833 iis,
425 2799 520 2837 quae
540 2787 587 2823 ad
603 2786 637 2824 h.
657 2788 679 2825 l.
699 2787 819 2825 attulit
831 2787 1015 2833 Larcher.,

355 2847 535 2895 apparet,
575 2843 768 2883 etiamnum
798 2845 834 2881 in
862 2843 1013 2881 diversis

1070 1037 1215 1077 Africae
1263 1039 1474 1088 regionibus
1528 1039 1734 1076 istiusmodi

1072 1109 1158 1132 oves
1177 1097 1294 1145 longis
1315 1097 1517 1145 crassisque
1537 1097 1660 1132 caudis
1677 1097 1733 1132 in-

1507 1153 1565 1190 De
1600 1153 1732 1189 Indicis

1073 1210 1198 1245 ovibus
1220 1210 1360 1257 egimus
1382 1209 1428 1245 ad
1452 1209 1598 1246 Ctesiae
1618 1209 1733 1247 Indic.

1073 1263 1110 1316 ἓ.
1137 1267 1199 1306 13.
1260 1265 1388 1314 ltaque
1408 1265 1518 1302 verba
1542 1262 1589 1302 rc)
1615 1261 1734 1303 ου’δα-

1073 1316 1177 1371 μόθι
1216 1320 1385 1373 ἑτέρωθί
1426 1320 1506 1360 ἐστι
1546 1335 1621 1358 non
1657 1325 1734 1359 tam

1073 1157 1227 1189 structas
1265 1154 1427 1190 inveniri.

1073 1378 1199 1415 stricto
1234 1391 1342 1415 sensu
1378 1382 1485 1416 erunt
1513 1379 1736 1428 accipienda.

1072 1435 1189 1478 Quem
1213 1436 1383 1483 equidem
1405 1435 1451 1471 de
1471 1434 1539 1472 hac
1564 1437 1621 1472 ovi
1638 1436 1734 1472 Ara-

1072 1491 1150 1527 bica
1177 1490 1351 1538 consului,
1381 1490 1650 1538 Leuckartum,
1681 1492 1734 1527 vi-

1070 1560 1147 1583 rum
1179 1548 1425 1584 doctissimum
1452 1548 1613 1597 mihique
1644 1548 1734 1584 ami-

1071 1604 1304 1650 cissimum‚is
1325 1603 1409 1639 mihi
1430 1605 1626 1654 rescripsit,
1639 1604 1733 1640 hanc

1072 1673 1162 1697 ovem
1185 1660 1446 1696 latimudatam
1472 1673 1552 1698 esse
1574 1662 1732 1698 varieta-

1072 1722 1146 1754 tem
1170 1718 1246 1753 ovis
1268 1717 1492 1754 domesticae
1511 1722 1672 1764 nostrae,
1704 1730 1732 1754 s.

1075 1774 1162 1809 Ovis
1184 1773 1316 1810 Arietis
1334 1772 1442 1809 Linn.
1465 1777 1501 1809 et
1519 1773 1650 1810 multas
1666 1786 1733 1824 per

1073 1831 1183 1867 Asiae
1209 1835 1331 1880 partes
1355 1830 1530 1877 inveniri,
1560 1844 1591 1867 v,
1613 1843 1643 1867 c.
1667 1842 1734 1879 per

1070 1887 1257 1932 Arabiam,
1279 1886 1480 1932 Persidem,
1503 1886 1642 1935 Sinam,
1663 1887 1734 1935 Sy-

1072 1944 1181 1989 riam,
1213 1943 1444 1993 Aegyptum3
1475 1943 1628 1980 caudam
1653 1955 1734 1980 esse

1071 2000 1325 2050 prolongatam
1353 2012 1394 2036 ac
1425 2000 1541 2048 magis
1571 2000 1734 2036 minusve

1072 2056 1238 2102 divisam,
1251 2055 1361 2092 multo
1378 2055 1472 2091 illam
1486 2056 1634 2105 quidem
1654 2056 1734 2092 adi-

1071 2126 1119 2163 pe
1152 2114 1338 2150 refertam.
1380 2110 1414 2148 A
1442 2124 1515 2160 qua
1539 2125 1606 2149 ove
1624 2112 1731 2158 'sunt‚

1072 2170 1134 2218 qui
1172 2169 1401 2217 distinguant
1436 2172 1478 2204 ut
1519 2169 1730 2205 varietatem

1071 2225 1291 2276 peculiarem
1347 2238 1437 2261 ovem
1489 2227 1732 2274 steatopygam

1072 2282 1178 2331 (Pall.
1207 2282 1302 2331 Spic.
1332 2281 1486 2329 Zoolog.
1510 2281 1596 2316 fasc.
1615 2281 1666 2317 XI
1693 2294 1730 2330 p.

1073 2340 1127 2380 63
1151 2338 1247 2375 Tab.
1270 2338 1319 2373 IV
1341 2337 1401 2386 fig.
1424 2338 1480 2385 1),
1510 2337 1608 2373 cuius
1634 2349 1731 2386 pau-

1072 2396 1186 2431 ciores
1211 2394 1285 2430 sint
1313 2395 1348 2429 in
1379 2394 1495 2430 cauda
1524 2393 1730 2439 vertebrae,

1072 2451 1137 2486 sed
1159 2463 1293 2498 magna
1311 2462 1458 2498 quoque
1476 2449 1592 2499 adipis
1614 2449 1729 2500 copia.

1071 2507 1141 2543 Vix
1179 2512 1300 2543 tamen
1333 2510 1433 2543 recte
1472 2506 1523 2542 sic
1555 2505 1731 2554 distingui

1071 2563 1204 2600 iudicat
1238 2562 1462 2606 Leuckart.‚
1517 2563 1732 2612 praesertim

1071 2631 1151 2656 cum
1181 2619 1307 2655 iisdem
1339 2619 1414 2655 fere
1449 2619 1485 2654 in
1519 2619 1732 2667 regionibus

1072 2687 1115 2711 ac
1136 2680 1328 2724 praeterea
1347 2675 1383 2711 in
1400 2675 1648 2724 promontorio
1659 2674 1732 2711 Bo-

1072 2744 1143 2768 nae
1163 2731 1251 2781 Spei
1269 2731 1328 2767 illa
1344 2731 1420 2767 ovis
1441 2731 1657 2778 inveniatur,
1668 2743 1733 2767 cu-

1072 2788 1127 2823 ius
1145 2789 1262 2824 cauda
1290 2787 1444 2824 subinde
1475 2788 1522 2825 ad
1551 2787 1730 2836 quinqua-

1073 2844 1174 2892 ginta
1193 2844 1272 2882 libr.
1294 2844 1407 2894 pond.
1426 2844 1637 2882 adscendat.

1739 678 1822 721 254
