<?xml version="1.0" encoding="UTF-8"?>
<!DOCTYPE html PUBLIC "-//W3C//DTD XHTML 1.0 Transitional//EN"
    "http://www.w3.org/TR/xhtml1/DTD/xhtml1-transitional.dtd">
<html xmlns="http://www.w3.org/1999/xhtml" xml:lang="en" lang="en">
 <head>
  <title>
</title>
<meta http-equiv="Content-Type" content="text/html;charset=utf-8" />
  <meta name='ocr-system' content='tesseract 3.04.00' />
  <meta name='ocr-capabilities' content='ocr_page ocr_carea ocr_par ocr_line ocrx_word'/>
</head>
<body>
  <div class='ocr_page' id='page_1' title='image "./musaeherodoto02hero/musaeherodoto02hero_0606.png"; bbox 0 0 1904 3304; ppageno 0'>
   <div class='ocr_carea' id='block_1_1' title="bbox 449 245 1311 289">
    <p class='ocr_par' dir='ltr' id='par_1_1' title="bbox 449 245 1311 289">
     <span class='ocr_line' id='line_1_1' title="bbox 449 245 1311 289; baseline -0.008 0"><span class='ocrx_word' id='word_1_1' title='bbox 449 249 533 289; x_wconf 78' lang='lat'>598</span> <span class='ocrx_word' id='word_1_2' title='bbox 846 245 1311 284; x_wconf 88' lang='lat' dir='ltr'>HERODOTI</span> 
     </span>
    </p>
   </div>
   <div class='ocr_carea' id='block_1_2' title="bbox 121 353 1708 422">
    <p class='ocr_par' dir='ltr' id='par_1_2' title="bbox 121 353 1708 422">
     <span class='ocr_line' id='line_1_2' title="bbox 121 353 1708 422; baseline -0.003 -20"><span class='ocrx_word' id='word_1_3' title='bbox 121 360 331 422; x_wconf 47' lang='lat' dir='ltr'>{gffigqflfffig‘ts</span> <span class='ocrx_word' id='word_1_4' title='bbox 350 362 398 420; x_wconf 57' lang='lat'>23]</span> <span class='ocrx_word' id='word_1_5' title='bbox 449 354 600 412; x_wconf 70' lang='grc' dir='ltr'><em>’ὀφρύη</em></span> <span class='ocrx_word' id='word_1_6' title='bbox 630 354 807 410; x_wconf 73' lang='grc' dir='ltr'><em>ψάμμης</em></span> <span class='ocrx_word' id='word_1_7' title='bbox 835 353 1029 408; x_wconf 68' lang='grc' dir='ltr'><em>κατήκει,</em></span> <span class='ocrx_word' id='word_1_8' title='bbox 1060 355 1383 407; x_wconf 82' lang='grc' dir='ltr'><strong><em>παρατείνουσα</em></strong></span> <span class='ocrx_word' id='word_1_9' title='bbox 1412 354 1495 399; x_wconf 80' lang='grc' dir='ltr'>ἀπὸ</span> <span class='ocrx_word' id='word_1_10' title='bbox 1532 353 1708 411; x_wconf 78' lang='grc' dir='ltr'><em>Θηβέων</em></span> 
     </span>
    </p>
   </div>
   <div class='ocr_carea' id='block_1_3' title="bbox 120 428 397 460">
    <p class='ocr_par' dir='ltr' id='par_1_3' title="bbox 120 428 397 460">
     <span class='ocr_line' id='line_1_3' title="bbox 120 428 397 460; baseline 0 -6"><span class='ocrx_word' id='word_1_11' title='bbox 120 428 240 454; x_wconf 67' lang='lat' dir='ltr'>buiusus</span> <span class='ocrx_word' id='word_1_12' title='bbox 251 447 260 460; x_wconf 84' lang='lat'>‚</span> <span class='ocrx_word' id='word_1_13' title='bbox 283 436 300 454; x_wconf 90' lang='lat' dir='ltr'>a</span> <span class='ocrx_word' id='word_1_14' title='bbox 315 428 397 454; x_wconf 79' lang='lat' dir='ltr'>&#39;rhe-</span> 
     </span>
    </p>
   </div>
   <div class='ocr_carea' id='block_1_4' title="bbox 121 422 1765 495">
    <p class='ocr_par' dir='ltr' id='par_1_4' title="bbox 121 422 1765 495">
     <span class='ocr_line' id='line_1_4' title="bbox 121 422 1765 495; baseline -0.002 -28"><span class='ocrx_word' id='word_1_15' title='bbox 121 462 166 487; x_wconf 54' lang='lat' dir='ltr'>ms</span> <span class='ocrx_word' id='word_1_16' title='bbox 185 470 278 495; x_wconf 47' lang='lat' dir='ltr'>mque</span> <span class='ocrx_word' id='word_1_17' title='bbox 293 461 396 487; x_wconf 50' lang='lat' dir='ltr'>adco-</span> <span class='ocrx_word' id='word_1_18' title='bbox 424 431 543 470; x_wconf 69' lang='grc' dir='ltr'>Ξτῶν</span> <span class='ocrx_word' id='word_1_19' title='bbox 572 425 844 480; x_wconf 80' lang='grc' dir='ltr'><em>Αἰγυπτιέων</em></span> <span class='ocrx_word' id='word_1_20' title='bbox 882 424 949 467; x_wconf 81' lang='grc' dir='ltr'>ἐπὶ</span> <span class='ocrx_word' id='word_1_21' title='bbox 979 422 1240 480; x_wconf 80' lang='grc' dir='ltr'><em>Ἡρακληΐας</em></span> <span class='ocrx_word' id='word_1_22' title='bbox 1277 426 1444 481; x_wconf 80' lang='grc' dir='ltr'><em>στήλας.</em></span> <span class='ocrx_word' id='word_1_23' title='bbox 1499 426 1546 469; x_wconf 85' lang='grc' dir='ltr'>έν</span> <span class='ocrx_word' id='word_1_24' title='bbox 1580 426 1625 469; x_wconf 78' lang='grc' dir='ltr'>δὲ</span> <span class='ocrx_word' id='word_1_25' title='bbox 1656 427 1708 481; x_wconf 78' lang='grc' dir='ltr'>τῇ</span> <span class='ocrx_word' id='word_1_26' title='bbox 1721 429 1765 464; x_wconf 82' lang='grc'>50</span> 
     </span>
    </p>
   </div>
   <div class='ocr_carea' id='block_1_5' title="bbox 140 495 381 521">
    <p class='ocr_par' dir='ltr' id='par_1_5' title="bbox 140 495 381 521">
     <span class='ocr_line' id='line_1_5' title="bbox 140 495 381 521; baseline 0 -1"><span class='ocrx_word' id='word_1_27' title='bbox 140 495 254 521; x_wconf 69' lang='lat' dir='ltr'>hunnus</span> <span class='ocrx_word' id='word_1_28' title='bbox 266 495 381 521; x_wconf 81' lang='lat' dir='ltr'>Hercu-</span> 
     </span>
    </p>
   </div>
   <div class='ocr_carea' id='block_1_6' title="bbox 122 493 1710 555">
    <p class='ocr_par' dir='ltr' id='par_1_6' title="bbox 122 493 1710 555">
     <span class='ocr_line' id='line_1_6' title="bbox 122 493 1710 555; baseline -0.002 -13"><span class='ocrx_word' id='word_1_29' title='bbox 122 529 177 555; x_wconf 69' lang='lat' dir='ltr'>us:</span> <span class='ocrx_word' id='word_1_30' title='bbox 210 529 300 555; x_wconf 56' lang='lat' dir='ltr'>wne„</span> <span class='ocrx_word' id='word_1_31' title='bbox 327 528 398 555; x_wconf 51' lang='lat' dir='ltr'>sans</span> <span class='ocrx_word' id='word_1_32' title='bbox 455 496 604 552; x_wconf 81' lang='grc' dir='ltr'><em>ὀφρύῃ</em></span> <span class='ocrx_word' id='word_1_33' title='bbox 661 495 797 552; x_wconf 78' lang='grc' dir='ltr'><em>ταύτῃ</em></span> <span class='ocrx_word' id='word_1_34' title='bbox 843 493 1025 551; x_wconf 79' lang='grc' dir='ltr'><em>μάλιστα</em></span> <span class='ocrx_word' id='word_1_35' title='bbox 1076 495 1148 539; x_wconf 78' lang='grc' dir='ltr'>διὰ</span> <span class='ocrx_word' id='word_1_36' title='bbox 1195 494 1298 539; x_wconf 82' lang='grc' dir='ltr'><em>δέκα</em></span> <span class='ocrx_word' id='word_1_37' title='bbox 1351 494 1544 552; x_wconf 80' lang='grc' dir='ltr'><em>ἡμερέων</em></span> <span class='ocrx_word' id='word_1_38' title='bbox 1586 495 1710 547; x_wconf 88' lang='grc' dir='ltr'><em>ὁδοῦ,</em></span> 
     </span>
    </p>
   </div>
   <div class='ocr_carea' id='block_1_7' title="bbox 122 562 399 588">
    <p class='ocr_par' dir='ltr' id='par_1_7' title="bbox 122 562 399 588">
     <span class='ocr_line' id='line_1_7' title="bbox 122 562 399 588; baseline 0 0"><span class='ocrx_word' id='word_1_39' title='bbox 122 563 266 588; x_wconf 76' lang='lat' dir='ltr'>denorum</span> <span class='ocrx_word' id='word_1_40' title='bbox 283 562 399 588; x_wconf 75' lang='lat' dir='ltr'>dierum</span> 
     </span>
    </p>
   </div>
   <div class='ocr_carea' id='block_1_8' title="bbox 123 565 1713 628">
    <p class='ocr_par' dir='ltr' id='par_1_8' title="bbox 123 565 1713 628">
     <span class='ocr_line' id='line_1_8' title="bbox 123 565 1713 628; baseline 0 -18"><span class='ocrx_word' id='word_1_41' title='bbox 123 596 399 628; x_wconf 50' lang='lat' dir='ltr'>imereffimmffl,</span> <span class='ocrx_word' id='word_1_42' title='bbox 457 565 561 618; x_wconf 79' lang='grc' dir='ltr'><em>ἁλός</em></span> <span class='ocrx_word' id='word_1_43' title='bbox 599 565 688 610; x_wconf 81' lang='grc' dir='ltr'><em>ἐστι</em></span> <span class='ocrx_word' id='word_1_44' title='bbox 726 566 895 622; x_wconf 79' lang='grc' dir='ltr'><em>τρύφεα</em></span> <span class='ocrx_word' id='word_1_45' title='bbox 931 566 1040 609; x_wconf 75' lang='grc' dir='ltr'><em>κατὰ</em></span> <span class='ocrx_word' id='word_1_46' title='bbox 1071 566 1287 622; x_wconf 77' lang='grc' dir='ltr'><em>χόνδρους</em></span> <span class='ocrx_word' id='word_1_47' title='bbox 1319 566 1533 622; x_wconf 77' lang='grc' dir='ltr'><em>μεγάλους</em></span> <span class='ocrx_word' id='word_1_48' title='bbox 1566 568 1612 610; x_wconf 82' lang='grc' dir='ltr'>ἐν</span> <span class='ocrx_word' id='word_1_49' title='bbox 1641 583 1713 610; x_wconf 83' lang='grc' dir='ltr'>κο-</span> 
     </span>
    </p>
   </div>
   <div class='ocr_carea' id='block_1_9' title="bbox 122 630 399 663">
    <p class='ocr_par' dir='ltr' id='par_1_9' title="bbox 122 630 399 663">
     <span class='ocr_line' id='line_1_9' title="bbox 122 630 399 663; baseline 0 -9"><span class='ocrx_word' id='word_1_50' title='bbox 122 638 246 663; x_wconf 83' lang='lat' dir='ltr'>quorum</span> <span class='ocrx_word' id='word_1_51' title='bbox 270 630 399 656; x_wconf 75' lang='lat' dir='ltr'>vertices</span> 
     </span>
    </p>
   </div>
   <div class='ocr_carea' id='block_1_10' title="bbox 122 635 1714 695">
    <p class='ocr_par' dir='ltr' id='par_1_10' title="bbox 122 635 1714 695">
     <span class='ocr_line' id='line_1_10' title="bbox 122 635 1714 695; baseline -0.001 -13"><span class='ocrx_word' id='word_1_52' title='bbox 122 663 399 689; x_wconf 43' lang='grc' dir='ltr'>ί,ἰδουιηηῃηρῌὶμ</span> <span class='ocrx_word' id='word_1_53' title='bbox 455 642 650 681; x_wconf 79' lang='grc' dir='ltr'><em>λωνοῖσι·</em></span> <span class='ocrx_word' id='word_1_54' title='bbox 707 638 781 681; x_wconf 83' lang='grc' dir='ltr'>καὶ</span> <span class='ocrx_word' id='word_1_55' title='bbox 827 637 874 680; x_wconf 80' lang='grc' dir='ltr'>ἐν</span> <span class='ocrx_word' id='word_1_56' title='bbox 913 642 1137 695; x_wconf 79' lang='grc' dir='ltr'><em>κορυφῇσι</em></span> <span class='ocrx_word' id='word_1_57' title='bbox 1174 635 1359 681; x_wconf 77' lang='grc' dir='ltr'><em>ἑκάστου</em></span> <span class='ocrx_word' id='word_1_58' title='bbox 1397 641 1477 680; x_wconf 84' lang='grc' dir='ltr'>τοῦ</span> <span class='ocrx_word' id='word_1_59' title='bbox 1514 640 1714 681; x_wconf 79' lang='grc' dir='ltr'><em>κολωνοῦ</em></span> 
     </span>
    </p>
   </div>
   <div class='ocr_carea' id='block_1_11' title="bbox 123 696 400 731">
    <p class='ocr_par' dir='ltr' id='par_1_11' title="bbox 123 696 400 731">
     <span class='ocr_line' id='line_1_11' title="bbox 123 696 400 731; baseline 0.011 -10"><span class='ocrx_word' id='word_1_60' title='bbox 123 696 152 722; x_wconf 75' lang='lat' dir='ltr'>le</span> <span class='ocrx_word' id='word_1_61' title='bbox 168 704 293 730; x_wconf 77' lang='lat' dir='ltr'>aquam:</span> <span class='ocrx_word' id='word_1_62' title='bbox 313 697 400 731; x_wconf 84' lang='lat' dir='ltr'>primi</span> 
     </span>
    </p>
   </div>
   <div class='ocr_carea' id='block_1_12' title="bbox 124 707 1710 766">
    <p class='ocr_par' dir='ltr' id='par_1_12' title="bbox 124 707 1710 766">
     <span class='ocr_line' id='line_1_12' title="bbox 124 707 1710 766; baseline -0.001 -14"><span class='ocrx_word' id='word_1_63' title='bbox 124 731 161 757; x_wconf 74' lang='lat' dir='ltr'>ab</span> <span class='ocrx_word' id='word_1_64' title='bbox 180 732 395 766; x_wconf 45' lang='lat' dir='ltr'>Aegyptosxffl.</span> <span class='ocrx_word' id='word_1_65' title='bbox 457 707 722 762; x_wconf 75' lang='grc' dir='ltr'><em>ἀνακοντίζει</em></span> <span class='ocrx_word' id='word_1_66' title='bbox 757 708 804 752; x_wconf 82' lang='grc' dir='ltr'>ἐκ</span> <span class='ocrx_word' id='word_1_67' title='bbox 842 707 978 764; x_wconf 88' lang='grc' dir='ltr'><em>μέσου</em></span> <span class='ocrx_word' id='word_1_68' title='bbox 1017 713 1099 753; x_wconf 84' lang='grc' dir='ltr'>τοῦ</span> <span class='ocrx_word' id='word_1_69' title='bbox 1139 707 1241 760; x_wconf 79' lang='grc' dir='ltr'><em>ἁλὸς</em></span> <span class='ocrx_word' id='word_1_70' title='bbox 1273 708 1395 764; x_wconf 83' lang='grc' dir='ltr'><em>ὕδωρ</em></span> <span class='ocrx_word' id='word_1_71' title='bbox 1437 707 1608 765; x_wconf 81' lang='grc' dir='ltr'><em>ψυχρὸν</em></span> <span class='ocrx_word' id='word_1_72' title='bbox 1637 708 1710 751; x_wconf 87' lang='grc' dir='ltr'>καὶ</span> 
     </span>
    </p>
   </div>
   <div class='ocr_carea' id='block_1_13' title="bbox 401 852 1082 2927">
    <p class='ocr_par' dir='ltr' id='par_1_13' title="bbox 401 852 1070 1745">
     <span class='ocr_line' id='line_1_13' title="bbox 401 852 1057 890; baseline -0.003 0"><span class='ocrx_word' id='word_1_73' title='bbox 401 852 601 890; x_wconf 84' lang='lat' dir='ltr'>directione</span> <span class='ocrx_word' id='word_1_74' title='bbox 635 853 682 890; x_wconf 80' lang='lat' dir='ltr'>ab</span> <span class='ocrx_word' id='word_1_75' title='bbox 718 852 906 890; x_wconf 86' lang='lat' dir='ltr'>occidente</span> <span class='ocrx_word' id='word_1_76' title='bbox 937 853 1057 889; x_wconf 84' lang='lat' dir='ltr'>orien-</span> 
     </span>
     <span class='ocr_line' id='line_1_14' title="bbox 401 909 1060 959; baseline -0.003 -12"><span class='ocrx_word' id='word_1_77' title='bbox 401 914 478 947; x_wconf 85' lang='lat' dir='ltr'>tem</span> <span class='ocrx_word' id='word_1_78' title='bbox 497 922 619 947; x_wconf 86' lang='lat' dir='ltr'>versus</span> <span class='ocrx_word' id='word_1_79' title='bbox 642 922 757 958; x_wconf 85' lang='lat' dir='ltr'>usque</span> <span class='ocrx_word' id='word_1_80' title='bbox 777 909 823 946; x_wconf 86' lang='lat' dir='ltr'>ad</span> <span class='ocrx_word' id='word_1_81' title='bbox 846 909 1060 959; x_wconf 85' lang='lat' dir='ltr'>Elephanti-</span> 
     </span>
     <span class='ocr_line' id='line_1_15' title="bbox 402 966 1059 1015; baseline -0.003 -12"><span class='ocrx_word' id='word_1_82' title='bbox 402 979 488 1011; x_wconf 79' lang='lat' dir='ltr'>nen,</span> <span class='ocrx_word' id='word_1_83' title='bbox 506 967 566 1002; x_wconf 85' lang='lat' dir='ltr'>ubi</span> <span class='ocrx_word' id='word_1_84' title='bbox 588 966 789 1015; x_wconf 75' lang='lat' dir='ltr'>Aegyptum</span> <span class='ocrx_word' id='word_1_85' title='bbox 807 967 929 1012; x_wconf 85' lang='lat' dir='ltr'>intrat,</span> <span class='ocrx_word' id='word_1_86' title='bbox 954 978 1059 1002; x_wconf 84' lang='lat' dir='ltr'>cursu</span> 
     </span>
     <span class='ocr_line' id='line_1_16' title="bbox 401 1022 1059 1072; baseline -0.006 -13"><span class='ocrx_word' id='word_1_87' title='bbox 401 1023 454 1060; x_wconf 81' lang='lat' dir='ltr'>ita</span> <span class='ocrx_word' id='word_1_88' title='bbox 473 1027 633 1068; x_wconf 80' lang='lat' dir='ltr'>mutato,</span> <span class='ocrx_word' id='word_1_89' title='bbox 663 1027 702 1058; x_wconf 87' lang='lat' dir='ltr'>ut</span> <span class='ocrx_word' id='word_1_90' title='bbox 723 1027 819 1058; x_wconf 66' lang='lat' dir='ltr'>rocta</span> <span class='ocrx_word' id='word_1_91' title='bbox 838 1022 1059 1072; x_wconf 74' lang='lat' dir='ltr'>septentrio-</span> 
     </span>
     <span class='ocr_line' id='line_1_17' title="bbox 402 1078 1059 1127; baseline -0.005 -11"><span class='ocrx_word' id='word_1_92' title='bbox 402 1092 486 1116; x_wconf 89' lang='lat' dir='ltr'>nem</span> <span class='ocrx_word' id='word_1_93' title='bbox 525 1079 663 1115; x_wconf 85' lang='lat' dir='ltr'>tendat.</span> <span class='ocrx_word' id='word_1_94' title='bbox 718 1078 776 1115; x_wconf 91' lang='lat' dir='ltr'>De</span> <span class='ocrx_word' id='word_1_95' title='bbox 815 1091 887 1127; x_wconf 79' lang='lat' dir='ltr'>qua</span> <span class='ocrx_word' id='word_1_96' title='bbox 926 1078 1059 1127; x_wconf 87' lang='lat' dir='ltr'>triplici</span> 
     </span>
     <span class='ocr_line' id='line_1_18' title="bbox 402 1134 1060 1182; baseline -0.003 -11"><span class='ocrx_word' id='word_1_97' title='bbox 402 1134 546 1182; x_wconf 81' lang='lat' dir='ltr'>Libyae</span> <span class='ocrx_word' id='word_1_98' title='bbox 569 1134 770 1180; x_wconf 84' lang='lat' dir='ltr'>divisione,</span> <span class='ocrx_word' id='word_1_99' title='bbox 814 1147 922 1182; x_wconf 80' lang='lat' dir='ltr'>quam</span> <span class='ocrx_word' id='word_1_100' title='bbox 951 1146 1060 1182; x_wconf 78' lang='lat' dir='ltr'>supra</span> 
     </span>
     <span class='ocr_line' id='line_1_19' title="bbox 405 1189 1060 1239; baseline -0.002 -11"><span class='ocrx_word' id='word_1_101' title='bbox 405 1191 478 1228; x_wconf 82' lang='lat' dir='ltr'>iam</span> <span class='ocrx_word' id='word_1_102' title='bbox 496 1191 680 1238; x_wconf 81' lang='lat' dir='ltr'>attigimus</span> <span class='ocrx_word' id='word_1_103' title='bbox 699 1191 746 1226; x_wconf 84' lang='lat' dir='ltr'>ad</span> <span class='ocrx_word' id='word_1_104' title='bbox 768 1189 813 1235; x_wconf 94' lang='grc' dir='ltr'>ΙΙ,</span> <span class='ocrx_word' id='word_1_105' title='bbox 843 1191 896 1230; x_wconf 80' lang='lat'>32</span> <span class='ocrx_word' id='word_1_106' title='bbox 925 1203 960 1239; x_wconf 92' lang='lat' dir='ltr'>p.</span> <span class='ocrx_word' id='word_1_107' title='bbox 979 1189 1060 1229; x_wconf 75' lang='lat'>546</span> 
     </span>
     <span class='ocr_line' id='line_1_20' title="bbox 405 1245 1062 1296; baseline -0.003 -13"><span class='ocrx_word' id='word_1_108' title='bbox 405 1246 501 1284; x_wconf 79' lang='lat' dir='ltr'>conf.</span> <span class='ocrx_word' id='word_1_109' title='bbox 528 1252 719 1296; x_wconf 81' lang='lat' dir='ltr'>praeterea</span> <span class='ocrx_word' id='word_1_110' title='bbox 736 1245 1006 1282; x_wconf 80' lang='lat' dir='ltr'>Schlichthorst.</span> <span class='ocrx_word' id='word_1_111' title='bbox 1027 1259 1062 1294; x_wconf 88' lang='lat' dir='ltr'>p.</span> 
     </span>
     <span class='ocr_line' id='line_1_21' title="bbox 406 1301 1064 1350; baseline 0 -12"><span class='ocrx_word' id='word_1_112' title='bbox 406 1304 432 1342; x_wconf 88' lang='lat'>8</span> <span class='ocrx_word' id='word_1_113' title='bbox 455 1315 533 1350; x_wconf 87' lang='lat' dir='ltr'>seq.</span> <span class='ocrx_word' id='word_1_114' title='bbox 578 1301 755 1339; x_wconf 85' lang='lat' dir='ltr'>Niebuhr.</span> <span class='ocrx_word' id='word_1_115' title='bbox 774 1302 897 1338; x_wconf 64' lang='lat' dir='ltr'>Versu.</span> <span class='ocrx_word' id='word_1_116' title='bbox 919 1302 1064 1338; x_wconf 84' lang='lat' dir='ltr'>Schrist.</span> 
     </span>
     <span class='ocr_line' id='line_1_22' title="bbox 406 1356 1064 1408; baseline -0.002 -13"><span class='ocrx_word' id='word_1_117' title='bbox 406 1359 423 1395; x_wconf 96' lang='lat' dir='ltr'>l</span> <span class='ocrx_word' id='word_1_118' title='bbox 448 1372 484 1408; x_wconf 87' lang='lat' dir='ltr'>p.</span> <span class='ocrx_word' id='word_1_119' title='bbox 509 1356 600 1398; x_wconf 79' lang='lat'>144.</span> <span class='ocrx_word' id='word_1_120' title='bbox 650 1358 769 1394; x_wconf 76' lang='lat' dir='ltr'>Ideler</span> <span class='ocrx_word' id='word_1_121' title='bbox 795 1358 832 1394; x_wconf 88' lang='lat' dir='ltr'>in</span> <span class='ocrx_word' id='word_1_122' title='bbox 849 1358 1064 1406; x_wconf 82' lang='lat' dir='ltr'>Fundgrub.</span> 
     </span>
     <span class='ocr_line' id='line_1_23' title="bbox 410 1413 1066 1464; baseline -0.002 -13"><span class='ocrx_word' id='word_1_123' title='bbox 410 1416 447 1451; x_wconf 92' lang='lat' dir='ltr'>d.</span> <span class='ocrx_word' id='word_1_124' title='bbox 460 1415 599 1451; x_wconf 82' lang='lat' dir='ltr'>Orient.</span> <span class='ocrx_word' id='word_1_125' title='bbox 617 1414 665 1451; x_wconf 87' lang='lat' dir='ltr'>lV</span> <span class='ocrx_word' id='word_1_126' title='bbox 680 1428 717 1464; x_wconf 90' lang='lat' dir='ltr'>p.</span> <span class='ocrx_word' id='word_1_127' title='bbox 730 1413 823 1454; x_wconf 83' lang='lat'><strong>394.</strong></span> <span class='ocrx_word' id='word_1_128' title='bbox 851 1415 956 1457; x_wconf 83' lang='lat' dir='ltr'>Quae</span> <span class='ocrx_word' id='word_1_129' title='bbox 972 1414 1066 1450; x_wconf 85' lang='lat' dir='ltr'>ultra</span> 
     </span>
     <span class='ocr_line' id='line_1_24' title="bbox 408 1471 1067 1508; baseline -0.002 0"><span class='ocrx_word' id='word_1_130' title='bbox 408 1472 553 1508; x_wconf 83' lang='lat' dir='ltr'>deserta</span> <span class='ocrx_word' id='word_1_131' title='bbox 574 1471 713 1508; x_wconf 84' lang='lat' dir='ltr'>Sahara</span> <span class='ocrx_word' id='word_1_132' title='bbox 732 1471 974 1507; x_wconf 80' lang='lat' dir='ltr'>extenduntur</span> <span class='ocrx_word' id='word_1_133' title='bbox 993 1475 1067 1507; x_wconf 85' lang='lat' dir='ltr'>ter-</span> 
     </span>
     <span class='ocr_line' id='line_1_25' title="bbox 408 1526 1067 1575; baseline -0.002 -11"><span class='ocrx_word' id='word_1_134' title='bbox 408 1540 495 1573; x_wconf 86' lang='lat' dir='ltr'>rae,</span> <span class='ocrx_word' id='word_1_135' title='bbox 526 1539 587 1564; x_wconf 80' lang='lat' dir='ltr'>eas</span> <span class='ocrx_word' id='word_1_136' title='bbox 610 1528 657 1564; x_wconf 86' lang='lat' dir='ltr'>ad</span> <span class='ocrx_word' id='word_1_137' title='bbox 673 1526 829 1575; x_wconf 80' lang='lat' dir='ltr'>Libyam</span> <span class='ocrx_word' id='word_1_138' title='bbox 852 1528 1067 1564; x_wconf 83' lang='lat' dir='ltr'>Herodotus</span> 
     </span>
     <span class='ocr_line' id='line_1_26' title="bbox 409 1583 1069 1632; baseline -0.003 -12"><span class='ocrx_word' id='word_1_139' title='bbox 409 1585 470 1620; x_wconf 85' lang='lat' dir='ltr'>vix</span> <span class='ocrx_word' id='word_1_140' title='bbox 487 1585 624 1620; x_wconf 86' lang='lat' dir='ltr'>referre</span> <span class='ocrx_word' id='word_1_141' title='bbox 641 1583 805 1628; x_wconf 83' lang='lat' dir='ltr'>videtur,</span> <span class='ocrx_word' id='word_1_142' title='bbox 838 1584 900 1632; x_wconf 91' lang='lat' dir='ltr'>qui</span> <span class='ocrx_word' id='word_1_143' title='bbox 926 1584 955 1619; x_wconf 84' lang='lat' dir='ltr'>si</span> <span class='ocrx_word' id='word_1_144' title='bbox 980 1583 1069 1632; x_wconf 84' lang='lat' dir='ltr'>quid</span> 
     </span>
     <span class='ocr_line' id='line_1_27' title="bbox 411 1639 1070 1689; baseline -0.003 -13"><span class='ocrx_word' id='word_1_145' title='bbox 411 1640 559 1676; x_wconf 88' lang='lat' dir='ltr'>omnino</span> <span class='ocrx_word' id='word_1_146' title='bbox 594 1640 640 1677; x_wconf 88' lang='lat' dir='ltr'>de</span> <span class='ocrx_word' id='word_1_147' title='bbox 674 1639 728 1676; x_wconf 79' lang='lat' dir='ltr'>his</span> <span class='ocrx_word' id='word_1_148' title='bbox 756 1644 977 1689; x_wconf 86' lang='lat' dir='ltr'>compertum</span> <span class='ocrx_word' id='word_1_149' title='bbox 1006 1639 1070 1675; x_wconf 87' lang='lat' dir='ltr'>ha-</span> 
     </span>
     <span class='ocr_line' id='line_1_28' title="bbox 410 1695 1034 1745; baseline -0.003 -12"><span class='ocrx_word' id='word_1_150' title='bbox 410 1696 550 1742; x_wconf 83' lang='lat' dir='ltr'>buerit,</span> <span class='ocrx_word' id='word_1_151' title='bbox 580 1697 628 1732; x_wconf 84' lang='lat' dir='ltr'>ad</span> <span class='ocrx_word' id='word_1_152' title='bbox 648 1695 879 1745; x_wconf 78' lang='lat' dir='ltr'>Aethiopiam</span> <span class='ocrx_word' id='word_1_153' title='bbox 898 1696 1034 1732; x_wconf 85' lang='lat' dir='ltr'>retulit.</span> 
     </span>
    </p>

    <p class='ocr_par' dir='ltr' id='par_1_14' title="bbox 409 1747 1082 2812">
     <span class='ocr_line' id='line_1_29' title="bbox 468 1747 1067 1803; baseline -0.005 -13"><span class='ocrx_word' id='word_1_154' title='bbox 468 1747 602 1803; x_wconf 75' lang='grc' dir='ltr'><em>ὀφρύη</em></span> <span class='ocrx_word' id='word_1_155' title='bbox 620 1748 791 1801; x_wconf 73' lang='grc' dir='ltr'><em>ψάμμης</em></span> <span class='ocrx_word' id='word_1_156' title='bbox 804 1747 978 1801; x_wconf 73' lang='grc' dir='ltr'><em>κατήκει]</em></span> <span class='ocrx_word' id='word_1_157' title='bbox 998 1752 1021 1788; x_wconf 84' lang='lat' dir='ltr'>i.</span> <span class='ocrx_word' id='word_1_158' title='bbox 1036 1764 1067 1788; x_wconf 83' lang='lat' dir='ltr'>e.</span> 
     </span>
     <span class='ocr_line' id='line_1_30' title="bbox 411 1808 1069 1858; baseline -0.002 -14"><span class='ocrx_word' id='word_1_159' title='bbox 411 1821 522 1857; x_wconf 78' lang='lat' dir='ltr'>supra</span> <span class='ocrx_word' id='word_1_160' title='bbox 546 1808 685 1858; x_wconf 72' lang='lat' dir='ltr'>Libyae</span> <span class='ocrx_word' id='word_1_161' title='bbox 709 1811 859 1845; x_wconf 74' lang='lat' dir='ltr'>tractum</span> <span class='ocrx_word' id='word_1_162' title='bbox 880 1809 1069 1845; x_wconf 75' lang='lat' dir='ltr'>belluosum</span> 
     </span>
     <span class='ocr_line' id='line_1_31' title="bbox 409 1865 1072 1915; baseline 0 -15"><span class='ocrx_word' id='word_1_163' title='bbox 409 1866 610 1915; x_wconf 73' lang='lat' dir='ltr'>porrigitur</span> <span class='ocrx_word' id='word_1_164' title='bbox 650 1865 873 1913; x_wconf 71' lang='lat' dir='ltr'>supercilium</span> <span class='ocrx_word' id='word_1_165' title='bbox 911 1866 967 1912; x_wconf 84' lang='lat' dir='ltr'>(s.</span> <span class='ocrx_word' id='word_1_166' title='bbox 996 1869 1072 1900; x_wconf 83' lang='lat' dir='ltr'>tra-</span> 
     </span>
     <span class='ocr_line' id='line_1_32' title="bbox 414 1920 1071 1969; baseline -0.002 -13"><span class='ocrx_word' id='word_1_167' title='bbox 414 1926 496 1957; x_wconf 78' lang='lat' dir='ltr'>ctus</span> <span class='ocrx_word' id='word_1_168' title='bbox 511 1949 520 1967; x_wconf 87' lang='lat'>‚</span> <span class='ocrx_word' id='word_1_169' title='bbox 562 1920 745 1969; x_wconf 83' lang='lat' dir='ltr'>tumulus)</span> <span class='ocrx_word' id='word_1_170' title='bbox 790 1934 995 1966; x_wconf 56' lang='lat' dir='ltr'>arenosum,</span> <span class='ocrx_word' id='word_1_171' title='bbox 1047 1932 1071 1955; x_wconf 81' lang='grc' dir='ltr'><em>α</em></span> 
     </span>
     <span class='ocr_line' id='line_1_33' title="bbox 419 1976 1072 2027; baseline -0.003 -13"><span class='ocrx_word' id='word_1_172' title='bbox 419 1976 547 2014; x_wconf 74' lang='lat' dir='ltr'>Tleebis</span> <span class='ocrx_word' id='word_1_173' title='bbox 568 1979 795 2027; x_wconf 72' lang='lat' dir='ltr'>Aegyptiacis</span> <span class='ocrx_word' id='word_1_174' title='bbox 819 1978 867 2014; x_wconf 75' lang='lat' dir='ltr'>acl</span> <span class='ocrx_word' id='word_1_175' title='bbox 894 1978 1072 2014; x_wconf 69' lang='lat' dir='ltr'>colmanus</span> 
     </span>
     <span class='ocr_line' id='line_1_34' title="bbox 416 2033 1072 2081; baseline -0.006 -9"><span class='ocrx_word' id='word_1_176' title='bbox 416 2033 613 2072; x_wconf 70' lang='lat' dir='ltr'>Herculeas</span> <span class='ocrx_word' id='word_1_177' title='bbox 667 2035 857 2081; x_wconf 76' lang='lat' dir='ltr'>pertinens.</span> <span class='ocrx_word' id='word_1_178' title='bbox 929 2034 1072 2069; x_wconf 85' lang='lat' dir='ltr'>Eodem</span> 
     </span>
     <span class='ocr_line' id='line_1_35' title="bbox 416 2085 1073 2139; baseline 0 -13"><span class='ocrx_word' id='word_1_179' title='bbox 416 2103 527 2127; x_wconf 77' lang='lat' dir='ltr'>sensu</span> <span class='ocrx_word' id='word_1_180' title='bbox 568 2085 702 2139; x_wconf 80' lang='grc' dir='ltr'><em>ὀφρύη</em></span> <span class='ocrx_word' id='word_1_181' title='bbox 740 2090 812 2136; x_wconf 87' lang='lat' dir='ltr'>IV,</span> <span class='ocrx_word' id='word_1_182' title='bbox 852 2093 943 2131; x_wconf 77' lang='lat'><strong>182.</strong></span> <span class='ocrx_word' id='word_1_183' title='bbox 980 2090 1073 2129; x_wconf 86' lang='lat'>185.</span> 
     </span>
     <span class='ocr_line' id='line_1_36' title="bbox 415 2141 1075 2196; baseline -0.005 -12"><span class='ocrx_word' id='word_1_184' title='bbox 415 2147 526 2196; x_wconf 88' lang='lat' dir='ltr'><strong>Apud</strong></span> <span class='ocrx_word' id='word_1_185' title='bbox 546 2146 672 2194; x_wconf 86' lang='lat' dir='ltr'><strong>Polyb.</strong></span> <span class='ocrx_word' id='word_1_186' title='bbox 695 2146 758 2193; x_wconf 88' lang='grc' dir='ltr'>ΙΙΙ,</span> <span class='ocrx_word' id='word_1_187' title='bbox 781 2148 847 2187; x_wconf 90' lang='lat'>71.</span> <span class='ocrx_word' id='word_1_188' title='bbox 881 2141 1011 2194; x_wconf 78' lang='grc' dir='ltr'><em>ὀφρύς</em></span> <span class='ocrx_word' id='word_1_189' title='bbox 1034 2145 1075 2181; x_wconf 73' lang='lat' dir='ltr'>(le</span> 
     </span>
     <span class='ocr_line' id='line_1_37' title="bbox 417 2202 1075 2252; baseline -0.003 -13"><span class='ocrx_word' id='word_1_190' title='bbox 417 2203 489 2239; x_wconf 81' lang='lat' dir='ltr'><em>loco</em></span> <span class='ocrx_word' id='word_1_191' title='bbox 511 2202 624 2245; x_wconf 56' lang='lat' dir='ltr'>edum</span> <span class='ocrx_word' id='word_1_192' title='bbox 664 2202 768 2252; x_wconf 87' lang='lat' dir='ltr'>plura</span> <span class='ocrx_word' id='word_1_193' title='bbox 795 2203 868 2239; x_wconf 85' lang='lat' dir='ltr'>vid.</span> <span class='ocrx_word' id='word_1_194' title='bbox 898 2203 934 2238; x_wconf 90' lang='lat' dir='ltr'>in</span> <span class='ocrx_word' id='word_1_195' title='bbox 954 2202 1075 2239; x_wconf 87' lang='lat' dir='ltr'>Lexic.</span> 
     </span>
     <span class='ocr_line' id='line_1_38' title="bbox 416 2258 1077 2308; baseline -0.002 -12"><span class='ocrx_word' id='word_1_196' title='bbox 416 2259 623 2307; x_wconf 80' lang='lat' dir='ltr'>Polybiano</span> <span class='ocrx_word' id='word_1_197' title='bbox 654 2272 691 2308; x_wconf 89' lang='lat' dir='ltr'>p.</span> <span class='ocrx_word' id='word_1_198' title='bbox 716 2259 811 2299; x_wconf 79' lang='grc'><strong>418.</strong></span> <span class='ocrx_word' id='word_1_199' title='bbox 861 2259 956 2295; x_wconf 84' lang='lat' dir='ltr'>Hinc</span> <span class='ocrx_word' id='word_1_200' title='bbox 978 2258 1077 2295; x_wconf 89' lang='lat' dir='ltr'>Hee-</span> 
     </span>
     <span class='ocr_line' id='line_1_39' title="bbox 418 2314 1079 2364; baseline -0.002 -12"><span class='ocrx_word' id='word_1_201' title='bbox 418 2328 495 2352; x_wconf 89' lang='lat' dir='ltr'>ren.</span> <span class='ocrx_word' id='word_1_202' title='bbox 519 2315 539 2350; x_wconf 92' lang='grc' dir='ltr'>Ι.</span> <span class='ocrx_word' id='word_1_203' title='bbox 561 2315 582 2350; x_wconf 93' lang='lat' dir='ltr'>l.</span> <span class='ocrx_word' id='word_1_204' title='bbox 606 2314 661 2360; x_wconf 92' lang='grc' dir='ltr'>ΙΙ,</span> <span class='ocrx_word' id='word_1_205' title='bbox 688 2318 706 2354; x_wconf 87' lang='grc'><strong>1</strong></span> <span class='ocrx_word' id='word_1_206' title='bbox 734 2328 770 2364; x_wconf 87' lang='lat' dir='ltr'>p.</span> <span class='ocrx_word' id='word_1_207' title='bbox 793 2317 817 2354; x_wconf 83' lang='lat'><strong>9</strong></span> <span class='ocrx_word' id='word_1_208' title='bbox 838 2316 979 2352; x_wconf 82' lang='lat' dir='ltr'>reddit:</span> <span class='ocrx_word' id='word_1_209' title='bbox 1022 2316 1079 2351; x_wconf 74' lang='lat' dir='ltr'>ein</span> 
     </span>
     <span class='ocr_line' id='line_1_40' title="bbox 422 2369 1078 2414; baseline -0.002 -6"><span class='ocrx_word' id='word_1_210' title='bbox 422 2369 660 2414; x_wconf 70' lang='lat' dir='ltr'>Samlstricl1;</span> <span class='ocrx_word' id='word_1_211' title='bbox 699 2371 778 2407; x_wconf 75' lang='lat' dir='ltr'>coli.</span> <span class='ocrx_word' id='word_1_212' title='bbox 800 2371 934 2408; x_wconf 85' lang='lat' dir='ltr'>Ritter.</span> <span class='ocrx_word' id='word_1_213' title='bbox 964 2371 1078 2407; x_wconf 81' lang='lat' dir='ltr'>Erdk.</span> 
     </span>
     <span class='ocr_line' id='line_1_41' title="bbox 420 2427 1080 2476; baseline 0 -12"><span class='ocrx_word' id='word_1_214' title='bbox 420 2427 437 2464; x_wconf 95' lang='lat' dir='ltr'>l</span> <span class='ocrx_word' id='word_1_215' title='bbox 460 2440 496 2476; x_wconf 86' lang='lat' dir='ltr'>p.</span> <span class='ocrx_word' id='word_1_216' title='bbox 524 2429 641 2467; x_wconf 79' lang='lat'>1002.</span> <span class='ocrx_word' id='word_1_217' title='bbox 682 2427 836 2464; x_wconf 81' lang='lat' dir='ltr'>Deserta</span> <span class='ocrx_word' id='word_1_218' title='bbox 857 2428 1004 2465; x_wconf 63' lang='lat' dir='ltr'>Saliam</span> <span class='ocrx_word' id='word_1_219' title='bbox 1023 2428 1080 2464; x_wconf 84' lang='lat' dir='ltr'>in-</span> 
     </span>
     <span class='ocr_line' id='line_1_42' title="bbox 419 2483 1079 2533; baseline 0.002 -14"><span class='ocrx_word' id='word_1_220' title='bbox 419 2483 532 2519; x_wconf 85' lang='lat' dir='ltr'>dicari</span> <span class='ocrx_word' id='word_1_221' title='bbox 556 2483 693 2519; x_wconf 88' lang='lat' dir='ltr'>dudum</span> <span class='ocrx_word' id='word_1_222' title='bbox 714 2484 853 2520; x_wconf 86' lang='lat' dir='ltr'>monuit</span> <span class='ocrx_word' id='word_1_223' title='bbox 871 2483 1024 2521; x_wconf 82' lang='lat' dir='ltr'>Rennel.</span> <span class='ocrx_word' id='word_1_224' title='bbox 1043 2498 1079 2533; x_wconf 93' lang='lat' dir='ltr'>p.</span> 
     </span>
     <span class='ocr_line' id='line_1_43' title="bbox 423 2538 1082 2586; baseline 0.003 -12"><span class='ocrx_word' id='word_1_225' title='bbox 423 2538 531 2586; x_wconf 84' lang='grc'>571,</span> <span class='ocrx_word' id='word_1_226' title='bbox 572 2539 752 2575; x_wconf 84' lang='lat' dir='ltr'>nonnullis</span> <span class='ocrx_word' id='word_1_227' title='bbox 782 2541 954 2577; x_wconf 83' lang='lat' dir='ltr'>distincta</span> <span class='ocrx_word' id='word_1_228' title='bbox 985 2541 1082 2577; x_wconf 77' lang='lat' dir='ltr'>oasi-</span> 
     </span>
     <span class='ocr_line' id='line_1_44' title="bbox 422 2595 1081 2643; baseline 0.003 -12"><span class='ocrx_word' id='word_1_229' title='bbox 422 2596 502 2641; x_wconf 81' lang='lat' dir='ltr'>bus,</span> <span class='ocrx_word' id='word_1_230' title='bbox 525 2596 561 2632; x_wconf 87' lang='lat' dir='ltr'>in</span> <span class='ocrx_word' id='word_1_231' title='bbox 581 2595 711 2643; x_wconf 87' lang='lat' dir='ltr'>quibus</span> <span class='ocrx_word' id='word_1_232' title='bbox 733 2597 910 2633; x_wconf 77' lang='lat' dir='ltr'>nomades</span> <span class='ocrx_word' id='word_1_233' title='bbox 923 2609 1003 2633; x_wconf 91' lang='lat' dir='ltr'>cum</span> <span class='ocrx_word' id='word_1_234' title='bbox 1023 2609 1081 2633; x_wconf 80' lang='lat' dir='ltr'>ar-</span> 
     </span>
     <span class='ocr_line' id='line_1_45' title="bbox 421 2652 1080 2690; baseline 0.002 -2"><span class='ocrx_word' id='word_1_235' title='bbox 421 2652 554 2688; x_wconf 85' lang='lat' dir='ltr'>mentis</span> <span class='ocrx_word' id='word_1_236' title='bbox 572 2656 772 2688; x_wconf 82' lang='lat' dir='ltr'>versentur.</span> <span class='ocrx_word' id='word_1_237' title='bbox 805 2652 900 2688; x_wconf 90' lang='lat' dir='ltr'>Add.</span> <span class='ocrx_word' id='word_1_238' title='bbox 922 2653 1080 2690; x_wconf 85' lang='lat' dir='ltr'>Heeren.</span> 
     </span>
     <span class='ocr_line' id='line_1_46' title="bbox 420 2707 1080 2760; baseline 0.003 -17"><span class='ocrx_word' id='word_1_239' title='bbox 420 2707 443 2744; x_wconf 92' lang='lat' dir='ltr'>l.</span> <span class='ocrx_word' id='word_1_240' title='bbox 463 2707 485 2743; x_wconf 93' lang='grc' dir='ltr'>Ι.</span> <span class='ocrx_word' id='word_1_241' title='bbox 527 2707 644 2745; x_wconf 90' lang='lat' dir='ltr'>Ideler</span> <span class='ocrx_word' id='word_1_242' title='bbox 667 2708 704 2744; x_wconf 89' lang='lat' dir='ltr'>in</span> <span class='ocrx_word' id='word_1_243' title='bbox 725 2708 890 2756; x_wconf 80' lang='lat' dir='ltr'>Fundgr.</span> <span class='ocrx_word' id='word_1_244' title='bbox 922 2709 971 2745; x_wconf 81' lang='lat' dir='ltr'>lv</span> <span class='ocrx_word' id='word_1_245' title='bbox 993 2722 1080 2760; x_wconf 80' lang='lat' dir='ltr'>pag.</span> 
     </span>
     <span class='ocr_line' id='line_1_47' title="bbox 422 2762 604 2812; baseline 0.005 -13"><span class='ocrx_word' id='word_1_246' title='bbox 422 2762 504 2803; x_wconf 79' lang='lat'>394</span> <span class='ocrx_word' id='word_1_247' title='bbox 527 2777 604 2812; x_wconf 87' lang='lat' dir='ltr'>seq.</span> 
     </span>
    </p>

    <p class='ocr_par' dir='ltr' id='par_1_15' title="bbox 422 2814 1076 2927">
     <span class='ocr_line' id='line_1_48' title="bbox 480 2814 1076 2871; baseline 0.003 -14"><span class='ocrx_word' id='word_1_248' title='bbox 480 2814 569 2865; x_wconf 78' lang='grc' dir='ltr'><em>οἲλὸς</em></span> <span class='ocrx_word' id='word_1_249' title='bbox 586 2818 665 2858; x_wconf 84' lang='grc' dir='ltr'><em>ἐστι</em></span> <span class='ocrx_word' id='word_1_250' title='bbox 685 2814 839 2871; x_wconf 78' lang='grc' dir='ltr'><em>τρύφεα</em></span> <span class='ocrx_word' id='word_1_251' title='bbox 859 2816 959 2857; x_wconf 66' lang='lat' dir='ltr'>nrm-2</span> <span class='ocrx_word' id='word_1_252' title='bbox 984 2816 1076 2870; x_wconf 77' lang='grc' dir='ltr'><em>χόν-</em></span> 
     </span>
     <span class='ocr_line' id='line_1_49' title="bbox 422 2871 1075 2927; baseline 0.002 -13"><span class='ocrx_word' id='word_1_253' title='bbox 422 2874 541 2926; x_wconf 80' lang='grc' dir='ltr'><em>δρους</em></span> <span class='ocrx_word' id='word_1_254' title='bbox 571 2871 765 2927; x_wconf 70' lang='grc' dir='ltr'><em>μεγάλους</em></span> <span class='ocrx_word' id='word_1_255' title='bbox 786 2875 829 2916; x_wconf 83' lang='grc' dir='ltr'>ἐν</span> <span class='ocrx_word' id='word_1_256' title='bbox 848 2877 1075 2925; x_wconf 80' lang='grc' dir='ltr'><em>κολωνοῖσι]</em></span> 
     </span>
    </p>
   </div>
   <div class='ocr_carea' id='block_1_14' title="bbox 1114 849 1797 2923">
    <p class='ocr_par' dir='ltr' id='par_1_16' title="bbox 1114 849 1796 2753">
     <span class='ocr_line' id='line_1_50' title="bbox 1114 849 1772 900; baseline -0.005 -11"><span class='ocrx_word' id='word_1_257' title='bbox 1114 852 1137 889; x_wconf 89' lang='lat' dir='ltr'>i.</span> <span class='ocrx_word' id='word_1_258' title='bbox 1160 865 1191 889; x_wconf 92' lang='lat' dir='ltr'>e.</span> <span class='ocrx_word' id='word_1_259' title='bbox 1213 851 1300 888; x_wconf 80' lang='lat' dir='ltr'>salis</span> <span class='ocrx_word' id='word_1_260' title='bbox 1310 849 1437 900; x_wconf 75' lang='lat' dir='ltr'>frusta</span> <span class='ocrx_word' id='word_1_261' title='bbox 1463 854 1543 888; x_wconf 74' lang='lat' dir='ltr'>sunt</span> <span class='ocrx_word' id='word_1_262' title='bbox 1570 851 1772 900; x_wconf 76' lang='lat' dir='ltr'>ingentibus</span> 
     </span>
     <span class='ocr_line' id='line_1_51' title="bbox 1115 907 1772 957; baseline -0.003 -12"><span class='ocrx_word' id='word_1_263' title='bbox 1115 911 1252 957; x_wconf 81' lang='lat' dir='ltr'>grumis</span> <span class='ocrx_word' id='word_1_264' title='bbox 1277 909 1314 944; x_wconf 77' lang='lat' dir='ltr'>in</span> <span class='ocrx_word' id='word_1_265' title='bbox 1336 907 1491 944; x_wconf 78' lang='lat' dir='ltr'>collibus.</span> <span class='ocrx_word' id='word_1_266' title='bbox 1529 908 1584 945; x_wconf 82' lang='lat' dir='ltr'>Ita</span> <span class='ocrx_word' id='word_1_267' title='bbox 1603 908 1772 956; x_wconf 78' lang='lat' dir='ltr'>Schwgh.</span> 
     </span>
     <span class='ocr_line' id='line_1_52' title="bbox 1115 963 1774 1015; baseline -0.003 -14"><span class='ocrx_word' id='word_1_268' title='bbox 1115 967 1325 1015; x_wconf 71' lang='lat' dir='ltr'>Stephanus</span> <span class='ocrx_word' id='word_1_269' title='bbox 1357 965 1393 1000; x_wconf 89' lang='lat' dir='ltr'>in</span> <span class='ocrx_word' id='word_1_270' title='bbox 1425 977 1489 1000; x_wconf 84' lang='lat' dir='ltr'>ora</span> <span class='ocrx_word' id='word_1_271' title='bbox 1510 964 1692 1001; x_wconf 87' lang='lat' dir='ltr'>Herodoti</span> <span class='ocrx_word' id='word_1_272' title='bbox 1719 963 1774 999; x_wconf 89' lang='lat' dir='ltr'>sui</span> 
     </span>
     <span class='ocr_line' id='line_1_53' title="bbox 1116 1019 1777 1071; baseline -0.005 -12"><span class='ocrx_word' id='word_1_273' title='bbox 1116 1023 1351 1071; x_wconf 76' lang='lat' dir='ltr'>appinxerat:</span> <span class='ocrx_word' id='word_1_274' title='bbox 1395 1019 1520 1069; x_wconf 77' lang='lat' dir='ltr'>frusta</span> <span class='ocrx_word' id='word_1_275' title='bbox 1550 1021 1638 1057; x_wconf 82' lang='lat' dir='ltr'>salis</span> <span class='ocrx_word' id='word_1_276' title='bbox 1665 1020 1777 1056; x_wconf 81' lang='lat' dir='ltr'>veluti</span> 
     </span>
     <span class='ocr_line' id='line_1_54' title="bbox 1116 1073 1776 1125; baseline -0.003 -12"><span class='ocrx_word' id='word_1_277' title='bbox 1116 1080 1238 1125; x_wconf 72' lang='lat' dir='ltr'>grunni</span> <span class='ocrx_word' id='word_1_278' title='bbox 1275 1079 1419 1124; x_wconf 78' lang='lat' dir='ltr'>magni,</span> <span class='ocrx_word' id='word_1_279' title='bbox 1457 1078 1509 1113; x_wconf 85' lang='lat' dir='ltr'>ita</span> <span class='ocrx_word' id='word_1_280' title='bbox 1537 1082 1576 1113; x_wconf 91' lang='lat' dir='ltr'>ut</span> <span class='ocrx_word' id='word_1_281' title='bbox 1604 1073 1702 1115; x_wconf 66' lang='grc' dir='ltr'><em>κατά</em></span> <span class='ocrx_word' id='word_1_282' title='bbox 1729 1076 1776 1112; x_wconf 77' lang='lat' dir='ltr'>si-</span> 
     </span>
     <span class='ocr_line' id='line_1_55' title="bbox 1117 1134 1775 1180; baseline -0.002 -10"><span class='ocrx_word' id='word_1_283' title='bbox 1117 1134 1329 1171; x_wconf 81' lang='lat' dir='ltr'>militudinis</span> <span class='ocrx_word' id='word_1_284' title='bbox 1347 1134 1586 1180; x_wconf 72' lang='lat' dir='ltr'>significatum</span> <span class='ocrx_word' id='word_1_285' title='bbox 1604 1136 1775 1178; x_wconf 84' lang='lat' dir='ltr'>assumat,</span> 
     </span>
     <span class='ocr_line' id='line_1_56' title="bbox 1118 1184 1777 1239; baseline -0.003 -13"><span class='ocrx_word' id='word_1_286' title='bbox 1118 1194 1157 1226; x_wconf 87' lang='lat' dir='ltr'>ut</span> <span class='ocrx_word' id='word_1_287' title='bbox 1180 1189 1225 1236; x_wconf 90' lang='grc' dir='ltr'>ΙΙ,</span> <span class='ocrx_word' id='word_1_288' title='bbox 1257 1191 1321 1228; x_wconf 90' lang='grc'>10.</span> <span class='ocrx_word' id='word_1_289' title='bbox 1352 1189 1414 1235; x_wconf 90' lang='lat' dir='ltr'>lv,</span> <span class='ocrx_word' id='word_1_290' title='bbox 1434 1191 1499 1228; x_wconf 79' lang='lat'>23.</span> <span class='ocrx_word' id='word_1_291' title='bbox 1532 1184 1707 1239; x_wconf 81' lang='grc' dir='ltr'>χόνδροι,</span> <span class='ocrx_word' id='word_1_292' title='bbox 1735 1192 1777 1224; x_wconf 91' lang='lat' dir='ltr'>ut</span> 
     </span>
     <span class='ocr_line' id='line_1_57' title="bbox 1119 1243 1779 1293; baseline -0.003 -11"><span class='ocrx_word' id='word_1_293' title='bbox 1119 1245 1191 1292; x_wconf 87' lang='lat' dir='ltr'>lv,</span> <span class='ocrx_word' id='word_1_294' title='bbox 1225 1243 1323 1290; x_wconf 87' lang='grc'>185,</span> <span class='ocrx_word' id='word_1_295' title='bbox 1353 1244 1400 1281; x_wconf 85' lang='lat' dir='ltr'>de</span> <span class='ocrx_word' id='word_1_296' title='bbox 1430 1246 1555 1293; x_wconf 83' lang='lat' dir='ltr'>quavis</span> <span class='ocrx_word' id='word_1_297' title='bbox 1585 1257 1705 1282; x_wconf 84' lang='lat' dir='ltr'>massa</span> <span class='ocrx_word' id='word_1_298' title='bbox 1723 1244 1779 1280; x_wconf 91' lang='lat' dir='ltr'>di-</span> 
     </span>
     <span class='ocr_line' id='line_1_58' title="bbox 1121 1302 1779 1349; baseline -0.003 -11"><span class='ocrx_word' id='word_1_299' title='bbox 1121 1305 1253 1339; x_wconf 89' lang='lat' dir='ltr'>cuntur</span> <span class='ocrx_word' id='word_1_300' title='bbox 1272 1302 1405 1349; x_wconf 76' lang='lat' dir='ltr'>exigua</span> <span class='ocrx_word' id='word_1_301' title='bbox 1423 1313 1465 1338; x_wconf 86' lang='lat' dir='ltr'>ac</span> <span class='ocrx_word' id='word_1_302' title='bbox 1486 1302 1657 1347; x_wconf 85' lang='lat' dir='ltr'>rotunda,</span> <span class='ocrx_word' id='word_1_303' title='bbox 1689 1312 1779 1348; x_wconf 82' lang='lat' dir='ltr'>gra-</span> 
     </span>
     <span class='ocr_line' id='line_1_59' title="bbox 1121 1356 1779 1407; baseline -0.003 -12"><span class='ocrx_word' id='word_1_304' title='bbox 1121 1371 1227 1403; x_wconf 68' lang='lat' dir='ltr'>num,</span> <span class='ocrx_word' id='word_1_305' title='bbox 1265 1370 1434 1405; x_wconf 43' lang='lat' dir='ltr'>grumum</span> <span class='ocrx_word' id='word_1_306' title='bbox 1475 1359 1569 1394; x_wconf 87' lang='lat' dir='ltr'>conf.</span> <span class='ocrx_word' id='word_1_307' title='bbox 1595 1356 1779 1407; x_wconf 73' lang='lat' dir='ltr'>Aristoph.</span> 
     </span>
     <span class='ocr_line' id='line_1_60' title="bbox 1123 1413 1781 1463; baseline -0.003 -12"><span class='ocrx_word' id='word_1_308' title='bbox 1123 1414 1280 1451; x_wconf 82' lang='lat' dir='ltr'>Acharn.</span> <span class='ocrx_word' id='word_1_309' title='bbox 1303 1415 1381 1455; x_wconf 73' lang='lat'>541</span> <span class='ocrx_word' id='word_1_310' title='bbox 1402 1414 1504 1461; x_wconf 87' lang='grc'>(486</span> <span class='ocrx_word' id='word_1_311' title='bbox 1524 1413 1674 1463; x_wconf 58' lang='lat' dir='ltr'>Both),</span> <span class='ocrx_word' id='word_1_312' title='bbox 1717 1413 1781 1449; x_wconf 86' lang='lat' dir='ltr'>ubi</span> 
     </span>
     <span class='ocr_line' id='line_1_61' title="bbox 1123 1466 1781 1522; baseline -0.005 -13"><span class='ocrx_word' id='word_1_313' title='bbox 1123 1466 1291 1522; x_wconf 79' lang='grc' dir='ltr'><em>χόνδρου</em></span> <span class='ocrx_word' id='word_1_314' title='bbox 1342 1466 1443 1516; x_wconf 73' lang='grc' dir='ltr'><strong>ἁλός.</strong></span> <span class='ocrx_word' id='word_1_315' title='bbox 1501 1470 1781 1507; x_wconf 84' lang='lat' dir='ltr'>Accuratissime</span> 
     </span>
     <span class='ocr_line' id='line_1_62' title="bbox 1124 1525 1783 1575; baseline -0.003 -11"><span class='ocrx_word' id='word_1_316' title='bbox 1124 1532 1245 1566; x_wconf 83' lang='lat' dir='ltr'>autem</span> <span class='ocrx_word' id='word_1_317' title='bbox 1267 1540 1309 1563; x_wconf 83' lang='lat' dir='ltr'>ea</span> <span class='ocrx_word' id='word_1_318' title='bbox 1323 1556 1333 1573; x_wconf 85' lang='lat'>‚</span> <span class='ocrx_word' id='word_1_319' title='bbox 1364 1540 1459 1575; x_wconf 88' lang='lat' dir='ltr'>quae</span> <span class='ocrx_word' id='word_1_320' title='bbox 1478 1527 1547 1563; x_wconf 91' lang='lat' dir='ltr'>hoc</span> <span class='ocrx_word' id='word_1_321' title='bbox 1567 1526 1646 1564; x_wconf 91' lang='lat' dir='ltr'>loco</span> <span class='ocrx_word' id='word_1_322' title='bbox 1668 1525 1783 1563; x_wconf 86' lang='lat' dir='ltr'>tradi-</span> 
     </span>
     <span class='ocr_line' id='line_1_63' title="bbox 1124 1583 1783 1628; baseline -0.003 -7"><span class='ocrx_word' id='word_1_323' title='bbox 1124 1585 1177 1621; x_wconf 88' lang='lat' dir='ltr'>dit</span> <span class='ocrx_word' id='word_1_324' title='bbox 1198 1583 1431 1628; x_wconf 80' lang='lat' dir='ltr'>Herodotus,</span> <span class='ocrx_word' id='word_1_325' title='bbox 1469 1595 1547 1619; x_wconf 90' lang='lat' dir='ltr'>cum</span> <span class='ocrx_word' id='word_1_326' title='bbox 1581 1584 1624 1619; x_wconf 81' lang='lat' dir='ltr'>iis</span> <span class='ocrx_word' id='word_1_327' title='bbox 1651 1595 1783 1619; x_wconf 86' lang='lat' dir='ltr'>conve-</span> 
     </span>
     <span class='ocr_line' id='line_1_64' title="bbox 1123 1640 1783 1687; baseline -0.005 -10"><span class='ocrx_word' id='word_1_328' title='bbox 1123 1641 1247 1685; x_wconf 88' lang='lat' dir='ltr'>niunt,</span> <span class='ocrx_word' id='word_1_329' title='bbox 1296 1652 1390 1687; x_wconf 87' lang='lat' dir='ltr'>quae</span> <span class='ocrx_word' id='word_1_330' title='bbox 1428 1640 1622 1676; x_wconf 85' lang='lat' dir='ltr'>recentiori</span> <span class='ocrx_word' id='word_1_331' title='bbox 1661 1642 1783 1676; x_wconf 75' lang='lat' dir='ltr'>aetate</span> 
     </span>
     <span class='ocr_line' id='line_1_65' title="bbox 1124 1695 1785 1743; baseline -0.005 -10"><span class='ocrx_word' id='word_1_332' title='bbox 1124 1697 1252 1733; x_wconf 84' lang='lat' dir='ltr'>iisdem</span> <span class='ocrx_word' id='word_1_333' title='bbox 1300 1695 1337 1732; x_wconf 89' lang='lat' dir='ltr'>in</span> <span class='ocrx_word' id='word_1_334' title='bbox 1384 1696 1594 1743; x_wconf 81' lang='lat' dir='ltr'>regionibus</span> <span class='ocrx_word' id='word_1_335' title='bbox 1646 1695 1785 1732; x_wconf 88' lang='lat' dir='ltr'>invenit</span> 
     </span>
     <span class='ocr_line' id='line_1_66' title="bbox 1125 1751 1785 1797; baseline -0.005 -8"><span class='ocrx_word' id='word_1_336' title='bbox 1125 1753 1401 1797; x_wconf 72' lang='lat' dir='ltr'>H‹)rnemann.‚</span> <span class='ocrx_word' id='word_1_337' title='bbox 1443 1752 1489 1788; x_wconf 88' lang='lat' dir='ltr'>de</span> <span class='ocrx_word' id='word_1_338' title='bbox 1524 1752 1625 1788; x_wconf 86' lang='lat' dir='ltr'>cuius</span> <span class='ocrx_word' id='word_1_339' title='bbox 1655 1751 1785 1795; x_wconf 79' lang='lat' dir='ltr'>diario,</span> 
     </span>
     <span class='ocr_line' id='line_1_67' title="bbox 1129 1806 1785 1856; baseline -0.005 -11"><span class='ocrx_word' id='word_1_340' title='bbox 1129 1808 1196 1846; x_wconf 84' lang='lat' dir='ltr'>Cr.</span> <span class='ocrx_word' id='word_1_341' title='bbox 1221 1812 1395 1854; x_wconf 83' lang='lat' dir='ltr'>notante,</span> <span class='ocrx_word' id='word_1_342' title='bbox 1423 1808 1495 1843; x_wconf 83' lang='lat' dir='ltr'>vid.</span> <span class='ocrx_word' id='word_1_343' title='bbox 1517 1808 1683 1856; x_wconf 68' lang='lat' dir='ltr'>Gotting.</span> <span class='ocrx_word' id='word_1_344' title='bbox 1703 1806 1785 1844; x_wconf 88' lang='lat' dir='ltr'>Gel.</span> 
     </span>
     <span class='ocr_line' id='line_1_68' title="bbox 1126 1862 1787 1914; baseline 0.002 -12"><span class='ocrx_word' id='word_1_345' title='bbox 1126 1866 1218 1902; x_wconf 78' lang='lat' dir='ltr'>Anz.</span> <span class='ocrx_word' id='word_1_346' title='bbox 1244 1865 1352 1904; x_wconf 75' lang='grc'><strong>1802</strong></span> <span class='ocrx_word' id='word_1_347' title='bbox 1371 1877 1424 1900; x_wconf 84' lang='lat' dir='ltr'>nr.</span> <span class='ocrx_word' id='word_1_348' title='bbox 1449 1862 1527 1903; x_wconf 80' lang='lat'>146</span> <span class='ocrx_word' id='word_1_349' title='bbox 1549 1878 1585 1914; x_wconf 84' lang='lat' dir='ltr'>p.</span> <span class='ocrx_word' id='word_1_350' title='bbox 1610 1863 1787 1912; x_wconf 74' lang='lat' dir='ltr'>14518q·</span> 
     </span>
     <span class='ocr_line' id='line_1_69' title="bbox 1127 1919 1786 1970; baseline -0.003 -12"><span class='ocrx_word' id='word_1_351' title='bbox 1127 1921 1224 1958; x_wconf 84' lang='lat' dir='ltr'>Add.</span> <span class='ocrx_word' id='word_1_352' title='bbox 1247 1921 1307 1968; x_wconf 84' lang='lat' dir='ltr'>qui</span> <span class='ocrx_word' id='word_1_353' title='bbox 1328 1921 1533 1970; x_wconf 81' lang='lat' dir='ltr'>nuperrime</span> <span class='ocrx_word' id='word_1_354' title='bbox 1553 1921 1680 1957; x_wconf 89' lang='lat' dir='ltr'>dehoc</span> <span class='ocrx_word' id='word_1_355' title='bbox 1696 1919 1786 1966; x_wconf 84' lang='lat' dir='ltr'>sale,</span> 
     </span>
     <span class='ocr_line' id='line_1_70' title="bbox 1128 1976 1787 2027; baseline -0.002 -14"><span class='ocrx_word' id='word_1_356' title='bbox 1128 1990 1200 2026; x_wconf 85' lang='lat' dir='ltr'>quo</span> <span class='ocrx_word' id='word_1_357' title='bbox 1232 1977 1377 2013; x_wconf 80' lang='lat' dir='ltr'>deserta</span> <span class='ocrx_word' id='word_1_358' title='bbox 1411 1989 1529 2027; x_wconf 83' lang='lat' dir='ltr'>prope</span> <span class='ocrx_word' id='word_1_359' title='bbox 1557 1976 1787 2013; x_wconf 81' lang='lat' dir='ltr'>Ammonium</span> 
     </span>
     <span class='ocr_line' id='line_1_71' title="bbox 1129 2032 1789 2079; baseline -0.006 -8"><span class='ocrx_word' id='word_1_360' title='bbox 1129 2038 1212 2071; x_wconf 85' lang='lat' dir='ltr'>sunt</span> <span class='ocrx_word' id='word_1_361' title='bbox 1233 2033 1398 2079; x_wconf 84' lang='lat' dir='ltr'>obtecta,</span> <span class='ocrx_word' id='word_1_362' title='bbox 1436 2032 1558 2069; x_wconf 71' lang='lat' dir='ltr'>retulit</span> <span class='ocrx_word' id='word_1_363' title='bbox 1586 2033 1643 2070; x_wconf 87' lang='lat' dir='ltr'>De</span> <span class='ocrx_word' id='word_1_364' title='bbox 1665 2032 1789 2069; x_wconf 85' lang='lat' dir='ltr'>Minu-</span> 
     </span>
     <span class='ocr_line' id='line_1_72' title="bbox 1130 2088 1789 2139; baseline -0.005 -13"><span class='ocrx_word' id='word_1_365' title='bbox 1130 2090 1195 2126; x_wconf 84' lang='lat' dir='ltr'>toli</span> <span class='ocrx_word' id='word_1_366' title='bbox 1221 2088 1243 2125; x_wconf 91' lang='grc' dir='ltr'>Ι.</span> <span class='ocrx_word' id='word_1_367' title='bbox 1266 2088 1288 2125; x_wconf 94' lang='grc' dir='ltr'>Ι.</span> <span class='ocrx_word' id='word_1_368' title='bbox 1317 2102 1404 2139; x_wconf 79' lang='lat' dir='ltr'>pag.</span> <span class='ocrx_word' id='word_1_369' title='bbox 1435 2092 1514 2129; x_wconf 85' lang='lat'>174</span> <span class='ocrx_word' id='word_1_370' title='bbox 1547 2089 1626 2126; x_wconf 83' lang='lat' dir='ltr'>coll.</span> <span class='ocrx_word' id='word_1_371' title='bbox 1657 2088 1789 2125; x_wconf 88' lang='lat' dir='ltr'>Ritter.</span> 
     </span>
     <span class='ocr_line' id='line_1_73' title="bbox 1131 2145 1791 2195; baseline -0.003 -12"><span class='ocrx_word' id='word_1_372' title='bbox 1131 2146 1249 2183; x_wconf 85' lang='lat' dir='ltr'>Erdk.</span> <span class='ocrx_word' id='word_1_373' title='bbox 1271 2145 1284 2181; x_wconf 95' lang='lat' dir='ltr'>I</span> <span class='ocrx_word' id='word_1_374' title='bbox 1306 2158 1390 2195; x_wconf 81' lang='lat' dir='ltr'>pag.</span> <span class='ocrx_word' id='word_1_375' title='bbox 1412 2147 1514 2191; x_wconf 83' lang='grc'>981,</span> <span class='ocrx_word' id='word_1_376' title='bbox 1556 2146 1791 2193; x_wconf 81' lang='lat' dir='ltr'>exhibuitque</span> 
     </span>
     <span class='ocr_line' id='line_1_74' title="bbox 1133 2202 1790 2251; baseline -0.005 -11"><span class='ocrx_word' id='word_1_377' title='bbox 1133 2203 1242 2240; x_wconf 82' lang='lat' dir='ltr'>etiam</span> <span class='ocrx_word' id='word_1_378' title='bbox 1264 2214 1348 2251; x_wconf 80' lang='lat' dir='ltr'>pag.</span> <span class='ocrx_word' id='word_1_379' title='bbox 1374 2204 1451 2243; x_wconf 79' lang='lat'>179</span> <span class='ocrx_word' id='word_1_380' title='bbox 1469 2215 1574 2251; x_wconf 82' lang='lat' dir='ltr'>seqq.</span> <span class='ocrx_word' id='word_1_381' title='bbox 1594 2202 1790 2238; x_wconf 85' lang='lat' dir='ltr'>chemicam</span> 
     </span>
     <span class='ocr_line' id='line_1_75' title="bbox 1134 2257 1789 2306; baseline -0.006 -10"><span class='ocrx_word' id='word_1_382' title='bbox 1134 2259 1237 2296; x_wconf 84' lang='lat' dir='ltr'>huius</span> <span class='ocrx_word' id='word_1_383' title='bbox 1260 2258 1344 2294; x_wconf 80' lang='lat' dir='ltr'>salis</span> <span class='ocrx_word' id='word_1_384' title='bbox 1366 2258 1529 2306; x_wconf 66' lang='lat' dir='ltr'>analysin</span> <span class='ocrx_word' id='word_1_385' title='bbox 1549 2271 1570 2295; x_wconf 83' lang='lat' dir='ltr'>a</span> <span class='ocrx_word' id='word_1_386' title='bbox 1589 2258 1716 2294; x_wconf 91' lang='lat' dir='ltr'>Iohnio</span> <span class='ocrx_word' id='word_1_387' title='bbox 1735 2257 1789 2292; x_wconf 86' lang='lat' dir='ltr'>in-</span> 
     </span>
     <span class='ocr_line' id='line_1_76' title="bbox 1135 2314 1790 2357; baseline -0.003 -7"><span class='ocrx_word' id='word_1_388' title='bbox 1135 2316 1311 2351; x_wconf 79' lang='lat' dir='ltr'>stitutam.</span> <span class='ocrx_word' id='word_1_389' title='bbox 1371 2315 1470 2357; x_wconf 86' lang='lat' dir='ltr'>Quin</span> <span class='ocrx_word' id='word_1_390' title='bbox 1495 2314 1579 2351; x_wconf 87' lang='lat' dir='ltr'>olim</span> <span class='ocrx_word' id='word_1_391' title='bbox 1610 2315 1681 2350; x_wconf 84' lang='lat' dir='ltr'>iam</span> <span class='ocrx_word' id='word_1_392' title='bbox 1712 2324 1790 2349; x_wconf 89' lang='lat' dir='ltr'>ma-</span> 
     </span>
     <span class='ocr_line' id='line_1_77' title="bbox 1137 2369 1792 2420; baseline -0.005 -13"><span class='ocrx_word' id='word_1_393' title='bbox 1137 2384 1247 2419; x_wconf 78' lang='lat' dir='ltr'>guam</span> <span class='ocrx_word' id='word_1_394' title='bbox 1275 2372 1350 2407; x_wconf 85' lang='lat' dir='ltr'>cius</span> <span class='ocrx_word' id='word_1_395' title='bbox 1378 2372 1519 2420; x_wconf 78' lang='lat' dir='ltr'>copiam</span> <span class='ocrx_word' id='word_1_396' title='bbox 1551 2371 1716 2417; x_wconf 85' lang='lat' dir='ltr'>adeoque</span> <span class='ocrx_word' id='word_1_397' title='bbox 1737 2369 1792 2404; x_wconf 81' lang='lat' dir='ltr'>sa-</span> 
     </span>
     <span class='ocr_line' id='line_1_78' title="bbox 1138 2426 1793 2470; baseline -0.009 -5"><span class='ocrx_word' id='word_1_398' title='bbox 1138 2441 1232 2465; x_wconf 78' lang='lat' dir='ltr'>mam</span> <span class='ocrx_word' id='word_1_399' title='bbox 1251 2428 1362 2464; x_wconf 79' lang='lat' dir='ltr'>fuisse</span> <span class='ocrx_word' id='word_1_400' title='bbox 1381 2427 1468 2463; x_wconf 89' lang='lat' dir='ltr'>illud</span> <span class='ocrx_word' id='word_1_401' title='bbox 1489 2431 1543 2463; x_wconf 67' lang='lat' dir='ltr'>est</span> <span class='ocrx_word' id='word_1_402' title='bbox 1559 2426 1793 2470; x_wconf 86' lang='lat' dir='ltr'>documento,</span> 
     </span>
     <span class='ocr_line' id='line_1_79' title="bbox 1137 2480 1793 2533; baseline -0.003 -14"><span class='ocrx_word' id='word_1_403' title='bbox 1137 2485 1238 2533; x_wconf 77' lang='lat' dir='ltr'>quod</span> <span class='ocrx_word' id='word_1_404' title='bbox 1275 2484 1342 2520; x_wconf 92' lang='lat' dir='ltr'>hoc</span> <span class='ocrx_word' id='word_1_405' title='bbox 1379 2496 1450 2519; x_wconf 91' lang='lat' dir='ltr'>uno</span> <span class='ocrx_word' id='word_1_406' title='bbox 1482 2482 1672 2518; x_wconf 86' lang='lat' dir='ltr'>Ammonio</span> <span class='ocrx_word' id='word_1_407' title='bbox 1718 2480 1793 2518; x_wconf 86' lang='lat' dir='ltr'>sale</span> 
     </span>
     <span class='ocr_line' id='line_1_80' title="bbox 1138 2538 1795 2587; baseline -0.005 -10"><span class='ocrx_word' id='word_1_408' title='bbox 1138 2553 1200 2577; x_wconf 86' lang='lat' dir='ltr'>rex</span> <span class='ocrx_word' id='word_1_409' title='bbox 1223 2540 1422 2585; x_wconf 77' lang='lat' dir='ltr'>Persarum,</span> <span class='ocrx_word' id='word_1_410' title='bbox 1451 2538 1506 2575; x_wconf 90' lang='lat' dir='ltr'>cui</span> <span class='ocrx_word' id='word_1_411' title='bbox 1529 2539 1664 2587; x_wconf 81' lang='lat' dir='ltr'>optima</span> <span class='ocrx_word' id='word_1_412' title='bbox 1681 2549 1795 2587; x_wconf 86' lang='lat' dir='ltr'>quae-</span> 
     </span>
     <span class='ocr_line' id='line_1_81' title="bbox 1137 2592 1796 2645; baseline -0.002 -14"><span class='ocrx_word' id='word_1_413' title='bbox 1137 2609 1208 2645; x_wconf 86' lang='lat' dir='ltr'>que</span> <span class='ocrx_word' id='word_1_414' title='bbox 1227 2609 1270 2633; x_wconf 81' lang='lat' dir='ltr'>ex</span> <span class='ocrx_word' id='word_1_415' title='bbox 1289 2596 1384 2631; x_wconf 91' lang='lat' dir='ltr'>omni</span> <span class='ocrx_word' id='word_1_416' title='bbox 1403 2600 1580 2631; x_wconf 80' lang='lat' dir='ltr'>terrarum</span> <span class='ocrx_word' id='word_1_417' title='bbox 1599 2594 1686 2631; x_wconf 91' lang='lat' dir='ltr'>orbe</span> <span class='ocrx_word' id='word_1_418' title='bbox 1704 2592 1796 2631; x_wconf 78' lang='lat' dir='ltr'>affe-</span> 
     </span>
     <span class='ocr_line' id='line_1_82' title="bbox 1137 2650 1792 2697; baseline -0.008 -7"><span class='ocrx_word' id='word_1_419' title='bbox 1137 2653 1332 2697; x_wconf 83' lang='lat' dir='ltr'>rebantur,</span> <span class='ocrx_word' id='word_1_420' title='bbox 1387 2664 1470 2686; x_wconf 81' lang='lat' dir='ltr'>usus</span> <span class='ocrx_word' id='word_1_421' title='bbox 1526 2664 1608 2688; x_wconf 83' lang='lat' dir='ltr'>esse</span> <span class='ocrx_word' id='word_1_422' title='bbox 1652 2650 1792 2687; x_wconf 84' lang='lat' dir='ltr'>dicitur.</span> 
     </span>
     <span class='ocr_line' id='line_1_83' title="bbox 1139 2705 1506 2753; baseline -0.008 -8"><span class='ocrx_word' id='word_1_423' title='bbox 1139 2709 1197 2745; x_wconf 90' lang='lat' dir='ltr'>Cf.</span> <span class='ocrx_word' id='word_1_424' title='bbox 1221 2708 1350 2744; x_wconf 87' lang='lat' dir='ltr'>Athen.</span> <span class='ocrx_word' id='word_1_425' title='bbox 1374 2707 1418 2753; x_wconf 87' lang='grc' dir='ltr'>ΙΙ,</span> <span class='ocrx_word' id='word_1_426' title='bbox 1442 2705 1506 2746; x_wconf 73' lang='grc'>74.</span> 
     </span>
    </p>

    <p class='ocr_par' dir='ltr' id='par_1_17' title="bbox 1139 2759 1797 2923">
     <span class='ocr_line' id='line_1_84' title="bbox 1194 2759 1797 2812; baseline -0.005 -11"><span class='ocrx_word' id='word_1_427' title='bbox 1194 2759 1439 2809; x_wconf 65' lang='grc' dir='ltr'><em>εἶνακοντίζει</em></span> <span class='ocrx_word' id='word_1_428' title='bbox 1481 2762 1524 2802; x_wconf 79' lang='grc' dir='ltr'>ἐκ</span> <span class='ocrx_word' id='word_1_429' title='bbox 1561 2760 1681 2812; x_wconf 80' lang='grc' dir='ltr'><em>μέσου</em></span> <span class='ocrx_word' id='word_1_430' title='bbox 1723 2761 1797 2800; x_wconf 82' lang='grc' dir='ltr'>τοῦ</span> 
     </span>
     <span class='ocr_line' id='line_1_85' title="bbox 1139 2816 1796 2868; baseline -0.009 -10"><span class='ocrx_word' id='word_1_431' title='bbox 1139 2816 1247 2868; x_wconf 72' lang='grc' dir='ltr'>σῖλός]</span> <span class='ocrx_word' id='word_1_432' title='bbox 1265 2816 1536 2866; x_wconf 74' lang='grc' dir='ltr'><em>(ἶνακοντίζειν</em></span> <span class='ocrx_word' id='word_1_433' title='bbox 1549 2821 1595 2857; x_wconf 86' lang='lat' dir='ltr'>de</span> <span class='ocrx_word' id='word_1_434' title='bbox 1607 2830 1796 2867; x_wconf 81' lang='lat' dir='ltr'>aquapro-</span> 
     </span>
     <span class='ocr_line' id='line_1_86' title="bbox 1143 2874 1797 2923; baseline -0.005 -11"><span class='ocrx_word' id='word_1_435' title='bbox 1143 2877 1281 2913; x_wconf 72' lang='lat' dir='ltr'>silieute</span> <span class='ocrx_word' id='word_1_436' title='bbox 1301 2877 1449 2923; x_wconf 83' lang='lat' dir='ltr'>dicitur,</span> <span class='ocrx_word' id='word_1_437' title='bbox 1488 2882 1529 2913; x_wconf 91' lang='lat' dir='ltr'>ut</span> <span class='ocrx_word' id='word_1_438' title='bbox 1548 2877 1583 2913; x_wconf 88' lang='lat' dir='ltr'>in</span> <span class='ocrx_word' id='word_1_439' title='bbox 1604 2874 1797 2913; x_wconf 80' lang='lat' dir='ltr'>Callistrat.</span> 
     </span>
    </p>
   </div>
   <div class='ocr_carea' id='block_1_15' title="bbox 1778 708 1855 748">
    <p class='ocr_par' dir='ltr' id='par_1_18' title="bbox 1778 698 1904 766">
     <span class='ocr_line' id='line_1_87' title="bbox 1778 708 1855 748; baseline 0 -1"><span class='ocrx_word' id='word_1_440' title='bbox 1778 708 1855 748; x_wconf 82' lang='lat'>361</span> 
     </span>
    </p>
   </div>
  </div>
 </body>
</html>
