1904 3304
390 279 476 319 522

787 274 1257 316 HERODOTI

387 387 618 436 λασθέντες
646 384 731 427 ὑπὸ
765 388 998 440 Πελασγῶν
1023 388 1110 427 τῶν
1138 385 1185 428 ἐκ
1205 390 1472 441 Βραυρῶνος
1501 392 1648 444 ληϊσα·

388 455 530 512 μένων
559 455 634 506 τὰς
659 453 904 511 Ἀθηναίων
931 460 1161 511 γυναῖκας,
1198 455 1287 501 ὑπὸ
1318 457 1486 502 τούτων
1514 460 1648 510 ἐξελα-

327 599 425 646 potes
450 595 761 642 Argonautarum,
801 605 830 630 5.
860 606 989 641 eorum,

332 654 394 702 qui
411 653 497 687 navi
513 651 611 698 Argo
630 651 719 685 vecti
742 654 856 687 erant.
914 651 990 688 Ubi

332 708 369 744 in
388 708 507 744 verbis
532 705 575 745 ἐκ
595 708 666 756 τῆς
686 701 848 757 Ἀργοῦς
868 719 911 744 ea
927 720 991 744 va-

331 764 380 802 let
405 763 687 814 praepositionis
722 763 840 810 ratio,
879 776 988 812 quam

331 821 367 856 in
389 824 481 857 nott.
504 820 550 856 ad
564 818 743 855 Plutarch.
759 819 884 868 Pyrrh.
907 832 988 870 cap.

334 879 381 916 11
413 888 498 926 pag.
523 877 602 916 169
631 875 829 922 attigimus.
887 874 987 913 Add.

331 933 491 981 Kriiger.
525 932 573 969 ad
602 931 772 981 Xenoph.
804 931 921 969 Anab.
957 933 987 979 1,

330 992 370 1035 2,
388 991 425 1028 3.
466 988 577 1038 Apud
597 988 926 1036 Schweighaeuser.
950 989 987 1025 in

329 1044 421 1083 Lex.
449 1045 592 1082 Herod.
623 1057 652 1081 s.
679 1057 712 1080 v.
738 1041 930 1095 ἐπιβάτης
950 1059 987 1095 p.

330 1100 440 1143 250
432 1102 662 1148 1nvenio:„
676 1099 716 1139 οἵ
739 1103 810 1151 τῆς
827 1097 990 1152 Ἀογοῦς

329 1153 515 1208 ἐπιβαται
540 1159 611 1205 Arg
604 1161 789 1201 vastatam
801 1159 825 1177 “
871 1158 989 1195 minus

329 1219 507 1252 accurate;
544 1214 835 1251 Valckenacrio'
827 1227 864 1250 m
884 1226 988 1251 men-

329 1274 405 1307 tem
430 1274 582 1308 venerat
611 1268 653 1308 ἒκ
684 1272 781 1308 τῶν
810 1272 882 1320 τῆς
905 1265 990 1321 Ἀρ-

328 1328 425 1378 γοῦς
443 1324 682 1377 ἐπιβατέων;
713 1340 785 1375 quo
806 1328 863 1364 vix
882 1340 987 1377 opus.

328 1385 425 1420 Sunt
461 1390 604 1428 autem,
653 1387 826 1420 monente
863 1384 905 1420 C.
941 1383 988 1420 O.

328 1438 485 1477 Miillero
514 1439 762 1487 (Orchomen.
796 1453 833 1489 p.
863 1441 988 1487 307),

328 1496 417 1533 haec
432 1497 544 1534 verba
564 1508 673 1533 sensu
694 1495 814 1533 latiori
832 1508 899 1533 nec
921 1496 988 1533 de-

329 1552 433 1589 finito
456 1553 680 1604 accipienda.
701 1574 758 1581 ——
796 1552 886 1589 Mox
908 1565 987 1589 cum

328 1613 482 1647 recentt.
541 1608 666 1659 scripsi
712 1607 988 1656 ἐξελασθέντες

328 1678 396 1716 pro
437 1663 708 1713 ἐξελαθέντες,
748 1670 790 1702 ut
822 1666 861 1711 1,
895 1667 986 1705 168.

331 1723 426 1762 173.
457 1723 520 1769 ΙΙΙ,
541 1721 606 1761 46.
624 1722 697 1769 51,
725 1723 885 1770 itemque
906 1717 987 1760 ὑπό

328 1774 481 1817 τούτων
504 1792 570 1829 pro
597 1775 677 1816 ὑπὸ
705 1777 900 1826 τουτέωυ,·
940 1778 988 1815 de

328 1835 441 1885 ipsius
460 1835 683 1886 pronominis
703 1848 770 1872 usu
789 1836 881 1872 conf.
894 1839 987 1871 nott.

329 1891 378 1929 ad
403 1891 464 1938 lv,
487 1894 578 1931 122.

385 1944 465 1986 ’ὑπὸ
482 1949 697 1998 Πελασγῶν
709 1949 791 1985 ταῖν
807 1945 848 1985 ἔκ
858 1949 985 1997 Βραυ-

330 2005 460 2055 ρῶνος
490 2002 742 2054 ληϊσαμένων
770 1999 841 2049 τεὶς
866 1998 986 2053 Ἀθη-

329 2060 455 2099 ναίων
479 2059 687 2112 γυναῖκας]
727 2059 896 2096 Banu-<m
920 2060 986 2096 At-

329 2117 421 2154 ticae
440 2124 497 2154 est
514 2118 687 2168 oppidum
705 2130 777 2153 non
797 2118 921 2167 procul
938 2117 984 2153 ab

328 2173 505 2221 Hymetto
541 2187 642 2211 mare
688 2186 814 2209 versus
855 2173 986 2219 situm3

330 2230 391 2266 ubi
413 2243 521 2277 nunc,
551 2235 674 2267 vetere
695 2231 831 2279 oppido
849 2229 987 2266 dudum

330 2286 476 2335 deleto,
534 2286 824 2332 Palucobraona,
879 2286 987 2335 [mulo

329 2343 447 2390 magis
474 2343 697 2379 occidentem
729 2355 771 2379 ac
799 2342 986 2379 meridiem

329 2410 464 2434 versus.
516 2399 590 2441 Qui
611 2399 708 2435 locus
729 2398 812 2434 olim
834 2399 986 2446 insignis

329 2455 425 2490 sesto
464 2454 604 2492 Dianae
644 2454 845 2499 Tauricae,
892 2467 987 2502 quae

329 2511 415 2547 inde
446 2511 554 2547 etiam
582 2511 825 2547 Brauronicae
853 2523 986 2548 nomen

330 2571 540 2616 acceperat,
589 2567 761 2615 cuiusque
811 2568 987 2616 templum

329 2623 492 2659 nonnihil
513 2628 690 2660 remotum
719 2623 764 2658 ab
794 2624 882 2659 urbc
904 2636 988 2672 pro-

329 2680 409 2729 pius
443 2679 561 2729 ipsum
599 2692 698 2716 mare
734 2681 840 2715 situm
875 2680 986 2717 fuisse

330 2736 551 2784 perhibetur.
614 2736 685 2772 Hic
719 2735 812 2772 enim
843 2735 987 2784 iphige-

330 2792 426 2828 niam
447 2805 466 2828 c
486 2791 642 2828 Taurica
661 2798 755 2828 terra
773 2792 986 2828 redeuntem

330 2848 513 2897 appulisse
532 2849 698 2885 serebant
716 2848 785 2884 unii
801 2861 879 2884 curn
897 2848 987 2885 Dia-

330 2916 399 2941 nae
419 2909 538 2942 statua
559 2905 717 2955 indeque
740 2905 901 2942 Athenas
920 2917 986 2956 pe-

1044 595 1158 633 tiisse.
1198 596 1308 633 Plura
1327 596 1447 634 Kruse
1465 597 1590 634 Hellas
1614 596 1658 644 ll,
1679 599 1700 637 1

1044 665 1130 702 pag.
1159 654 1240 693 258
1275 665 1354 701 seq.
1413 652 1528 703 [‚‚l)e
1564 654 1703 690 Dianae

1046 708 1225 746 Tauricae
1248 709 1484 757 religionibus
1501 722 1614 759 nnpcr
1637 722 1701 747 ex-

1044 769 1244 815 posuerunt
1276 765 1335 802 De
1372 765 1623 814 Stackelberg.
1665 766 1701 801 in

1045 833 1178 871 opere:
1235 821 1313 859 Der
1343 820 1612 871 Apollotempel
1655 835 1701 858 zu

1044 877 1183 914 Bassae
1202 890 1239 927 p.
1265 877 1343 918 135
1365 890 1466 926 seqq.
1485 883 1523 914 et
1536 878 1703 915 Broend-

1043 934 1125 970 sted
1144 935 1179 970 in
1188 934 1324 970 Reisen
1344 935 1416 970 und
1432 934 1704 971 Untersuchun-

1045 1002 1116 1039 gen
1149 990 1185 1026 in
1217 990 1497 1028 Griechenland.
1550 989 1630 1025 Vol.
1668 989 1702 1026 11

1044 1059 1128 1097 pag.
1148 1046 1228 1086 265
1244 1068 1300 1073 —-
1317 1048 1439 1086 269.“
1469 1044 1549 1095 Cn]
1582 1046 1703 1095 Atque

1045 1116 1112 1153 per
1144 1103 1248 1139 huius
1276 1104 1358 1139 sesti
1389 1103 1702 1152 opportunitatem

1045 1159 1202 1206 virgines
1226 1158 1313 1195 illud
1331 1158 1554 1196 celebrantes
1575 1158 1701 1196 Pelas-

1045 1215 1104 1263 gi,
1134 1215 1298 1264 Hymetti
1318 1215 1487 1261 accolae,
1526 1228 1591 1265 per
1616 1215 1704 1251 insi-

1046 1272 1125 1308 dias
1171 1271 1350 1320 simulque
1401 1272 1508 1308 etiam
1557 1270 1702 1307 ultionis

1046 1328 1246 1377 capiendae
1312 1339 1421 1364 causa
1441 1357 1452 1374 ‚
1538 1328 1702 1377 rapuisse

1045 1383 1300 1433 Lemnumque
1328 1384 1394 1433 (ab
1419 1383 1701 1421 Atheniensibus

1046 1441 1213 1477 nimirum
1233 1453 1312 1477 cum
1341 1441 1445 1478 eiecti
1473 1442 1615 1485 essent)
1635 1440 1702 1476 ab·

1045 1497 1190 1534 duxisse
1210 1501 1426 1543 narrantur,
1465 1501 1560 1535 teste
1582 1496 1703 1534 Hero-

1044 1554 1132 1590 doto
1146 1553 1210 1599 VI,
1234 1554 1334 1599 138;
1365 1555 1437 1602 qua
1450 1554 1485 1590 in
1504 1553 1619 1590 insula
1639 1552 1704 1602 qui

1044 1609 1129 1647 olim
1147 1610 1389 1646 consederant
1408 1610 1558 1659 Minyae
1579 1609 1701 1657 Argo-

1043 1670 1192 1711 nautae,
1214 1665 1260 1702 ab
1277 1665 1404 1702 iisdem
1423 1665 1586 1714 Pelasgis
1607 1665 1701 1715 pulsi

1043 1721 1360 1759 Lacedaemonem
1399 1735 1439 1760 se
1482 1723 1702 1759 convertisse

1044 1779 1224 1815 dicuntur.
1312 1778 1548 1827 Argonautae
1605 1778 1700 1814 enim

1043 1834 1222 1872 Lemnum
1249 1835 1310 1871 ubi
1332 1835 1570 1884 appulerunt,
1622 1847 1700 1870 mu-

1044 1890 1171 1927 lierum
1191 1903 1265 1927 rem
1287 1890 1488 1941 publicam,
1521 1903 1630 1940 quam
1651 1890 1701 1926 ibi

1043 1949 1277 1985 constitutam
1301 1952 1533 1997 repererant,
1563 1947 1702 1984 maritis

1043 2016 1111 2054 per
1133 2016 1282 2040 uxorum
1302 2004 1461 2041 furorem
1490 2004 1701 2049 intersectis,

1043 2060 1242 2107 indignati,
1303 2060 1493 2097 Lemnicas
1536 2059 1700 2096 mulieres

1043 2117 1273 2153 matrimonio
1301 2117 1370 2153 sibi
1400 2117 1591 2153 iunxerunt
1616 2129 1702 2165 pro-

1044 2172 1187 2221 lemque
1204 2173 1291 2210 inde
1311 2178 1564 2223 susceperunt,
1591 2184 1700 2221 quam

1043 2229 1078 2266 h.
1107 2228 1130 2266 l.
1158 2229 1297 2266 xerbis:
1343 2231 1423 2267 τῶν
1453 2228 1494 2267 ἐκ
1516 2232 1588 2279 τῆς
1609 2225 1698 2278 'Ao-

1043 2300 1141 2337 γους
1178 2283 1396 2335 ἐπιβατέων
1424 2286 1579 2323 παίδων
1609 2286 1698 2322 rra?-

1045 2343 1110 2387 δες
1130 2342 1277 2378 indicari
1296 2347 1432 2391 putem.
1462 2342 1568 2378 Conf.
1589 2341 1630 2376 C.
1651 2341 1698 2376 O.

1044 2397 1183 2435 Milllcr.
1205 2398 1424 2435 Orchomen.
1443 2410 1528 2447 pag.
1550 2398 1699 2437 302—-

1043 2456 1139 2494 307.
1179 2454 1234 2490 Ac
1254 2455 1398 2503 Minyas
1421 2467 1448 2489 s.
1469 2454 1700 2501 Argonauta-

1042 2523 1122 2547 rum
1143 2516 1308 2560 posteros
1325 2509 1465 2546 Lemno
1486 2510 1618 2546 eiectos
1642 2522 1700 2546 es·-

1043 2580 1084 2604 se
1103 2579 1124 2602 a
1147 2566 1328 2615 Pelasgis,
1366 2570 1511 2615 practer
1533 2566 1700 2602 Herodo-

1044 2627 1120 2659 tum
1152 2627 1332 2659 testantur
1360 2621 1517 2658 Pansan.
1547 2622 1626 2665 wi,
1659 2625 1706 2670 2,

1043 2681 1082 2718 2,
1124 2678 1292 2729 Apollon.
1322 2677 1442 2715 Rhod.
1471 2678 1542 2724 lv,
1578 2681 1698 2724 1760,

1043 2735 1114 2773 alii.
1169 2734 1301 2782 Neque
1327 2735 1530 2782 poenitebit
1556 2734 1622 2770 hac
1651 2735 1699 2771 de

1043 2805 1082 2828 re
1104 2790 1296 2827 contulisse
1318 2790 1491 2840 Polyaen.
1519 2790 1598 2835 Ul,
1628 2790 1698 2830 49.

1043 2847 1140 2894 wll,
1163 2849 1227 2885 71.
1270 2846 1387 2884 x'alcr.
1408 2847 1552 2884 Maxim.
1578 2845 1638 2891 lv,
1660 2848 1698 2885 6.

1043 2904 1069 2943 4
1093 2902 1219 2953 (quem
1243 2915 1286 2940 ex
1306 2903 1498 2942 Herodoto
1525 2916 1590 2940 sua
1611 2903 1700 2940 hau-
