1904 3304
289 683 353 726 27

413 213 498 252 330

809 209 1276 248 HERODOTI

384 322 561 371 3τείους
602 318 762 363 έπιτελέ
767 334 902 368 οντες.
960 323 1061 368 παῖς
1102 319 1148 361 δὲ
1187 318 1318 371 πατρὶ
1359 321 1489 360 τοῦτο
1531 315 1680 366 ποιέει,

410 391 604 445 κατάπερ
646 392 689 433 οἷ
713 389 918 444 Έλληνες
945 389 999 433 ,τοὶ
1027 389 1212 444 γενέσια.

412 464 484 507 καὶ
516 457 643 505 οὗτοι
672 460 872 516 λέγονται
903 458 1039 503 εἶναι·

414 538 617 591 γυναῖκες
657 536 772 574 τοῖσι
811 528 1011 585 ἀνδράσι.

414 599 551 648 οὗτοι.

361 823 563 871 Schweigh.
586 822 623 858 in
642 819 776 857 Latina
799 818 1020 868 interpreta-

357 881 460 917 tione
489 879 723 916 reddiderat:
765 888 829 912 vas
859 888 1019 919 εαιταηις

357 937 395 974 in
433 936 522 974 Lex.
565 933 706 972 Herod.
742 945 773 970 s.
812 944 843 969 v.
891 932 1020 981 reponi

356 992 455 1030 vult:
487 993 748 1036 ornamentum,
775 1001 840 1037 quo
861 988 1021 1036 glorian-

355 1053 425 1085 tur.
485 1048 567 1086 Nec
596 1047 700 1085 aliter
728 1045 933 1082 Tzschuck.
971 1045 1019 1081 ad

353 1106 442 1143 Mel.
462 1105 507 1151 ll,
540 1107 561 1145 1
583 1108 676 1140 nott.
703 1115 834 1150 exegg.
857 1114 942 1151 pag.
965 1101 1018 1141 48

353 1175 430 1211 seq.
472 1161 526 1201 57
578 1158 732 1211 ἄγαλμα
781 1158 928 1194 omnino
982 1157 1020 1193 id

354 1230 437 1256 esse
458 1220 579 1267 putat,
610 1229 684 1266 quo
703 1214 784 1263 quis
804 1214 1020 1260 delectatur,

355 1275 516 1322 indeque
538 1273 606 1309 hoc
634 1272 714 1309 loco
739 1271 786 1307 de
811 1270 934 1319 poculo
960 1282 1021 1306 ac-

356 1329 577 1380 cipiendum.
629 1328 680 1365 At
713 1327 851 1377 optime
882 1326 1023 1363 monuit

358 1385 558 1424 Ruhnken.
580 1385 629 1421 ad
653 1384 798 1421 Timaei
817 1382 908 1421 Lex.
930 1382 1022 1419 Plat.

359 1455 449 1494 pag.
470 1444 494 1482 6
517 1454 620 1491 seq.‚
657 1442 827 1489 frequens
857 1440 927 1476 dici
954 1439 1023 1476 hoc

360 1497 578 1536 vocabulum
611 1498 657 1535 de
693 1497 855 1533 donariis
886 1497 1026 1532 numini

358 1555 473 1593 alicui
490 1555 699 1590 consecratis
726 1554 887 1601 indeque
907 1553 953 1590 de
974 1553 1023 1587 sa·-

360 1611 531 1649 mulacris
571 1610 721 1647 deorum.
783 1609 892 1646 Unde
932 1608 1021 1658 quid

356 1668 428 1705 hoc
459 1667 538 1704 loco
572 1667 639 1703 sibi
669 1666 755 1704 velit
783 1665 934 1711 vocula,
962 1665 1020 1700 vix

359 1725 527 1773 cuiquam
560 1723 749 1760 obscurum
778 1735 858 1758 esse
884 1721 1021 1771 poterit

359 1786 531 1829 recteque
556 1780 725 1816 observat
747 1780 794 1815 Is.
816 1779 920 1814 Voss.
944 1777 1020 1821 (cui

358 1835 605 1886 adstipulatur
629 1835 738 1873 Italus
759 1834 943 1872 Herodoti
966 1835 1021 1870 in-

359 1892 520 1943 terpres)
557 1893 605 1929 ad
625 1892 748 1930 Melae
771 1891 792 1927 l.
813 1890 858 1937 l.‚
901 1891 1021 1927 Hero-

360 1950 440 1986 doti
467 1949 580 1985 verba
611 1949 660 1985 ita
687 1948 897 1998 accipienda
926 1959 1019 1994 esse,

359 2010 400 2042 ut
425 2005 638 2042 Essedones
670 2005 792 2055 capita
827 2009 1019 2053 parentum

359 2075 505 2099 suorum
537 2062 715 2098 deaurata
737 2062 773 2097 in
798 2060 928 2097 sacello
957 2064 1021 2097 aut

361 2118 493 2155 larario
532 2117 742 2155 collocarint
786 2118 902 2165 iisque
939 2121 1021 2153 tan-

360 2188 469 2224 quam
491 2174 686 2212 simulacris
708 2175 864 2211 honores
880 2186 1019 2210 annuos

361 2231 611 2269 exhibuerint:
654 2231 755 2279 quod
776 2231 872 2267 idem
895 2231 931 2266 in
950 2230 1021 2266 Pa-

361 2287 490 2333 nebis,
519 2286 661 2335 Libyae
685 2286 846 2336 populo,
878 2290 1021 2323 enarrat

361 2343 633 2389 Damascenus,
664 2348 760 2380 teste
779 2343 908 2380 eodem
928 2343 1022 2380 Vos-

362 2399 430 2437 sio.
492 2398 616 2447 Atque
647 2399 801 2436 Bennel.
830 2400 852 2436 1.
881 2399 904 2435 1.
933 2411 1020 2448 pag.

362 2455 445 2495 440
468 2468 508 2492 se
528 2455 660 2492 vidisse
681 2455 804 2491 scribit
831 2456 950 2491 crania
974 2455 1022 2490 ad

362 2511 572 2562 poculorum
614 2513 766 2548 formam
803 2512 925 2548 efficta
943 2540 953 2557 ,
1001 2524 1021 2548 e

362 2567 508 2617 templis
530 2568 713 2616 sacrisque
738 2566 823 2604 locis
844 2568 880 2603 in
900 2568 1021 2604 Butan

364 2624 558 2661 subducta.
570 2644 624 2650 ——
638 2623 677 2660 ln
687 2637 769 2673 sqq.
789 2622 877 2662 ἐπετ
887 2638 902 2662 ε
915 2624 957 2662 ίο
970 2638 993 2661 v
1003 2638 1022 2669 ς

365 2693 386 2718 0
409 2681 595 2717 Sancrofti
626 2680 716 2716 libro
748 2685 859 2728 atque
889 2680 1022 2717 Aldina

363 2736 534 2786 equidem
565 2737 723 2786 reposui.

364 2792 518 2839 τέους.
549 2793 607 2829 Cs.
630 2793 694 2840 111,
716 2794 781 2834 89.

431 2846 477 2888 τεὶ
528 2847 708 2900 γενέσια]
770 2850 810 2886 In
859 2848 1018 2888 Bekker.

785 2736 903 2786 Vulgo
931 2735 1021 2776 ἐπε-

1275 387 1413 439 ἄλλως
1443 388 1489 432 δὲ
1520 389 1736 430 ὁίκαιοι95

1091 459 1336 513 ἰσοκρατέες
1367 460 1411 502 δε
1438 458 1602 514 ὁμοίως
1636 459 1681 499 αἱ

1070 530 1360 587 γινώσκονται
1397 530 1477 585 μὲν
1517 528 1569 586 ὁη
1608 528 1680 571 καὶ

532 672 591 716 Τό
637 672 683 716 δὲ
722 670 808 716 dud
845 671 1017 716 τούτων
1054 670 1104 715 τὸ
1136 671 1405 727 κατύπερθε,
1441 670 1680 727 Ἰσσηδόνες

1078 816 1243 856 Anecdd.
1265 818 1389 868 Ipag.
1412 816 1735 863 86,181nven50:

1077 873 1285 927 γενέθλιον
1306 872 1460 925 ἡμέοαν
1475 868 1655 920 ἀξιοῦσιν
1675 868 1738 911 οἷεὶ

1077 930 1142 970 λε’
1123 946 1225 983 χειν,
1258 926 1307 970 ου’
1326 929 1534 982 γενέθλια,
1566 924 1660 968 οὐδὲ
1678 943 1738 980 γε-

1077 988 1200 1027 νέσια.
1240 983 1320 1026 Lo
1310 985 1488 1038 1ιπιὸης
1489 984 1600 1033 Ίωνι,
1623 981 1739 1036 Ἡρό-

1079 1046 1192 1091 δοτος
1231 1042 1412 1097 τετάρτω.
1482 1043 1737 1088 Celebrantur‚

1077 1106 1173 1139 teste
1186 1101 1354 1138 Ammon.
1376 1114 1461 1151 pag.
1477 1099 1542 1143 35,
1571 1097 1635 1137 ἐπὶ
1657 1101 1738 1137 τῶν

1077 1153 1358 1208 τεθνηκότων,
1407 1156 1449 1195 ἐν
1497 1172 1522 1210 η
1576 1154 1738 1201 ἕκαστος

1078 1212 1207 1267 ηιιέρα
1239 1209 1505 1263 τετελεύτηκε,
1552 1212 1614 1248 ubi
1642 1212 1737 1248 cons.

1078 1270 1255 1309 Nalcken.
1300 1274 1394 1306 nott.
1463 1268 1598 1317 Neque
1635 1266 1739 1305 aliter

1078 1327 1307 1378 praecipiunt
1324 1325 1530 1374 Hesjchius
1552 1337 1580 1361 s.
1599 1337 1632 1361 v.
1659 1324 1674 1361 l
1699 1337 1737 1374 p.

1079 1384 1174 1425 815.
1194 1383 1323 1420 Pollux
1340 1383 1411 1419 On.
1434 1382 1497 1428 Ill,
1519 1384 1612 1421 102.
1643 1381 1739 1417 Sunt

1078 1440 1190 1490 igitur
1210 1440 1303 1477 festa
1323 1439 1499 1484 natalitia,
1529 1450 1625 1487 quae
1642 1449 1740 1474 mor-

1080 1501 1224 1533 tuorum
1266 1497 1462 1533 memoriae
1502 1495 1645 1540 dicata,
1699 1494 1738 1531 in

1080 1554 1169 1604 ipsis
1193 1565 1318 1590 eorum
1341 1552 1467 1589 diebus
1488 1557 1648 1600 aguntur
1672 1562 1738 1586 na-

1079 1609 1229 1646 talibus:
1284 1621 1366 1645 cum
1417 1608 1547 1657 quibus
1593 1605 1735 1643 natales

1079 1670 1276 1714 martyrum
1315 1665 1416 1715 apud
1449 1668 1591 1701 veteres
1626 1662 1736 1700 Chri-

1079 1722 1216 1759 stianos
1235 1726 1423 1771 comparat
1443 1721 1566 1757 Ruhn.
1585 1720 1633 1756 ad
1652 1718 1736 1755 Pol-

1077 1778 1142 1815 luc.
1163 1778 1183 1817 l.
1205 1777 1226 1814 l.
1284 1778 1341 1815 De
1363 1778 1492 1826 quibus
1524 1789 1640 1826 nuper
1669 1776 1736 1812 ad-

1077 1835 1226 1872 modum
1252 1835 1287 1871 in
1312 1835 1475 1870 oratione
1500 1833 1643 1884 publice
1672 1832 1736 1868 ha-

1077 1892 1153 1928 bita
1213 1890 1462 1927 Eichstadium
1523 1888 1737 1927 disseruisse

1078 1948 1174 1995 (len.
1199 1950 1302 1987 1831
1327 1947 1457 1997 Sept.)
1488 1959 1531 1983 ex
1561 1945 1736 1996 epheme-

1077 2004 1171 2041 ridd.
1189 2003 1241 2040 lit.
1252 2004 1452 2053 Lipsienss.
1468 2004 1574 2043 1831
1588 2014 1641 2038 nr.
1654 2000 1735 2043 304

1077 2060 1248 2097 intellexi.
1306 2059 1403 2097 Nam
1426 2060 1505 2110 ipsa
1524 2059 1736 2108 disputatio,

1077 2118 1166 2154 haec
1199 2117 1284 2153 dum
1316 2116 1456 2162 scribo,
1495 2116 1658 2152 nondum
1687 2116 1734 2151 ad

1077 2187 1134 2211 me
1162 2174 1336 2224 pervenit.
1381 2171 1447 2209 Cr.
1479 2172 1632 2208 conferri
1662 2171 1736 2207 vult

1077 2231 1214 2268 Annot.
1238 2230 1274 2266 in
1293 2229 1470 2279 Porphyr.
1489 2229 1535 2265 de
1551 2228 1635 2263 Vita
1647 2226 1734 2262 Plo-

1077 2287 1142 2323 tini
1171 2286 1201 2322 11
1233 2290 1270 2323 et
1300 2285 1334 2321 in
1366 2285 1498 2321 Plotin.
1531 2282 1648 2334 ipsum
1670 2283 1733 2330 lll,

1080 2343 1115 2383 5.
1135 2345 1161 2382 2
1182 2347 1218 2380 et
1237 2341 1302 2388 Vl,
1321 2344 1358 2382 9.
1375 2344 1413 2383 9.

1135 2451 1262 2499 ἄλλως
1296 2450 1337 2492 δὲ
1367 2451 1529 2503 δίκαιοι]
1575 2452 1733 2490 Heeren.

1080 2511 1190 2548 ldeen
1210 2510 1237 2556 1,
1259 2513 1285 2551 2
1313 2521 1399 2559 pag.
1418 2510 1500 2550 313
1523 2510 1589 2546 hoc
1608 2510 1658 2545 ita
1678 2510 1736 2545 in-

1078 2567 1228 2615 telligit,
1278 2571 1319 2602 ut
1363 2578 1453 2614 gens
1490 2566 1598 2603 suerit
1639 2565 1735 2602 culta

1078 2624 1298 2671 minimeque
1330 2623 1430 2658 rudis
1458 2635 1501 2658 ac
1532 2623 1734 2672 peregrinis

1078 2684 1299 2716 mercaturae
1333 2690 1441 2715 causa
1480 2678 1566 2716 illuc
1603 2678 1733 2716 delatis

1079 2736 1222 2773 infesta.
1280 2734 1338 2772 Ad
1370 2741 1633 2780 mercaturam,
1677 2735 1734 2771 cui

1077 2793 1245 2837 faveant,
1283 2792 1394 2828 resert
1423 2791 1588 2830 Volcker.
1613 2790 1731 2841 Myth.

1079 2849 1216 2897 Geogr.
1239 2848 1251 2884 1
1270 2861 1356 2899 pag.
1381 2850 1471 2890 191.
