1904 3304
468 251 553 290 618

133 362 222 390 para,
253 362 331 389 quae
350 355 409 381 Νο-

132 388 248 416 madum
268 398 299 415 es
322 410 329 421 ,

132 430 236 457 pressa
254 427 283 448 et
301 430 316 447 a
321 431 406 448 ιιιιιιι

130 464 182 482 ea:
204 464 290 490 quam
304 458 407 482 Arote-

130 497 178 515 res
194 490 311 523 colunt,
325 497 405 516 mun-

143 531 211 554 ana,
230 528 259 549 et
276 523 358 550 siliis
371 530 404 548 :ic

143 557 202 581 eris
246 556 405 591 frequens:

127 597 242 624 genera
274 589 406 617 serarum

129 622 208 658 apud
226 624 379 652 Aroteres.

865 249 1332 289 HERODOTI

357 398 408 415 ffl-
466 361 509 402 οἳ
537 357 589 400 τὰ
618 357 804 408 ἐπιδεξια
832 361 921 400 τῶν
949 358 1172 413 κεφαλέων
1201 358 1417 413 κομόωσι,
1468 359 1519 403 τά
1549 357 1591 403 δ’
1623 358 1719 402 ἓπα-
1733 364 1776 398 85

434 427 639 482 Ξριστερά
667 429 882 481 κείρουσι·
914 430 963 471 τὸ
990 430 1035 472 δὲ
1066 433 1187 484 σῶμα
1216 432 1409 485 χρίονται
1435 432 1581 488 μίλτῳ.
1612 430 1721 485 φασὶ

463 500 508 542 δὲ
541 494 664 542 οὗτοι
694 497 804 542 εἶναι
832 503 919 542 τῶν
948 501 994 543 ἐκ
1021 502 1176 555 Τροίης
1206 499 1394 554 ἀνδρῶν.
1449 500 1505 542 ‘H
1529 502 1574 544 δὲ
1603 499 1720 555 χώρη

464 568 572 625 αὕτη
608 586 651 612 τε
691 571 764 613 καὶ
801 569 826 625 ἡ
863 571 990 626 λοιπὴ
1027 574 1102 626 τῆς
1133 570 1297 625 Λιβύης
1334 569 1360 625 ἡ
1390 570 1497 624 πρός
1526 571 1721 626 ἑσπέρην,

460 644 607 699 πολλῷ
636 642 956 698 θηριωδεστέρη
987 657 1030 684 τε
1068 641 1140 684 καὶ
1177 640 1387 696 δασυτέρη
1417 641 1504 683 ἐστὶ
1531 646 1606 696 τῆς
1635 646 1777 684 τών9ο

431 712 676 766 3νομοὶδων
705 713 856 768 χώρης.
913 711 940 769 ἡ
978 712 1056 766 μὲν
1092 712 1176 767 γὰρ
1216 710 1268 766 δή
1308 710 1416 764 πρὸς
1443 709 1523 766 τὴν
1550 711 1616 767 ήῶ
1646 716 1719 768 τῆς

462 781 652 838 Λιβύης,
691 783 770 839 τὴν
800 786 842 827 οἱ
881 782 1068 838 νομάδες
1096 783 1300 837 νέμουσι,
1347 782 1436 825 ἔστι
1467 783 1646 838 ταπεινή
1675 798 1721 825 τε

462 853 536 896 καὶ
565 854 827 911 ψαμμώδης,
855 856 978 910 μέχρι
1007 858 1087 897 τοῦ
1122 856 1341 907 Τρίτωνος
1371 857 1592 908 ποταμοῦ·
1622 851 1648 908 ἡ
1673 853 1719 896 δὲ

463 921 548 967 ἀπὸ
587 923 748 968 τούτου
791 926 838 969 τὸ
880 925 992 979 πρός
1032 925 1237 981 ἑσπέρης,
1288 922 1315 979 ἡ
1358 927 1445 966 τῶν
1485 921 1726 978 ἀροτήρων,

433 991 616 1050 4ὀρεινή
644 1011 688 1038 τε
715 994 854 1052 κάρτα
882 998 955 1040 καὶ
985 997 1118 1040 δασέα
1147 996 1220 1039 καὶ
1247 994 1483 1050 θηριώδης.
1532 994 1606 1038 καὶ
1635 992 1718 1049 γὰρ
1730 998 1776 1033 95

404 1141 474 1180 huc
493 1147 659 1192 spectent
678 1135 870 1190 Μάχλυες
889 1141 949 1185 lV,
972 1142 1062 1181 180.

408 1200 499 1238 178.
557 1199 662 1242 Quae
696 1210 781 1234 vero
811 1197 879 1233 hoc
910 1196 991 1233 loco
1015 1197 1062 1233 de

403 1253 597 1303 Maxyibus
628 1258 841 1298 narrantur,
889 1265 932 1291 ea
962 1253 1062 1289 Hee-

404 1311 506 1347 renio
526 1311 578 1347 ld.
599 1310 653 1358 ΙΙ,
687 1312 704 1348 1
732 1323 769 1360 p.
789 1311 866 1355 36,
904 1309 1061 1359 prodere

403 1367 571 1404 videntur
588 1371 749 1415 gentem,
778 1378 872 1413 qnae
892 1379 912 1403 e
934 1377 1062 1401 noma-

403 1423 489 1460 dum
516 1424 590 1460 vita
621 1423 732 1459 modo
755 1422 803 1459 ad
824 1427 924 1459 certa
944 1421 1062 1458 domi-

401 1479 482 1516 cilia
514 1484 551 1516 et
580 1479 835 1528 agriculturam
862 1479 1061 1525 transierit,

400 1536 514 1584 idque
540 1537 657 1586 ipsum
682 1549 702 1572 e
724 1535 835 1585 priori
851 1535 924 1571 vita
944 1534 1063 1571 adhuc

400 1592 608 1638 retinuerit,
650 1593 750 1641 quod
773 1591 899 1641 capitis
921 1595 1062 1640 partem

403 1648 584 1685 sinistram
604 1649 813 1693 tondentes,
833 1651 965 1684 rectam
978 1659 1063 1696 par-

401 1708 475 1742 tem
494 1706 595 1741 alant
616 1705 800 1752 minioque
820 1704 963 1751 tingant
981 1715 1060 1739 cor-

401 1773 516 1810 pora,
560 1761 681 1810 qualia
706 1761 899 1797 etiamnum
923 1760 999 1796 sere
1025 1759 1062 1795 in

402 1816 468 1852 illis
516 1817 726 1864 regionibus
767 1816 865 1865 apud
912 1819 1062 1864 gentem

403 1872 546 1909 Tuarik
558 1873 798 1918 inveniantur,
818 1885 936 1920 neque
946 1872 1063 1907 omni-

404 1941 452 1965 no
480 1929 525 1964 ab
556 1929 626 1965 isto
655 1930 851 1965 nomadum
875 1941 976 1965 more
998 1928 1063 1964 ab·

403 1984 601 2032 horreant,
641 1997 713 2033 quo
739 1989 869 2033 gentes
898 1983 1064 2032 singulae

400 2042 501 2077 varia
521 2041 650 2090 capitis
670 2046 819 2077 tonsura
837 2040 1064 2088 distinguan-

403 2101 474 2134 tur.
528 2097 634 2141 Quae
662 2110 744 2133 mox
772 2097 987 2135 Herodotus
1016 2096 1063 2133 de

402 2154 552 2202 regione
571 2153 679 2203 sylvis
701 2154 859 2202 ferisque
872 2152 1062 2189 abundan-

402 2214 439 2246 te
470 2210 616 2256 scribit,
666 2222 710 2247 ea
743 2210 790 2246 ad
825 2209 943 2257 sylvas
978 2209 1063 2246 seris

402 2265 562 2315 repletas
590 2279 706 2315 prope
733 2266 846 2311 viam,
891 2277 985 2313 quae
1017 2265 1062 2301 ab

402 2323 495 2358 urbe
516 2321 716 2359 Tunisiana
737 2323 785 2358 ad
805 2321 972 2370 Tripolin
995 2321 1065 2357 du-

402 2382 481 2423 cat,
511 2378 624 2414 refert
647 2378 805 2415 Heeren.
831 2378 886 2414 Id.
907 2377 952 2424 ll,
983 2379 1002 2417 1
1026 2390 1064 2427 p.

403 2436 479 2480 38,
529 2435 770 2471 recentiorum
812 2434 1064 2483 peregrinato-

403 2503 482 2526 rum
495 2490 652 2527 ass'erens
671 2491 878 2526 testimonia
891 2490 1064 2538 Maxyes-

403 2559 476 2594 que
514 2546 658 2583 subiicit
691 2550 726 2582 et
755 2546 916 2583 Zaueces
943 2550 1062 2582 extre-

402 2615 480 2639 mas
509 2602 621 2639 fuisse
649 2603 697 2638 ad
723 2601 906 2638 meridiem
933 2606 1060 2649 gentes

403 2658 551 2694 ditionis
572 2657 924 2706 Carthaginiensium
937 2685 948 2703 ,
968 2670 1061 2706 quos

402 2714 502 2764 ipsos
532 2715 748 2750 narrationis
786 2717 952 2750 auctores
982 2713 1062 2750 No-

404 2775 481 2806 ster
502 2771 587 2807 citat
609 2770 671 2816 lv,
697 2767 786 2810 195.
836 2769 1060 2812 Quibuscum

403 2827 499 2863 conf.
520 2825 791 2863 Selilichthorst.
814 2825 835 2861 l.
857 2825 878 2861 l.
911 2838 946 2874 p.
970 2825 1060 2865 164.

407 2904 461 2909 —-
491 2883 562 2921 Pro
591 2879 640 2921 τοὶ
674 2877 849 2928 immega&
878 2886 917 2919 et
944 2877 991 2919 τοὶ
1022 2876 1061 2920 δ’

1119 1133 1351 1188 ἐπαριστερά
1382 1138 1478 1175 haud
1509 1138 1583 1175 scio
1612 1150 1657 1175 an
1687 1136 1776 1174 scri-

1120 1194 1278 1231 bendum
1295 1191 1342 1231 τᾶ
1368 1192 1433 1232 ἐπὶ
1455 1190 1563 1240 δεξιὰ
1588 1198 1626 1230 et
1656 1190 1703 1230 τὰ
1736 1188 1776 1231 δ’

1118 1245 1187 1288 ἐπ’
1222 1245 1429 1302 domi-rori,-
1476 1251 1571 1287 conf.
1609 1253 1700 1286 nott.
1727 1248 1777 1286 ad

1117 1306 1189 1353 IV,
1223 1306 1314 1347 157.

1175 1361 1275 1412 φασὶ
1321 1359 1362 1401 δὲ
1405 1355 1515 1400 οὗτοι
1557 1356 1660 1400 εἶναι
1694 1362 1776 1399 τῶν

1118 1417 1162 1457 ἐκ
1208 1419 1352 1468 Τροίης
1398 1413 1582 1468 ἀνδρῶν]
1642 1417 1778 1466 Attigit

1119 1475 1239 1513 Raoul
1251 1498 1267 1501 -
1276 1475 1458 1512 Rochette
1470 1475 1567 1511 Hist.
1581 1475 1627 1512 de
1642 1473 1777 1512 l’etabl.

1120 1532 1155 1568 d.
1176 1531 1241 1568 col.
1265 1532 1331 1569 Gr.
1382 1532 1478 1569 Add.
1503 1531 1552 1567 lV
1576 1544 1659 1580 pag.
1679 1531 1777 1576 398,

1118 1600 1191 1636 quo
1214 1589 1323 1625 etiam
1350 1589 1463 1624 utitur
1490 1588 1533 1624 C.
1558 1587 1604 1626 Ο.
1630 1586 1777 1624 Miiller.

1119 1643 1335 1680 Orchomen.
1357 1657 1393 1693 p.
1419 1644 1499 1683 356
1520 1647 1596 1680 not.
1624 1655 1775 1680 monens

1119 1700 1271 1747 Max-ves
1315 1712 1389 1736 non
1435 1699 1541 1736 aliter
1593 1699 1776 1749 perhiberi

1119 1756 1300 1793 Troianos
1316 1761 1426 1804 atque
1442 1757 1687 1792 Antenoridas
1700 1756 1777 1803 Cy-

1119 1825 1236 1849 renes.
1288 1812 1459 1861 Namque
1500 1811 1614 1849 Troia
1659 1812 1779 1849 excisa

1120 1868 1340 1905 Antenorem
1397 1880 1477 1905 cum
1533 1868 1779 1904 Troianorum

1119 1937 1228 1961 manu
1247 1926 1295 1961 ad
1306 1925 1461 1973 Libyam
1477 1924 1660 1974 appulisse
1680 1925 1779 1961 sama

1119 1981 1282 2026 ferebat,
1338 1981 1385 2017 de
1424 1993 1496 2030 qua
1535 1982 1628 2017 conf.
1668 1979 1777 2017 Pind.

1119 2037 1228 2086 Pyth.
1247 2037 1293 2084 V,
1313 2039 1403 2077 110.
1457 2036 1517 2073 Tu
1544 2038 1638 2073 conf.
1668 2037 1777 2073 etiam

1118 2093 1288 2131 Volcker.
1317 2093 1432 2141 Myth.
1456 2093 1593 2140 Geogr.
1615 2094 1629 2128 1
1651 2106 1685 2142 p.
1709 2094 1775 2132 37.

1120 2149 1175 2186 Ac
1204 2149 1307 2199 plura
1335 2161 1483 2198 quoquc
1518 2148 1625 2187 affert
1653 2149 1777 2185 Casti-

1121 2206 1235 2254 glioni
1256 2205 1278 2241 l.
1297 2204 1320 2242 l.
1342 2218 1426 2256 pag.
1443 2206 1524 2245 280
1542 2205 1620 2242 illos
1642 2203 1776 2253 IlIazig

1120 2275 1150 2299 s.
1170 2261 1328 2312 Aſtra-yos
1362 2274 1405 2299 ex
1430 2262 1519 2298 Asia
1547 2262 1584 2298 in
1615 2262 1775 2298 Africam

1120 2319 1270 2356 cessisse
1291 2318 1524 2368 probaturus,

1179 2373 1257 2413 ἔστι
1290 2369 1454 2423 ταπεινή
1490 2387 1530 2412 τε
1565 2370 1632 2411 καὶ
1665 2381 1774 2420 ψαμ-

1121 2426 1280 2482 μώδης]
1326 2430 1522 2468 Verissime
1556 2429 1644 2465 hacc
1680 2427 1773 2464 tradi

1120 2495 1243 2525 monet
1263 2488 1422 2524 Heeren.
1444 2486 1494 2522 ld.
1518 2484 1572 2529 Il,
1602 2487 1619 2523 1
1645 2497 1682 2534 p.
1706 2484 1772 2525 49.

1118 2544 1216 2581 Nam
1258 2556 1279 2579 a
1319 2541 1525 2580 Tritonidis
1568 2540 1649 2576 lacu
1699 2541 1775 2577 sive

1118 2601 1214 2637 amni
1237 2599 1411 2647 Syrtique
1431 2597 1560 2634 minori
1584 2596 1774 2644 regionem

1118 2657 1276 2706 incipere
1303 2653 1506 2691 sabulosam
1535 2665 1575 2690 ac
1601 2652 1773 2699 sterilem,

1118 2724 1283 2750 occasum
1327 2722 1450 2747 versus
1499 2709 1654 2747 fertilem
1691 2721 1772 2746 esse

1118 2773 1249 2806 terram
1277 2767 1442 2814 beneque
1464 2766 1653 2814 irriguam,
1675 2777 1773 2813 quae

1119 2825 1166 2862 ad
1203 2822 1556 2871 Carthaginiensium
1595 2821 1771 2859 ditionem

1118 2879 1343 2931 pertinuerit.
