1904 3304
2 487 10 1409 2—-—.————.-——-—--‹*-rw
4 455 7 474 v

484 251 1045 296 MELPOMENE.
1105 257 1165 293 IV.

1375 260 1458 300 485

199 366 243 408 οἷ
263 361 438 406 Σκύθαι
468 361 713 417 Οἰόρπατα·
758 362 943 407 δύναται
974 363 1019 407 δὲ
1048 364 1096 409 τὸ
1127 363 1297 420 οὔνομα
1326 368 1454 410 τοῦτο
1467 373 1580 407 85num
1607 376 1685 409 apuu
1713 376 1784 411 8⁰3²

195 432 304 477 κατα
331 430 513 476 Ἑλλάδα
541 437 740 488 γλῶσσαν
770 432 1080 488 α’νδροκτόνοι·
1129 433 1233 488 Οἰόρ
1263 435 1348 492 γοὲρ
1378 453 1453 480 κα-

166 504 346 547 Ξλὲουσι
374 502 452 546 τόν
483 502 641 559 ἄνδρα,
673 505 723 549 τό
756 505 802 549 δὲ
831 504 978 554 Hono),
1009 505 1244 561 κτείνειν·)
1275 508 1369 551 τότε
1386 508 1453 552 λό-

192 590 286 629 γος,
318 573 422 624 τοὺς
439 573 675 631 ’Έλληνας,
705 575 965 631 νικήσαντας
996 578 1049 630 τῇ
1078 574 1148 618 ἐπὶ
1172 577 1452 632 Θερμώδοντι

190 643 327 699 μάχῃ,
360 642 594 689 ἀποπλέειν
625 646 811 703 ἄγοντας
841 645 953 699 τρισὶ
984 646 1178 688 πλοίοισι
1206 652 1295 692 τῶν
1318 648 1451 705 Ἀμα-

190 713 331 766 ζόνων
368 715 474 767 ὅσας
503 716 717 773 ἠδυνέατο
750 719 987 771 ζωγρῆσαι·
1036 716 1112 767 τὰς
1143 718 1188 760 δὲ
1217 718 1265 761 ἐν
1293 724 1354 775 τῷ
1383 727 1508 764 ars-90

161 783 318 841 3λοὶγεϊ
345 785 620 842 ἐπιθεμένας,
664 785 846 838 ἐκκόψαι
873 785 979 836 τούς
1009 785 1184 841 ἄνδρας.
1242 795 1373 834 πλοῖα
1405 793 1450 836 δὲ

191 854 246 898 οὐ
294 856 525 911 γινώσκειν
575 858 708 909 αὐτὰς
720 889 732 907 ‚

800 854 904 900 οὐδὲ
951 858 1200 910 πηδαλίοισι
1247 864 1450 917 χρῆσθαι,

192 924 296 969 οὐδὲ
335 929 526 976 ἱστίοισι,
575 928 678 972 οὐδὲ
720 928 898 982 εἰρεσίῃ·

962 925 1058 969 ἀλλ’
1108 927 1197 971 ἐπεὶ
1243 931 1450 982 ἐξέκοψαν

188 996 294 1047 τούς
321 996 503 1053 ἄνδρας,
535 999 743 1055 ἐφέροντο
773 997 884 1042 κατοὶ
914 1000 1031 1052 κῦμα
1062 998 1135 1040 καὶ
1164 998 1348 1056 ἄνεμον·
1378 1004 1452 1046 καὶ

190 1065 470 1112 α’πικνέονται
486 1073 561 1126 τῆς
580 1071 734 1127 λίμνης
752 1073 827 1126 τῆς
848 1067 1092 1124 Μαιήτιδος
1112 1069 1178 1113 ἐπὶ
1198 1072 1449 1128 Κρημνούς.

158 1138 237 1180 4οἱ
266 1138 311 1181 δὲ
341 1142 562 1196 Κρημνοὶ,
593 1142 673 1185 εἰσὶ
702 1145 779 1197 γῆς
807 1144 884 1195 τῆς
913 1140 1130 1183 Σκυθέων
1159 1146 1248 1185 τῶν
1276 1142 1449 1186 ἐλευθέ-

188 1223 291 1262 ρων.
350 1208 543 1254 ἐνθαῦτα
571 1210 791 1268 ἀποβᾶσαι
819 1210 903 1254 ἀπὸ
934 1215 1022 1254 τῶν
1050 1213 1216 1256 πλοίων
1253 1214 1298 1256 αἱ
1329 1211 1501 1268 Ἅμα-95

163 1277 332 1331 5ζόνες,
375 1279 644 1338 ὦδοιπόρεον
681 1283 723 1334 ἐς
751 1283 831 1338 τήν
861 1283 1129 1340 οἰκεομένην.
1189 1283 1446 1339 ἐντυχοῦσαι

134 1441 253 1464 zonam
273 1429 454 1477 inquirere
475 1439 619 1472 nomen,
644 1426 691 1463 de
713 1438 785 1475 quo

130 1485 191 1533 qui
221 1486 383 1532 egerint,
414 1485 499 1520 citat
523 1484 692 1520 Creuzer.
716 1482 737 1518 1.
760 1482 783 1519 l.

129 1546 205 1577 not.
230 1542 324 1581 223.
362 1540 435 1584 Qui
464 1540 562 1575 idem
585 1551 679 1574 nunc
695 1538 783 1575 haec

128 1596 251 1633 addit:
289 1595 519 1643 „Stanislaus
538 1594 780 1631 Siestrrence-

127 1652 213 1688 wicz
240 1652 287 1689 de
310 1652 455 1688 Bohusz
486 1652 523 1687 in
544 1650 634 1686 libro
655 1650 780 1687 inscri-

125 1712 210 1757 pto:
240 1708 464 1745 Recherches
485 1707 702 1755 historiques
722 1719 782 1742 sur

127 1764 290 1812 l'origine
303 1765 366 1802 des
377 1765 574 1810 Sarmates,
585 1763 648 1799 des
658 1762 784 1799 Escla-

128 1833 241 1867 vous,
288 1821 353 1858 des
401 1819 537 1857 Slaves.
594 1818 783 1868 Petropoli

130 1878 251 1916 1812.
288 1875 510 1913 Amazonum
534 1875 710 1923 originem
734 1876 784 1912 sic

129 1931 293 1981 explicat.
346 1932 449 1969 Duos
478 1931 665 1980 Principes
693 1931 784 1979 Scy-

130 1987 273 2024 tharum
299 2001 342 2025 ex
368 1988 561 2024 Bactriana
588 1987 782 2024 deduxisse

128 2043 302 2080 coloniam
323 2044 359 2080 in
378 2043 674 2093 Cappadociam,
701 2042 783 2080 Me-

129 2099 256 2136 dorum
293 2100 480 2136 coloniam.
524 2098 607 2134 Illos
636 2098 781 2135 colonos

127 2156 341 2192 Bactrianos
361 2156 505 2192 duxisse
522 2155 780 2204 Cappadocum

127 2211 283 2259 virgines
310 2213 346 2248 in
371 2212 638 2248 matrimonium
656 2215 782 2260 protu-

127 2267 282 2315 lisse-que
325 2268 379 2303 sui
418 2267 558 2317 imperii
594 2267 780 2313 terminos,

129 2324 193 2360 sed
218 2328 345 2373 postea
366 2323 534 2373 expulsos
552 2335 632 2360 esse
654 2327 783 2372 utpote

128 2391 276 2429 rapaces
303 2384 340 2417 et
372 2380 522 2416 feroces.
572 2379 657 2422 Quo
687 2380 782 2415 facto

129 2435 285 2484 ipsorum
309 2436 434 2472 viduas
455 2436 492 2472 in
513 2436 660 2484 agmina
679 2435 784 2472 coiis-

133 2503 171 2526 se
198 2494 234 2527 et
255 2503 354 2528 suam
376 2493 531 2542 patriam
551 2504 630 2529 esse
645 2495 780 2528 tutatas

133 2557 267 2593 easque
310 2548 423 2584 dictas
471 2561 550 2585 esse
596 2546 781 2585 Medorum

133 2613 297 2638 sermone
325 2603 520 2654 Samezony
556 2604 630 2641 sive
658 2603 782 2640 Muzi-

132 2670 209 2703 mtS,
230 2658 325 2695 unde
340 2660 482 2696 fluxerit
492 2673 624 2698 nomen
634 2661 783 2696 Amazo-

134 2715 253 2748 wmzf‘
282 2713 380 2750 Idem
404 2714 466 2751 Cr.
485 2721 675 2765 praeterea
694 2730 782 2753 con-

133 2770 215 2805 ferri
246 2769 319 2805 vult
340 2770 532 2818 Inghirami
553 2772 783 2810 Monumenti

133 2824 298 2861 Etruschi
333 2825 426 2874 Rag.
461 2827 511 2863 Vl
554 2828 610 2865 de’
648 2829 784 2865 Bronzi

133 2879 296 2918 Etrusch.
318 2894 402 2932 pag.
425 2881 503 2923 241
529 2895 630 2934 seqq.
652 2898 731 2936 cap.
751 2885 783 2922 ΙΙ

843 1425 1100 1463 Osservazioni
1122 1427 1176 1462 sul
1186 1427 1274 1463 mito
1285 1426 1379 1464 delle
1388 1425 1498 1463 Ama-

841 1482 937 1519 zoni.
983 1481 1062 1518 Nos
1089 1483 1254 1519 addimus
1281 1483 1497 1533 Hippocrat.

839 1537 896 1575 De
922 1550 995 1575 aer.
1026 1549 1086 1585 aq.
1115 1541 1152 1574 et
1185 1537 1272 1575 loce.
1297 1537 1332 1588 ἓ.
1354 1542 1407 1580 90
1431 1539 1497 1575 ibi-

838 1606 911 1642 que
951 1593 1107 1630 Coraem
1143 1605 1230 1644 pag.
1273 1594 1356 1635 264
1390 1606 1493 1644 seqq.

894 1702 991 1751 ὅσας
1039 1701 1235 1757 ’ἠδυνέατο
1279 1703 1493 1757 ζωγρῆσαι]

836 1758 1033 1812 ’ἠδυνέατο
1070 1763 1232 1814 plerique
1267 1763 1374 1800 codd.
1434 1763 1494 1799 Cf.

837 1819 969 1856 Matth.
1000 1819 1065 1855 Gr.
1096 1820 1160 1855 Gr.
1181 1832 1266 1869 pag.
1287 1820 1381 1859 378.
1431 1817 1496 1856 Al-

839 1877 926 1912 dina
953 1876 1010 1912 ed.
1035 1871 1265 1924 ἦδυναίατο.
1302 1875 1402 1911 Infra
1428 1875 1492 1922 IV,

841 1931 921 1972 114
940 1932 1016 1968 init.
1036 1929 1240 1977 ἐδυνέατο,
1272 1931 1334 1967 ubi
1355 1930 1492 1967 Aldina

836 1986 1057 2026 ἕδυναίατο.
1095 1988 1217 2024 Verba
1241 1986 1284 2026 ἐν
1302 1990 1358 2039 τῷ
1376 1982 1493 2025 πελά-

836 2050 899 2095 γεϊ
930 2044 976 2080 de
1017 2044 1088 2079 alto
1118 2045 1212 2079 mari
1240 2043 1405 2091 equidem
1438 2043 1493 2079 in·-

836 2099 1057 2146 tellexerim‚
1087 2104 1128 2135 ut
1157 2099 1197 2144 I,
1226 2099 1303 2144 243
1345 2098 1492 2151 εἰρεσίη

838 2156 886 2192 dc
914 2157 1058 2202 remigio
1081 2155 1376 2203 intelligendum,
1405 2160 1445 2192 ut
1461 2155 1490 2202 I,

837 2213 931 2252 203.
970 2211 1028 2249 De
1058 2211 1210 2248 Cremm's
1236 2212 1307 2248 vid.
1328 2215 1420 2248 nott.
1442 2211 1491 2248 ad

837 2267 886 2303 lv
897 2295 908 2313 ‚
931 2269 998 2307 20.
1026 2267 1194 2304 Volcker.
1215 2267 1332 2316 Myth.
1351 2268 1490 2315 Geogr.

838 2323 853 2359 I
880 2336 966 2373 pag.
991 2326 1069 2363 177
1087 2327 1256 2371 auctore,
1278 2323 1314 2359 hi
1332 2324 1491 2372 Scythae

837 2379 940 2416 liberi
970 2380 1018 2416 ad
1052 2380 1229 2417 Cremnos
1268 2380 1379 2417 iidem
1408 2383 1491 2416 sunt

839 2440 948 2484 atque
981 2436 1095 2484 regii,
1135 2437 1197 2485 qui
1229 2435 1387 2484 reliquos
1421 2448 1489 2486 pro

839 2492 950 2528 servis
969 2492 1103 2529 habent
1128 2493 1206 2540 (lV,
1235 2492 1308 2540 20)
1339 2496 1376 2530 et
1397 2492 1491 2528 iutra

837 2548 971 2584 fossam
1000 2548 1091 2595 (IV,
1121 2550 1195 2597 28)
1223 2548 1389 2586 habitant
1405 2561 1489 2598 per-

839 2617 909 2653 que
938 2604 1087 2653 glaciem
1116 2606 1164 2641 ad
1184 2605 1319 2641 Sindos
1346 2604 1492 2641 transii-

839 2661 946 2697 ciunt.
967 2681 1023 2688 —
1061 2661 1197 2711 Scripsi
1221 2673 1300 2698 cum
1319 2660 1488 2709 Schwgh.

840 2721 879 2753 et
907 2716 1025 2753 Gaisf.
1065 2716 1141 2756 εἰσὶ
1180 2719 1253 2768 γῆς
1283 2719 1355 2767 τῆς
1388 2719 1490 2754 Σκυ-

838 2770 948 2811 θέων
964 2772 1164 2811 Florentini
1182 2774 1316 2810 codicis
1337 2773 1492 2810 auctori-

839 2833 926 2866 tate.
966 2829 1086 2878 Vulgo
1104 2828 1189 2883 ιεἰσὶ
1219 2831 1288 2879 τῆς
1313 2832 1387 2882 γῆς
1413 2831 1491 2867 τῶν

841 2883 1050 2924 Σκυθέων.

1511 408 1576 434 thas
1600 417 1705 435 noun-n
1727 413 1782 436 Ocv

1510 444 1628 473 orpata:
1668 451 1721 469 cae
1747 444 1784 469 ad

1521 475 1774 503 Thermodontem

1511 508 1633 534 fluvium
1651 517 1668 534 ιι
1690 511 1785 536 (ἐι-τιυ-

1511 541 1552 567 cis
1583 542 1696 568 victae:
1736 551 1784 569 ca-

1510 575 1628 608 mix-ae,
1659 575 1784 601 dominis

1511 608 1689 637 interfectis,
1703 608 1784 634 dela-

1509 645 1559 668 tae
1581 641 1610 667 in
1631 642 1782 672 (tremum,

1511 676 1552 710 [c.
1572 676 1632 708 20.]
1665 683 1681 700 c
1711 675 1783 708 Sc)-

1542 707 1601 734 this
1623 708 1749 741 praedas

1541 745 1646 775 agunt.
