1904 3304
245 276 330 316 660
708 271 1179 309 EXCURSUS
1236 270 1286 309 Vl

247 385 344 436 vulg.
364 385 446 424 lect.
472 379 562 423 ἀντὶ
583 386 656 423 τοῦ
677 388 776 421 recte
795 395 839 421 ex
861 382 971 420 Basil.
993 382 1293 432 Wyttenbachius
1317 388 1353 422 et
1368 383 1562 422 Huttenius
1583 395 1757 433 reposue-

249 457 346 492 runt.
403 453 480 491 Sed
500 452 664 502 quamvis
682 452 832 500 egregie
857 452 975 488 norim
997 450 1157 500 Anytum
1182 456 1360 488 oratorem
1378 450 1660 499 Atheniensem,
1693 464 1755 488 cu-

249 524 305 559 ius
326 521 438 572 opera
458 520 557 558 domi
577 518 800 568 militiaeque
821 519 918 557 cives
936 519 1050 569 ipsius
1070 519 1169 556 haud
1187 531 1269 556 raro
1287 531 1372 556 usos
1398 531 1480 557 esse
1505 522 1582 556 tum
1607 519 1759 556 historia

249 589 462 640 comprobat
489 592 565 625 tum
585 586 689 624 Plato
710 586 862 626 Menon.
885 600 922 637 p.
942 588 995 627 90
1014 586 1079 634 Α.,
1121 588 1180 624 vix
1209 591 1332 624 tamen
1354 586 1529 634 arbitror,
1568 600 1676 637 quem
1699 586 1757 624 Ol.

249 656 326 705 94,
360 659 384 696 3
403 673 460 691 Ξ
479 655 558 696 403
582 667 613 691 a.
629 655 716 692 Chr.
735 656 832 693 inter
849 654 1030 705 principes
1052 655 1213 692 exsulum
1227 684 1238 702 ,
1279 655 1340 703 qui
1360 667 1381 690 a
1400 655 1553 692 Piraeeo
1571 655 1759 702 redierint,

250 725 361 762 fuisse
381 728 419 761 et
441 724 596 760 triennio
616 727 701 773 post
728 723 890 760 Socratis
918 727 1167 759 accusatorem
1191 723 1375 759 exstitisse
1403 726 1545 760 constet
1575 720 1648 771 (cf.
1667 734 1760 771 quos

250 792 394 830 laudavi
407 792 443 828 in
454 789 737 842 Comp.Antiqu.
749 791 899 828 Graece.
913 789 1035 840 §.169
1044 803 1079 827 n.
1092 789 1148 840 1),
1159 790 1315 827 eundem
1325 790 1404 840 plus
1417 801 1525 839 quam
1538 790 1762 838 quadragin-

251 865 289 898 ta
306 861 410 898 annis
420 863 504 898 ante
514 859 597 896 talis
612 859 688 897 sive
702 857 1015 897 senatusconsulti
1035 858 1111 895 sive
1124 857 1319 908 plebissciti
1332 870 1517 895 suasorem
1531 870 1611 895 esse
1620 856 1763 907 potuis-

255 941 305 966 se.
339 927 512 965 Restaret
528 930 569 964 ut
585 927 641 964 bis
663 928 837 964 recitasse
846 925 996 964 Athenis
1007 925 1241 963 Herodotum
1259 930 1523 971 statueremus3
1544 925 1610 963 sed
1623 924 1705 962 vide
1716 936 1764 962 ne

254 995 436 1033 Eusebius
462 996 586 1046 potius
619 1008 687 1045 per
711 1007 859 1045 pravam
898 995 1214 1032 ratiocinationem
1248 995 1284 1031 in
1311 995 1477 1033 fraudem
1507 993 1675 1031 inductus
1705 993 1763 1030 sit.

254 1062 352 1101 Nam
383 1076 494 1113 quum
516 1062 624 1112 vulgo
652 1066 778 1099 notum
813 1066 911 1099 esset
936 1062 1165 1100 Herodotum
1186 1062 1332 1099 Thuriis
1360 1062 1527 1100 colonum
1556 1061 1766 1109 accessisse,

255 1131 349 1169 adeo
372 1134 413 1167 ut
431 1130 568 1168 Plinius
588 1130 685 1167 Hist.
705 1129 795 1166 Nat.
816 1128 907 1173 XII,
937 1128 964 1169 4
993 1142 1037 1166 eo
1067 1130 1146 1179 ipso
1175 1142 1297 1176 anno,
1335 1143 1407 1178 quo
1439 1129 1499 1166 illa
1525 1128 1667 1166 colonia
1699 1129 1765 1165 de-

255 1199 363 1236 ducta
381 1202 459 1246 est,
488 1198 537 1235 U.
558 1198 602 1235 C.
625 1199 708 1237 310
725 1213 782 1230 z
799 1195 859 1233 Ol.
883 1193 935 1236 84
948 1223 958 1242 ‚
992 1199 1014 1236 1
1034 1211 1087 1229 =
1107 1194 1190 1236 444
1210 1208 1243 1233 a.
1263 1196 1350 1234 Chr.
1371 1196 1557 1233 historiam
1584 1209 1667 1233 eum
1697 1195 1767 1232 illic

255 1267 462 1303 condidisse
481 1265 624 1311 tradat,
655 1262 761 1301 facile
784 1275 828 1300 eo
849 1263 1040 1313 pervenire
1065 1263 1362 1314 chronographus
1393 1264 1532 1315 potuit,
1563 1267 1624 1311 ut,
1657 1275 1766 1313 quam

254 1333 406 1371 Athenis
427 1332 586 1370 habitam
603 1331 853 1369 recitationem
873 1335 1020 1378 nosset,
1059 1344 1141 1369 eam
1168 1332 1236 1369 etsi
1267 1345 1340 1368 non
1363 1332 1477 1369 multo
1508 1334 1617 1378 ante,
1649 1331 1768 1368 neuti-

255 1413 364 1450 quam
385 1404 508 1438 tamen
531 1403 618 1450 post
647 1398 746 1436 illum
778 1411 914 1436 annum
942 1399 1108 1437 collocari
1135 1400 1270 1437 debere
1299 1400 1545 1437 arbitraretur.
1602 1397 1654 1436 At
1681 1410 1768 1436 vero

255 1468 484 1505 Herodotum
510 1481 584 1505 non
613 1467 706 1505 illico
727 1466 888 1504 Thurios
907 1468 1138 1515 discessisse,
1180 1468 1246 1505 sed
1264 1481 1331 1519 per
1348 1467 1572 1517 aliquantum
1593 1467 1768 1517 temporis

257 1536 368 1573 etiam
390 1538 519 1586 postea
537 1535 575 1572 in
597 1534 756 1573 Graecia
772 1538 957 1573 versatum
977 1548 1059 1573 esse
1080 1535 1214 1583 videri,
1245 1541 1350 1574 acute
1368 1547 1486 1586 nuper
1500 1534 1673 1584 laegerus
1690 1547 1768 1572 mo-

256 1604 337 1641 nuit
359 1603 409 1652 (l.
428 1603 450 1640 l.
471 1617 507 1654 p.
531 1602 585 1644 25
606 1605 731 1652 seq),
772 1602 937 1640 adhibito
958 1603 1121 1655 inprimis
1141 1602 1221 1640 loco
1243 1602 1296 1648 V,
1325 1605 1401 1643 77:
1455 1598 1499 1642 τὸ
1532 1599 1576 1641 δὲ
1613 1597 1767 1654 ἄριστε-

257 1672 332 1722 ρῆς
352 1666 461 1723 χερὸς
480 1669 615 1721 ἕστηκε
634 1671 796 1722 πρῶτον
817 1665 967 1710 ἐσιόντι
990 1668 1029 1716 ἒς
1050 1666 1097 1709 τὰ
1111 1665 1342 1721 προπύλαια
1359 1666 1406 1708 ro}
1431 1668 1475 1709 ἔν
1492 1672 1543 1724 τῇ
1561 1664 1769 1721 ἀκροπόλι,

257 1740 320 1789 qui
348 1739 466 1789 ipsum
491 1737 601 1775 oculis
621 1750 822 1788 usurpasse
841 1737 1044 1788 Propylaea
1073 1739 1274 1775 certissime
1299 1737 1534 1788 comprobat3
1573 1749 1617 1775 ea
1643 1742 1768 1777 autem

258 1819 369 1856 quum
390 1806 620 1854 Euthymene
649 1806 793 1843 demum
818 1805 1021 1853 Archonte,
1050 1806 1110 1843 Ol.
1129 1806 1205 1854 85,
1237 1805 1263 1845 4
1284 1823 1342 1840 Ξ
1360 1805 1443 1846 437
1470 1818 1503 1842 a·
1525 1804 1612 1842 Chr·
1641 1805 1770 1843 aedifi-

258 1874 332 1911 cari
361 1877 494 1923 coepta
526 1873 599 1910 sint
634 1875 655 1919 s
666 1873 884 1925 Harpocrat.
911 1885 938 1910 s.
977 1872 1063 1919 xz),
1108 1878 1264 1924 apparet
1298 1873 1508 1910 historicum
1545 1876 1631 1922 post
1668 1873 1768 1910 illum

259 1954 396 1979 annum
421 1944 484 1978 aut
516 1940 636 1978 adhuc
662 1945 841 1978 moratum
866 1952 948 1977 esse
976 1940 1012 1976 in
1039 1940 1196 1979 Graecia
1221 1946 1283 1979 aut
1312 1942 1442 1979 itinere
1464 1941 1561 1977 sacto
1591 1941 1673 1978 illuc
1703 1954 1771 1992 pro

259 2013 427 2060 tempore
450 2008 615 2046 rediisse.
671 2006 805 2057 Neque
833 2008 929 2045 enim
961 2007 1051 2044 illud
1077 2009 1247 2057 equidem
1276 2009 1428 2046 dixerim
1456 2012 1583 2046 contra
1609 2013 1770 2048 veterum

260 2076 491 2124 testimonia,
528 2088 601 2113 non
626 2076 749 2113 statim
770 2088 882 2125 quum
904 2074 1045 2112 colonia
1067 2076 1339 2125 deduceretur,
1381 2077 1496 2114 civem
1526 2075 1576 2113 illi
1599 2075 1772 2114 Herodo-

259 2147 338 2181 tum
359 2144 605 2195 adscriptum3
634 2144 702 2181 sed
720 2143 952 2193 intelligimus
979 2156 1022 2180 ex
1043 2143 1261 2194 Thucydide
1286 2144 1323 2191 I,
1353 2147 1407 2186 27
1433 2144 1534 2182 haud
1561 2143 1771 2182 inusitatum

261 2212 393 2259 fuisse,
430 2212 552 2261 utqui
575 2212 724 2248 nomina
752 2224 818 2249 sua
845 2212 893 2248 ad
922 2210 1102 2249 coloniam
1128 2212 1286 2262 aliquam
1315 2209 1476 2262 professi
1494 2215 1639 2260 essent,
1673 2212 1772 2250 certa

261 2278 417 2330 pecunia
436 2279 608 2329 deposita
632 2280 670 2316 in
688 2281 807 2330 patria
832 2284 1022 2317 manerent
1039 2292 1160 2330 neque
1181 2293 1224 2318 eo
1244 2281 1358 2318 secius
1378 2279 1471 2317 illius
1493 2280 1689 2331 participes
1706 2279 1772 2317 ha-

263 2346 437 2384 berentur
465 2346 528 2393 (εἰ
551 2345 594 2386 δέ
617 2362 676 2394 τις
697 2344 740 2388 τὸ
761 2348 986 2401 παραυτίκα
1012 2345 1084 2398 μὲν
1112 2344 1166 2399 μὴ
1191 2345 1322 2387 ἐθέλει
1352 2350 1563 2399 συμπλεῖν,
1601 2345 1772 2398 μετέχειν

265 2410 308 2452 δὲ
337 2408 521 2464 βούλεται
544 2416 614 2465 τῆς
645 2409 852 2462 ἀποικίας,
891 2411 1140 2466 πεντήκοντα
1173 2412 1349 2466 δραχμάς
1372 2414 1597 2455 καταθέντα
1621 2416 1772 2466 Κοριν-

265 2481 364 2527 θίας
383 2478 563 2532 μένειν);
602 2494 669 2520 nec
694 2483 801 2521 video
835 2483 923 2533 quid
953 2484 1096 2530 obstet,
1136 2495 1209 2533 quo
1229 2483 1347 2520 minus
1365 2483 1464 2520 illum
1484 2482 1684 2520 identidem
1706 2495 1773 2533 op-

264 2548 489 2600 portunitate
517 2549 641 2587 oblata
665 2544 829 2587 Athenas
858 2551 1010 2589 rediisse
1036 2564 1270 2597 censeamus3
1309 2551 1415 2589 sicuti
1439 2549 1587 2598 Lysiam
1611 2562 1774 2599 quoque,

266 2616 329 2666 qui
346 2619 384 2654 et
403 2616 484 2666 ipse
509 2617 670 2656 Thurios
691 2619 1012 2667 commigraverat,
1043 2619 1136 2657 circa
1159 2631 1292 2656 anuum
1311 2617 1393 2659 430
1411 2618 1459 2654 ad
1475 2616 1644 2654 visendas
1660 2615 1775 2654 Athe-

266 2697 333 2721 nas
352 2684 498 2723 venisse
525 2685 641 2723 videri
668 2685 786 2732 haud,
821 2689 861 2722 ut
885 2687 1036 2736 opinor,
1076 2685 1364 2737 improbabiliter
1386 2696 1503 2735 nuper
1529 2683 1774 2723 demonstravi

267 2753 305 2789 in
321 2750 515 2802 Ephemer.
536 2752 716 2791 Scholast.
735 2752 803 2791 Nr.
821 2755 876 2794 82
893 2767 931 2804 p.
953 2753 1046 2794 652.
1103 2754 1180 2792 Sed
1200 2767 1247 2792 ne
1268 2754 1305 2790 iu
1324 2752 1378 2789 his
1402 2751 1551 2802 quidem
1572 2751 1775 2790 subsisten-

269 2819 354 2856 dum
389 2824 490 2870 puto.
547 2820 670 2871 Ipsum
698 2821 833 2871 Lysiae
861 2821 1063 2871 exemplum
1088 2822 1283 2866 admonet,
1324 2823 1365 2857 ut
1401 2830 1641 2868 quaeramus,
1683 2818 1774 2868 quid

271 2886 388 2935 egerit
407 2886 619 2926 Herodotus
633 2917 644 2936 ‚
680 2901 790 2939 quum
813 2893 899 2941 post
924 2889 1064 2928 cladem
1085 2888 1310 2926 Siciliensem
1329 2887 1457 2926 Thurii
1476 2885 1524 2924 ab
1543 2884 1774 2924 Atheniensi-
