1904 3304
115 409 181 453 94
239 404 418 454 δέκατος
448 397 592 453 οὗτος.

647 216 1103 259 THALIA.111.

239 334 310 378 καὶ
336 331 524 387 Ἄρειοι,
565 328 791 386 τριηκόσια
829 328 1030 373 τάλαντα.

656 400 924 456 Παρικάνιοι
957 402 1023 453 δὲ,
1059 400 1132 443 καὶ
1155 400 1368 450 Αἰθίοπες
1397 399 1439 441 οἷ
1468 397 1515 441 ἐκ
1572 401 1656 444 246

1430 218 1513 259 173

1101 328 1240 384 νομὸς
1281 326 1403 378 ἕκτος
1441 327 1515 370 καὶ

238 479 313 529 τῆς
342 472 503 530 Ἀσίης,
548 471 806 526 τετρακόσια
843 471 1034 515 τάλαντα
1072 470 1330 526 ἀπαγίνεον·
1376 468 1514 525 νομὸς

211 546 432 600 Ξὲβδομος
469 545 542 589 καὶ
582 545 761 595 δέκατος
802 539 945 594 οὗτος.

1011 547 1280 599 Ματιηνοῖσι
1317 540 1362 584 δὲ
1375 574 1384 590 ,
1437 540 1512 584 καὶ

239 616 505 671 Σάσπειρσι,
563 616 635 660 καὶ
678 613 970 669 Ἀλαροδίοισι
1019 613 1220 670 διηκόσια
1262 610 1509 656 ἐπετέτακτο

210 687 440 730 3τάλαντα.
502 687 636 743 νομὸς
676 686 833 743 ὄγδοος
874 687 946 730 καὶ
988 686 1167 736 δέκατος
1206 680 1347 735 οὗτος.
1406 682 1567 726 Μό-80

239 770 376 814 σχοισι
398 758 464 812 δὲ,
502 760 573 802 καὶ
598 761 901 815 Τιβαρηνοῖσι,
941 758 1014 801 καὶ
1035 756 1277 812 Μάκρωσι,
1315 755 1389 800 καὶ
1411 758 1510 799 Μο-

183 891 272 926 riam
295 894 330 926 et
348 888 641 926 Chorasmiorum
661 888 844 924 desertum

182 946 365 983 Herodoti
389 950 510 982 aetate
533 944 694 982 tenuisse
713 944 843 980 viden-

182 1007 251 1039 tur.
284 1002 390 1039 Conf.
411 1002 471 1048 ΙΙΙ,
497 1003 586 1041 117.
632 1001 733 1044 Quos
754 1000 844 1036 Par-

182 1059 266 1095 thos
281 1060 316 1095 in
338 1060 545 1095 universum
565 1071 631 1107 pro
644 1057 765 1094 Persis
780 1057 844 1093 ha-

182 1116 259 1152 beri
293 1114 369 1152 vult
396 1115 449 1150 vir
475 1115 603 1151 doctus
630 1115 778 1163 quidam
808 1115 844 1150 in

181 1171 336 1208 Hermes
368 1170 506 1216 XXXI,
530 1174 544 1209 1
575 1183 657 1220 pag.
678 1172 768 1210 101.
790 1191 845 1198 —-

181 1227 267 1284 ³,De
292 1223 454 1278 Ἀρείοις
487 1227 580 1265 conf.
613 1226 773 1277 Symbol.
809 1231 846 1263 et

182 1283 385 1332 mytholog.
408 1284 421 1320 Ι
444 1296 528 1333 pag.
558 1285 639 1322 736
672 1284 730 1320 ed.
761 1296 845 1326 see,

184 1341 247 1377 ubi
279 1340 510 1377 Herodotum
533 1339 613 1386 Vll,
644 1342 697 1380 62
728 1339 845 1387 attigi.

183 1396 279 1432 Add.
309 1396 333 1432 I.
358 1397 403 1433 de
424 1397 610 1433 Hammer.
639 1397 675 1432 in
699 1394 844 1432 Annall.

183 1452 313 1490 Vienn.
333 1452 412 1488 Vol.
436 1452 487 1489 IX
506 1466 541 1502 p.
556 1454 608 1492 33
628 1454 760 1502 seqq.“
779 1452 843 1491 Cr.

378 1510 490 1558 Cap.
522 1508 654 1545 XCIV.

241 1560 484 1615 Παρικάνιοι
515 1563 569 1610 δὲ,
602 1564 668 1603 καὶ
694 1565 845 1604 Αἰθίο-

182 1635 253 1666 πες
285 1621 326 1659 οἱ
358 1619 399 1660 ἐκ
426 1623 499 1671 τῆς
529 1616 682 1671 Ἀσίης]
722 1623 844 1666 Quum

181 1678 369 1727 Aethiopes
401 1679 562 1716 Asiatici
588 1679 635 1715 ob
666 1678 756 1725 Vll,
791 1681 843 1718 70

181 1747 297 1784 prope
318 1735 458 1772 lndiam
488 1735 524 1770 in
551 1739 647 1772 terra
669 1734 842 1781 Makran,

180 1790 286 1827 Haur
324 1791 475 1840 aliisque
518 1792 591 1828 sint
628 1792 843 1838 collocandi,

188 1845 395 1883 Paricmzz'os
424 1847 571 1885 minime
608 1861 674 1898 pro
708 1849 844 1885 Barca-

183 1903 249 1938 niis
263 1931 273 1947 ,
305 1904 365 1951 qui
386 1904 422 1938 in
446 1904 596 1952 regione
618 1904 760 1941 Balkan
779 1905 844 1941 ha-

184 1959 353 2004 bitarint,
391 1959 579 1997 habendos
609 1974 690 1998 esse
718 1966 844 1998 monet

182 2013 336 2052 Rennel.
366 2014 386 2051 l.
406 2015 426 2051 l.
460 2029 544 2065 pag.
566 2016 667 2063 517,
697 2018 764 2054 sed
792 2017 845 2053 vi-

183 2070 261 2107 deri
280 2072 400 2120 potius
425 2076 461 2108 et
482 2073 581 2121 ipsos
603 2073 640 2108 in
659 2073 842 2110 Gedrosia

182 2126 257 2163 sive
278 2132 372 2164 terra
384 2127 540 2164 Makran
567 2129 763 2175 habitasse,
783 2130 844 2166 ubi

182 2183 267 2219 urbs
287 2183 421 2230 Purah,
452 2197 547 2233 quae
566 2184 763 2222 Alexandri
783 2199 845 2223 ae·

182 2243 256 2277 tate
287 2246 527 2287 memoretur,
558 2247 666 2292 eaput
692 2242 845 2279 forsitan

181 2296 302 2333 suerit.
350 2296 420 2332 Pro
442 2297 587 2334 Colchis
606 2298 731 2335 habuit
751 2298 846 2335 Lar-

181 2352 332 2399 cherus,
365 2366 471 2402 quem
502 2354 632 2391 refellit
659 2355 843 2403 Schwgh‚

182 2409 243 2457 qui
266 2410 312 2446 ob
334 2409 413 2456 Vll,
442 2412 518 2456 68,
550 2411 609 2447 ubi
635 2424 715 2447 cum
745 2411 842 2448 Utiis

181 2470 217 2501 et
236 2464 363 2513 Mycis,
396 2466 587 2515 Erythraei
610 2468 717 2504 maris
744 2468 844 2504 inco-

180 2519 221 2556 lis
242 2523 476 2558 nominantur
496 2523 686 2570 Paricanii,
709 2537 770 2561 eos
791 2525 844 2560 vi-

181 2576 279 2612 cinos
320 2578 373 2614 his
406 2579 492 2628 ipsis
527 2580 697 2628 gentibus
732 2581 844 2618 fuisse

182 2634 317 2669 statuit.
345 2634 401 2670 Ad
418 2634 548 2672 Indum
566 2637 713 2673 fluvium
730 2637 843 2674 adeo-

183 2699 254 2735 que
294 2689 329 2724 in
363 2690 567 2730 Gedrosiae
615 2697 651 2730 et
690 2693 842 2730 Carma-

184 2744 266 2779 niae
303 2746 511 2791 regionibus
555 2750 662 2786 sedes
695 2750 842 2786 Aethio-

180 2811 265 2848 pum
283 2800 516 2839 Asiaticorum
536 2806 764 2853 quaerendas
783 2819 843 2843 es-

184 2867 224 2893 se
253 2858 443 2894 contendit
461 2858 677 2899 Billerbeck.
704 2862 728 2900 l.
751 2861 773 2899 l.
803 2876 842 2914 p.

906 886 956 927 15
977 886 1190 936 praesertim
1216 898 1296 922 cum
1316 885 1352 921 in
1380 884 1435 921 his
1459 884 1565 922 terris

903 944 1099 980 etiamnum
1133 942 1298 978 homines
1326 942 1418 979 facie
1451 942 1567 990 nigri-

903 1000 999 1036 canti
1036 1000 1277 1036 inveniantur.
1346 997 1426 1035 Nec
1462 998 1566 1035 aliter

901 1058 978 1093 fere
996 1055 1215 1093 Maltebrun.
1239 1055 1261 1092 l.
1282 1054 1305 1092 l.
1333 1068 1370 1106 p.
1394 1052 1488 1094 342.
1510 1076 1566 1082 -—

903 1113 1012 1150 Conf.
1037 1112 1098 1160 lll,
1118 1115 1183 1153 92.
1624 1108 1626 1110 V

961 1172 1208 1219 Ματιηνοῖσι
1235 1165 1277 1207 δὲ
1294 1183 1329 1206 κ.
1344 1166 1384 1206 ’τ.
1407 1167 1458 1219 A]
1490 1167 1566 1204 Vo-

904 1225 1018 1263 culam
1042 1225 1092 1264 δέ
1118 1239 1197 1263 cum
1215 1225 1509 1274 Schweighaeus.
1530 1228 1569 1261 et

904 1283 1019 1319 Gaisf.
1039 1283 1186 1323 inserui.
1231 1282 1289 1319 De
1313 1281 1490 1320 ,Matienis
1512 1281 1569 1318 di-

903 1340 1018 1375 ximus
1050 1340 1097 1376 ad
1130 1339 1156 1385 l,
1182 1341 1255 1384 72,
1287 1340 1334 1376 de
1359 1338 1569 1388 Saspirzhus

903 1396 996 1440 adl,
1022 1395 1109 1435 104.
1148 1395 1232 1432 Hoc
1254 1396 1366 1442 addo,
1398 1395 1568 1432 Maltebr.

904 1451 959 1489 l.l.
974 1452 1158 1489 Matienos
1176 1451 1351 1490 collocare
1374 1452 1411 1488 in
1432 1453 1475 1488 iis
1495 1455 1570 1499 ter-

902 1509 964 1556 ris,
996 1509 1057 1544 ubi
1079 1508 1176 1545 lacus
1196 1508 1384 1554 Ourmiah,
1398 1508 1567 1558 Saspires

902 1565 938 1601 in
961 1565 1126 1602 Caucaso
1156 1565 1249 1601 circa
1269 1565 1394 1602 urbem
1415 1565 1566 1611 Erivan,

902 1626 943 1658 ut
973 1634 1066 1659 nunc
1099 1621 1314 1671 appellatur.
1387 1621 1566 1667 Alarodiz',

902 1679 964 1727 qui
993 1678 1102 1715 iidem
1125 1678 1205 1725 Vll,
1224 1680 1277 1719 79
1297 1684 1485 1725 vocantur,
1514 1678 1570 1714 vi-

901 1736 999 1772 cinas
1020 1735 1074 1771 his
1087 1735 1256 1783 gentibus
1267 1736 1375 1772 sedes
1388 1747 1564 1785 occupas-

902 1805 941 1829 se
958 1791 1136 1828 videntur.
1176 1791 1248 1835 Qui
1268 1796 1387 1829 utrum
1398 1804 1464 1841 pro
1476 1791 1565 1828 Ala-

899 1861 1029 1885 norum
1059 1848 1255 1885 maioribus
1286 1848 1358 1885 sint
1387 1848 1563 1894 habendi,

900 1905 1042 1953 quaerit
1062 1904 1194 1942 Ritter.
1213 1903 1459 1943 ErdkundelI
1477 1917 1563 1956 pag.

902 1961 995 2001 849.
1015 1963 1110 2000 922.

960 2012 1164 2067 lllo'oxoto‘t
1201 2014 1256 2064 δὲ,
1288 2016 1355 2057 καὶ
1394 2017 1564 2068 Τιβαρη-

901 2076 1007 2112 νοῖσι
1035 2088 1069 2111 κ.
1098 2088 1129 2111 τ.
1158 2073 1215 2123 t]
1256 2074 1359 2111 Haec
1390 2075 1566 2129 satrapia,

901 2130 1122 2167 observante
1159 2130 1314 2167 Rennel.
1350 2142 1435 2180 pag.
1467 2132 1564 2175 507,

902 2187 1077 2223 orientem
1098 2199 1223 2223 versus
1248 2199 1364 2235 usque
1390 2187 1438 2223 ad
1469 2185 1567 2224 Pha-

903 2243 989 2279 sidis
1020 2247 1055 2280 et
1080 2242 1167 2292 Cyri
1193 2244 1317 2280 fontes
1347 2243 1566 2293 pertinebat,

901 2299 1127 2336 occidentem
1175 2312 1301 2336 versus
1350 2312 1468 2348 usque
1516 2299 1566 2336 ad

902 2355 1217 2393 Thermodontem
1240 2356 1388 2392 fiuvium
1409 2361 1446 2393 et
1466 2355 1567 2392 Pon-

901 2416 976 2449 tum
1000 2412 1193 2458 Euxinum,
1225 2425 1246 2449 a
1264 2413 1416 2450 meridie
1436 2411 1566 2449 Arme-

900 2469 983 2506 niae
1002 2469 1185 2506 montibus
1194 2469 1473 2507 terminabatur.
1495 2467 1567 2505 At-

901 2538 972 2574 que
999 2539 1079 2562 cum
1101 2526 1320 2576 Xenophon.
1346 2526 1382 2562 in
1404 2524 1564 2562 Anabas.

900 2582 945 2629 V,
964 2583 1104 2631 3seqq.
1126 2581 1192 2618 has
1216 2582 1364 2619 easdem
1385 2582 1461 2619 fere
1474 2594 1566 2630 gen-

901 2642 958 2675 tes
978 2640 1142 2675 nominet
1164 2639 1209 2675 ab
1234 2639 1373 2676 oriente
1395 2639 1564 2675 occiden-

900 2698 975 2731 tem
999 2707 1124 2732 versus
1144 2695 1376 2745 proficiscens
1397 2706 1464 2744 per
1491 2698 1563 2731 ter-

899 2763 958 2787 ras
981 2750 1215 2797 Macronum,
1245 2750 1563 2799 Mosynoecorum,

900 2807 1102 2854 Chalybum
1123 2812 1161 2845 et
1180 2807 1460 2851 Tibarenorum,
1481 2805 1561 2842 He-

900 2864 1055 2900 rodotus
1078 2863 1161 2909 Vll,
1184 2865 1237 2903 78
1255 2861 1436 2900 Rennelio
1457 2861 1561 2898 vide-
