1904 3304
78 630 100 656 A
131 628 196 656 'Par
219 628 279 655 stan
317 628 355 655 ad

76 662 187 690 benum
231 663 355 689 adiau<

77 704 131 723 nos
143 696 173 722 Μ
186 699 353 722 numerant:

77 737 185 756 auruni
237 738 250 755 ε
274 738 315 755 cn

79 763 175 798 [c.5.]
196 771 213 789 a
232 763 354 797 regibus

94 797 274 824 custoditum
308 801 338 822 et

77 830 213 857 cndtunn:
347 829 354 835 '

409 242 494 282 284
805 235 1272 276 HERODOTI

415 348 630 404 Τράσπιες
655 346 909 391 καλέονται·
963 345 1049 390 άπὸ
1082 345 1127 389 δὲ
1166 349 1246 389 τοῦ
1277 342 1497 388 νεωτάτου
1529 342 1677 387 αὐτῶν

409 420 513 472 τούς
550 418 776 476 βασιλέας,
818 421 861 461 οἳ
886 419 1117 463 καλέονται
1149 415 1427 470 Παραλάται·
1483 414 1732 470 σύμπασι85

410 492 456 536 δὲ
479 489 589 535 εἶναι
610 488 779 544 οὔνομα
795 488 1060 540 Σκολότους,
1091 492 1172 532 τοῦ
1192 486 1390 543 βασιλέος
1413 487 1676 542 ἐπωνυμίην.

268 837 355 863 regni

315 564 347 607 ’6
407 561 593 612 Σκύθας
618 559 882 616 δὲἽῖλληνες
913 558 1183 615 οὐνόμασαν.
1233 558 1473 613 Γεγονέναι
1495 557 1573 612 μέν
1594 556 1679 600 νύν

415 645 552 688 σφεας
594 626 677 675 ὦδε
710 632 888 687 λέγουσι
926 634 970 674 οἱ
998 631 1197 674 Σκύθαι·
1248 628 1341 671 ἔτεα
1372 627 1417 671 δέ
1448 641 1551 684 σφι,
1591 628 1680 671 ἐπεί

411 721 455 748 τε
484 703 710 759 γεγόνασι,
753 702 806 745 τά
845 701 1076 758 σύμπαντα
1115 701 1293 756 λέγουσι
1331 697 1441 742 εἶναι
1480 698 1566 742 άπὸ
1598 703 1736 742 ¹1:01390

411 774 592 830 πρώτου
623 774 823 830 βασιλέος
858 772 1107 830 Ταργιτάου
1138 773 1179 824 ἐς
1207 771 1287 828 τὴν
1307 772 1502 826 Δαρείου
1533 770 1677 826 διάβα·

76 865 354 924 ῗὲξὲἰρςῗιπριῐῖεθιιιέῗῑ
411 858 482 891 σιν
510 845 590 903 τὴν
620 845 688 888 ἐπὶ
719 844 876 900 σφέας,
908 847 1057 901 χιλίων
1088 841 1142 887 οὐ
1172 844 1307 893 πλέω,
1338 841 1447 886 ἀλλὰ
1475 846 1679 885 τοσαῦτα.

75 930 354 998 ἑᾟήξέἔὲιιιῐξῖιῐιῖιηῖξ
386 916 509 962 ΞΤόν
540 916 586 960 δὲ
616 916 780 972 χρυσὸν
810 921 971 960 τοῦτον
1002 915 1080 959 τόν
1111 915 1209 970 ἱρὸν
1236 914 1514 971 φυλάσσουσι
1540 914 1583 956 οἱ
1603 916 1680 969 βα-

75 1000 181 1032 peunis
221 998 352 1033 oppleta·
412 988 547 1038 σιλέες
576 987 619 1038 ἐς
647 988 699 1031 τοὶ
729 987 937 1045 μάλιστα,
968 987 1040 1031 καὶ
1071 988 1254 1044 θυσίῃσι
1276 985 1483 1043 μεγάλῃσι
1508 983 1678 1028 ἱλασκό-

77 1033 119 1066 [c.
137 1033 196 1067 31.]

411 1131 663 1187 Παραλάται]
699 1133 780 1170 Huc
800 1134 912 1170 refert
929 1131 1018 1168 Rei-

352 1193 475 1231 chard.
512 1192 534 1228 l.
564 1191 586 1227 l.
630 1204 714 1241 pag.
750 1188 801 1230 14
840 1189 1016 1239 oppidum

356 1248 570 1286 Pereaslawl
596 1248 632 1284 in
653 1247 829 1295 gubernio
841 1246 1015 1283 Pultawa.

353 1306 415 1342 Ad
448 1318 580 1342 nomen
601 1298 826 1348 Σκολότους
844 1303 940 1339 idem
961 1314 1017 1337 re-

354 1363 439 1400 ferri
456 1362 533 1398 vult
554 1361 661 1397 urbes
685 1358 802 1396 ,Sl-low
825 1360 861 1395 in
881 1359 1015 1407 guber-

354 1419 415 1455 nio
435 1417 628 1464 Mohilew,
670 1416 826 1453 Sokolow
849 1422 886 1452 et
908 1414 1017 1452 Sol-0-

355 1475 479 1514 lowlsa.
540 1475 659 1524 Ipsum
696 1472 915 1523 Scytharum
951 1484 1017 1507 no-

356 1545 439 1569 men
459 1531 504 1568 ab
528 1530 674 1578 insigni,
698 1543 771 1578 qua
790 1542 880 1577 gens
895 1527 1016 1572 valuit,

356 1601 459 1625 arcus
489 1587 668 1624 tractandi
703 1585 876 1622 facultate
912 1597 1018 1634 repe-

356 1649 458 1691 tunt,
500 1656 579 1680 cum
610 1643 646 1679 in
676 1642 871 1679 Lithuania
899 1640 1018 1677 adhue

358 1703 480 1738 szautz'
506 1700 683 1748 significet
706 1699 881 1744 iaculari,
919 1702 955 1733 et
981 1697 1016 1732 in

356 1758 523 1802 Livonia‚
555 1756 735 1800 Curonia,
767 1755 912 1800 Finnia,
945 1753 1018 1790 La-

357 1814 468 1865 ponia
490 1813 633 1862 sayna,
668 1812 791 1862 lcytta,
816 1824 846 1848 s.
868 1810 929 1860 kyt
953 1810 1018 1846 de·

357 1875 462 1908 notet
481 1871 723 1918 sagittarium.
746 1868 890 1905 Laudat
912 1867 1017 1904 Wes-

358 1927 485 1976 seling.
509 1927 577 1974 (ad
596 1926 749 1963 Diodor.
771 1925 843 1961 Sic.
876 1923 922 1970 ΙΙ,
942 1921 1017 1970 43)

356 1984 490 2032 Bayer.
508 1985 543 2019 in
563 1982 661 2019 Diss.
678 1983 726 2019 de
744 1982 839 2030 orig.
852 1981 916 2028 Sc)
926 1978 1016 2016 thar.

358 2041 394 2076 in
426 2040 651 2077 Commentt.
683 2038 795 2075 Acad.
832 2035 1016 2085 l'etropol.

354 2097 370 2133 I
403 2109 441 2147 p.
472 2097 566 2136 391.
609 2094 689 2133 Nos
713 2096 760 2132 de
785 2094 1016 2144 Scytharum,

355 2166 384 2190 s.
416 2153 594 2189 Sacarum
631 2151 877 2202 appellatione
913 2148 1018 2199 plura

354 2209 540 2246 attulimus
583 2209 632 2245 ad
667 2209 815 2245 Ctesiae
849 2208 1014 2254 fragmm.

354 2279 392 2316 p.
416 2267 481 2305 96.
502 2267 567 2305 97.
618 2265 737 2308 Quem
759 2265 806 2301 ibi
828 2263 1016 2300 citavimus

361 2322 385 2358 Ι.
405 2322 452 2359 de
469 2321 655 2358 Hammer.
686 2321 723 2356 in
739 2318 882 2357 Annali.
908 2319 1018 2355 Vien-

359 2377 480 2414 n‘cnss
503 2377 550 2414 lX
570 2389 656 2427 pag.
677 2376 754 2423 43,
785 2377 814 2412 is
838 2374 1018 2412 Herodoti

361 2429 583 2478 Σκολότους
612 2434 725 2470 refert
758 2433 806 2469 ad
835 2431 1017 2468 Persicam

361 2503 486 2528 vocem
511 2488 681 2526 Ssakalib
709 2490 764 2535 (in
795 2486 922 2538 plurali
951 2500 1017 2523 nu-

361 2560 461 2584 mero
491 2559 513 2583 a
534 2545 711 2590 Ssalflab,
741 2546 816 2582 sive
838 2542 1017 2591 Ssolflob),

362 2603 435 2652 qua
477 2603 512 2639 in
551 2602 708 2639 carmine
745 2600 1017 2637 Schachnameh

360 2659 551 2697 Slavorum
577 2671 666 2708 gens
687 2658 902 2704 designatur
924 2657 1018 2692 inter

362 2720 491 2765 gentes
501 2715 693 2752 Turanias.
722 2713 842 2756 Quam
862 2713 1015 2750 eandem

362 2785 443 2810 esse
485 2776 596 2820 atque
632 2770 810 2807 Sacarum
854 2772 1016 2817 gentem,

361 2830 440 2879 ipso
460 2828 605 2865 nominc
632 2827 782 2864 indicari
813 2826 908 2862 idem
929 2837 1016 2861 con-

359 2885 488 2923 tendit.
511 2907 565 2912 --
601 2883 689 2921 Mox
718 2882 885 2934 rescripsi
906 2882 1014 2933 βασι-

1074 1128 1162 1177 λέος
1194 1136 1231 1168 ct
1264 1143 1340 1180 cap.
1368 1143 1446 1178 seq.
1474 1127 1657 1180 βασιλέος
1694 1141 1737 1166 ac

1074 1186 1273 1238 βασιλέες,
1325 1187 1454 1223 eodem
1485 1188 1620 1223 Struve
1657 1198 1736 1221 mo-

1074 1249 1184 1281 nente
1205 1244 1227 1281 l.
1252 1243 1274 1279 l.
1298 1256 1383 1293 pag.
1408 1246 1468 1283 10.
1497 1245 1558 1283 16.
1598 1242 1738 1290 Vulga-

1074 1305 1148 1337 tam
1177 1300 1368 1338 lectionem
1393 1299 1584 1350 βασιλῆος
1605 1302 1644 1336 et
1664 1299 1735 1347 βα-

1075 1359 1208 1407 σιλῆες
1243 1357 1416 1393 intactam
1451 1356 1508 1393 hic
1539 1355 1736 1404 reliquerat

1075 1414 1261 1450 Gaissord.

1294 1469 1404 1519 Cap.
1435 1469 1513 1506 Vll.

1129 1526 1267 1576 χιλίων
1289 1522 1338 1564 ου’
1358 1525 1478 1576 πλέω]
1502 1526 1603 1563 Darii
1624 1537 1737 1575 expe-

1075 1584 1164 1619 ‹litio
1192 1596 1272 1619 cum
1300 1583 1435 1619 incidat
1464 1584 1501 1618 in
1531 1594 1614 1618 ann.
1652 1581 1734 1618 Per.

1075 1639 1137 1676 lul.
1158 1639 1267 1680 4206
1288 1639 1346 1685 (ut
1370 1639 1540 1676 observat
1561 1638 1607 1674 W
1611 1637 1735 1685 essel.)

1075 1709 1104 1733 s.
1138 1696 1219 1735 508
1249 1708 1281 1731 a.
1303 1695 1391 1732 Chr.
1426 1708 1461 1732 n.
1517 1694 1734 1742 Scytharum

1073 1752 1272 1803 primordia
1307 1765 1386 1788 cuin
1420 1751 1659 1788 lsraelitarum
1691 1763 1735 1787 ex

1073 1808 1246 1858 Aegypto
1258 1809 1419 1845 discessu
1431 1809 1506 1845 sere
1516 1812 1734 1856 congruunt.

1074 1866 1171 1902 Hinc
1188 1864 1358 1901 Larcher.
1379 1865 1596 1913 Scytharum
1623 1864 1736 1912 origi-

1074 1935 1139 1959 nes
1172 1922 1275 1971 ponit
1295 1922 1330 1957 in
1360 1934 1444 1958 ann.
1472 1921 1577 1961 1508
1596 1933 1630 1957 a.
1648 1919 1735 1957 Chr.

1074 1992 1134 2025 n.,
1182 1977 1427 2015 Israelitarum
1466 1978 1662 2014 discessum
1696 1976 1734 2012 in

1075 2048 1158 2072 ann.
1185 2034 1291 2075 1531
1312 2047 1334 2071 a
1358 2034 1445 2070 Chr.
1471 2046 1507 2070 n.
1539 2034 1596 2070 Cf.
1623 2033 1733 2070 Tom.

1074 2091 1141 2129 Vll
1162 2104 1248 2141 pag.
1270 2093 1364 2132 570.
1388 2091 1484 2130 571.
1501 2089 1595 2131 635.
1626 2088 1733 2127 Tabl.

1074 2148 1234 2187 chronol.
1613 2168 1616 2174 ·

1131 2203 1197 2243 καὶ
1228 2203 1397 2256 θυσίῃσι
1427 2197 1618 2253 μεγάλῃσι
1651 2199 1732 2238 ἱλα-

1075 2256 1259 2311 σκόμενοι
1281 2258 1527 2310 μετέρχονται
1548 2253 1625 2294 α’νοέ
1650 2258 1732 2294 πᾶν

1076 2316 1175 2367 ἔτος]
1207 2318 1311 2360 Quae
1330 2317 1440 2352 verba
1456 2315 1506 2350 sic
1526 2314 1640 2363 accipi
1657 2314 1733 2350 vult

1075 2373 1310 2420 lVesseling„
1335 2376 1375 2408 ut
1394 2383 1500 2419 reges
1515 2368 1586 2420 [vel
1610 2369 1732 2420 potius

1074 2433 1170 2479 regii
1191 2429 1358 2479 Scythae,
1384 2427 1424 2465 οἱ
1441 2425 1637 2474 βασιλέεςς
1658 2426 1731 2462 vid.

1075 2492 1152 2524 not.
1192 2487 1240 2522 ad
1280 2485 1351 2530 lv,
1389 2481 1438 2532 6]
1479 2483 1567 2519 illud
1604 2495 1730 2519 aurum

1075 2542 1269 2592 quotannis
1298 2540 1528 2577 arcessierint
1558 2539 1595 2575 in
1627 2552 1730 2575 suum

1075 2600 1229 2649 quisque
1251 2610 1426 2646 reguum3
1454 2601 1494 2632 ut
1514 2607 1730 2644 sanequam,

1073 2668 1166 2704 quae
1185 2655 1312 2692 eadem
1326 2658 1383 2690 est
1395 2652 1629 2700 Wesselingii
1646 2663 1730 2690 sen-

1073 2712 1213 2757 tentia,
1264 2710 1352 2746 satis
1392 2709 1522 2746 suisset
1561 2708 1730 2759 θυσίῃσι

1074 2762 1262 2820 μεγάλῃσι
1292 2763 1562 2816 μετέρχονται,
1602 2768 1643 2801 ut
1665 2764 1729 2810 Vl,

1073 2826 1138 2865 69.
1172 2822 1218 2860 At
1240 2824 1315 2860 iure
1347 2822 1435 2860 haec
1461 2820 1728 2871 interpretatio,

1071 2880 1088 2917 Ι
1090 2880 1253 2918 ,ιιῑςΙιοτο
1263 2892 1348 2917 vern
1354 2879 1528 2928 aculoque
1539 2878 1728 2928 interpreti

1742 490 1823 531 283
