1904 3304
92 995 155 1025 Elis·
185 1007 244 1025 non

90 1031 200 1059 mutos.

417 222 502 262 336

807 223 1278 265 HERODOTI

416 333 537 387 βοῶν
569 329 617 374 τὸ
656 331 791 375 κόλον
822 330 894 375 &wi
925 334 1062 375 ταῦτα
1093 331 1147 376 οὕ
1183 335 1314 390 φύειν
1351 336 1478 392 κέρεα
1506 336 1678 382 αὐτόθι.

390 409 412 442 2
426 402 658 458 μαρτυρέει
689 402 734 446 δέ
765 418 840 457 μοι
863 404 916 459 τῇ
944 403 1096 461 γνώμῃ
1120 402 1315 462 Ὁμήρου
1336 407 1437 459 ἔπος
1460 408 1506 452 ἐν
1532 407 1681 454 Ὀδυσ-

422 475 513 531 σείῃ
527 507 536 523 ,
568 473 665 529 ἔχον
696 470 798 516 ὦδε·

456 564 531 598 Καὶ
555 560 722 608 Λιβύην,
757 560 826 597 ὅθι
849 559 890 597 τ’
916 558 1026 608 ἄρνες
1054 560 1160 610 ἄφαρ
1184 565 1311 610 κεραοὶ
1334 566 1538 602 τελέθουσι.

423 642 571 696 ὀρθῶς
601 642 842 697 εἰρημένον,
877 640 925 685 ἐν
946 648 1059 686 τοῖσι
1089 648 1292 699 θερμοῖσι
1315 645 1423 702 ταχύ
1453 649 1744 704 παραγίνε-Ξο

393 719 532 757 Βσθαι
561 713 614 756 τὰ
643 712 781 768 κέρεα.
839 713 887 757 ἐν
918 714 963 757 δὲ
993 720 1107 758 τοῖσι
1136 718 1351 771 ἰσχυροῖσι
1385 718 1539 773 ψύχεσι
1574 719 1604 774 ἦ
1633 719 1686 763 οὐ

425 784 529 840 φύει
558 783 686 839 κέρεα
714 784 766 828 τὰ
797 785 954 842 κτήνεα
985 784 1146 842 ἀρχὴν,
1193 788 1221 843 ἢ
1260 787 1435 844 φύοντα
1472 789 1577 846 φύει
1614 791 1690 847 μό-

423 873 504 912 γις.
545 856 739 900 ἐνθαῦτα
768 856 847 911 μέν
876 874 961 900 νυν
992 858 1064 900 διὰ
1093 857 1146 901 τὰ
1175 858 1316 914 ψύχεα
1345 862 1510 915 γίνεται
1538 866 1688 905 ταῦτα.

297 933 363 978 30
425 927 650 984 Θωυμοέζω
682 926 749 978 δὲ,
791 928 1076 984 (προσθήκας
1116 929 1199 984 γὰρ
1232 931 1285 987 δή
1319 948 1393 986 μοι
1433 931 1457 976 ὁ
1488 933 1620 988 λόγος
1648 933 1691 985 ἐξ

270 998 368 1032 ἔῑμῑῑ
425 999 556 1055 ἀρχῆς
595 999 810 1055 mimo.)
852 998 918 1042 ὅτι
958 1000 1004 1044 ἐν
1043 1005 1096 1058 τῇ
1131 1000 1274 1058 ἸΙλείῃ
1316 1001 1431 1059 πάσῃ
1473 1003 1591 1060 χώρῃ
1633 1002 1687 1048 οὐ
1753 1019 1836 1062 294

425 1072 630 1114 δυνέαται
658 1072 859 1126 γίνεσθαι
890 1071 1088 1126 ἡμίονοι,
1121 1072 1221 1116 οὔτε
1243 1077 1418 1129 ψυχροῦ
1443 1079 1523 1118 τοῦ
1543 1074 1746 1131 χώρου36

395 1141 595 1194 Ξὲόντος,
630 1140 730 1186 οὔτε
761 1141 897 1186 ἄλλου
927 1147 1125 1200 φανεροῦ
1155 1145 1298 1188 αἰτίου
1330 1143 1521 1197 οὐδενός.
1581 1147 1689 1202 φασὶ

562 1334 675 1386 Cap.
704 1335 838 1373 XXIX.

425 1387 468 1431 τὸ
492 1386 632 1444 κόλον]
692 1393 940 1441 „Eustathius
979 1394 1030 1431 ait

369 1443 492 1488 κόλον
518 1449 644 1486 Ionum
668 1462 749 1488 esse
786 1455 824 1488 et
854 1452 1030 1501 κυριολε-

370 1509 555 1544 utalaam
573 1507 621 1544 de
644 1507 816 1544 arietibus
843 1512 880 1544 et
899 1508 1029 1553 bobus,

369 1563 538 1600 cornibus
560 1563 723 1609 desectis,
747 1565 793 1600 ad
811 1564 911 1600 Iliad.
933 1580 960 1602 π
991 1577 1027 1613 p.

372 1618 495 1664 1049,
516 1621 566 1659 17
585 1633 612 1655 S.
638 1621 758 1667 1062,
782 1622 848 1659 30.
880 1621 1029 1670 Oppor-

371 1679 458 1712 tune
479 1675 724 1725 Hippocrates
744 1677 790 1713 de
813 1677 1030 1725 Scytharum

371 1731 555 1768 curribus:
576 1747 645 1778 τας
667 1730 708 1770 δὲ
731 1729 884 1783 ἁμάξας
898 1733 1030 1771 ελκου-

374 1799 412 1826 σι
415 1783 568 1854 ζεύγεα
588 1811 638 1814 -
652 1789 762 1839 βοων
782 1788 906 1840 κέρως
927 1786 1028 1838 ἄτερ·

374 1839 424 1883 ου’
442 1841 515 1896 γοῖρ
539 1843 669 1894 ε’χουσι
686 1844 828 1897 κέρατα
847 1843 927 1885 ύπο
949 1842 1031 1895 ψύ-

373 1915 482 1951 χεος,
518 1901 575 1938 De
596 1914 669 1938 aer.
691 1915 750 1951 aq.
776 1907 817 1940 et
835 1903 921 1940 loce
943 1916 1029 1953 pag.

373 1959 451 1999 291
499 1956 552 2008 [ᾖ.
580 1959 633 1999 93
659 1958 793 2008 Cor.].‘
784 1960 807 1978 “
854 1959 1031 1996 „sesse-

372 2013 491 2062 ling.
522 2015 687 2064 Respicit
700 2015 913 2053 Herodotea
934 2017 1031 2053 idem

370 2069 538 2107 Eustath.
570 2072 619 2107 ad
641 2072 775 2120 Odyss.
798 2086 883 2122 pag.
914 2072 1033 2118 1485,

375 2127 427 2167 10
450 2139 477 2164 s.
506 2127 598 2174 152,
633 2127 698 2168 35.
759 2129 865 2173 Quae
897 2129 1031 2166 Strabo

372 2183 510 2232 profert
534 2183 601 2220 VH
634 2197 670 2234 p.
703 2187 783 2226 307
814 2198 842 2221 s·
872 2185 950 2226 471
975 2185 1032 2233 C.‚

373 2252 417 2276 ex
431 2239 654 2277 Herodoteis
671 2242 816 2279 fluxisse
838 2248 935 2280 recte
955 2255 1033 2278 mo-

373 2299 436 2332 net
450 2295 622 2333 Valcken.
655 2297 763 2334 Italus
783 2298 964 2335 Herodoti
977 2299 1033 2336 in-

372 2355 515 2401 terpres
537 2353 695 2402 itemque
717 2354 854 2391 Coraes
875 2357 921 2392 ad
937 2355 1032 2405 Hip-

372 2420 472 2458 pocr.
490 2407 512 2444 i.
543 2410 752 2446 recentioris
782 2412 1033 2460 peregrinato-

372 2464 443 2510 ris,
475 2463 617 2512 Pallas,
647 2465 753 2503 affert
774 2468 1032 2513 testimonium,

375 2519 556 2569 hodieque
575 2534 640 2571 per
649 2521 844 2560 Tartariae
864 2524 1031 2573 regiones

376 2576 527 2614 inveniri
575 2577 662 2613 alias
703 2591 850 2627 quoque
886 2581 1033 2627 bestias,

377 2633 558 2670 cornubus
582 2638 760 2680 carente-³,
782 2648 813 2671 v.
839 2649 868 2673 c.
890 2650 1033 2687 capr05,

377 2690 520 2727 arietes.

435 2743 643 2811 μαρτυρέει
666 2743 708 2784 δέ
731 2761 798 2796 μοι
819 2749 868 2800 τῇ
894 2743 1033 2802 γνώμῃ

376 2797 554 2854 Ομήρου
588 2801 694 2853 ε’πος]
735 2803 884 2840 Retinui
911 2804 994 2840 v‹ul
971 2817 1036 2852 g-a

377 2861 476 2905 tam,
506 2858 678 2906 Medicei,
706 2858 919 2908 Florentini‚
945 2861 1034 2897 alio-

1086 1348 1163 1372 rum
1179 1336 1396 1374 auctoritate
1415 1336 1605 1375 firmatam.
1648 1337 1746 1376 Nam

1086 1406 1153 1442 pro
1173 1391 1215 1431 δέ
1241 1408 1309 1443 Ιιιοι
1333 1399 1572 1444 reposuerant
1599 1393 1641 1433 δέ
1668 1409 1746 1444 μου

1087 1453 1123 1487 et
1173 1454 1259 1487 ante
1293 1445 1469 1501 Ὀμήρου
1519 1452 1748 1490 inseruerant

1086 1506 1174 1553 καί,
1224 1511 1417 1556 utrumque
1455 1520 1498 1545 ex
1537 1508 1670 1545 Aldina
1711 1512 1748 1546 et

1086 1564 1270 1600 Sancrosti
1289 1564 1390 1600 libro.
1413 1585 1470 1591 —-
1498 1564 1649 1602 Homeri
1666 1577 1748 1602 ver-

1086 1632 1158 1664 sus,
1181 1619 1241 1667 qui
1263 1621 1404 1665 citatur,
1429 1625 1545 1657 exstat
1565 1622 1599 1657 in
1611 1622 1746 1671 Odyss.

1086 1676 1149 1720 l‘x',
1173 1676 1238 1715 85.
1276 1676 1335 1713 Tu
1358 1677 1453 1713 conf.
1477 1682 1572 1714 nott.
1598 1677 1645 1714 ad
1669 1678 1746 1715 He-

1085 1732 1205 1769 rodot.
1229 1732 1275 1778 ΙΙ,
1302 1734 1391 1773 116.

1145 1785 1255 1838 ἄφαρ
1315 1787 1450 1836 κεραοὶ
1513 1786 1746 1839 τελέθουσι]

1088 1844 1314 1882 Scholiastae
1340 1846 1528 1882 Homerici
1566 1846 1748 1896 interpre-

1088 1902 1282 1938 tationem:
1312 1900 1456 1952 ταχέως
1478 1903 1748 1953 κερατοφυοῦ-

1090 1969 1128 1995 σι
1152 1954 1217 1995 δια
1236 1954 1309 2007 τήν
1330 1954 1552 2009 θερμότητα
1570 1972 1649 1996 cum
1670 1959 1748 1996 He·

1088 2014 1219 2050 rodoto
1239 2016 1431 2053 convenire
1444 2022 1569 2053 monet
1579 2014 1747 2053 Nitzsch.

1089 2071 1124 2107 in
1149 2075 1239 2108 nott.
1259 2072 1306 2108 ad
1330 2072 1484 2109 Homeri
1512 2072 1533 2109 l.
1554 2071 1576 2108 l.
1596 2085 1631 2122 p.
1650 2071 1745 2112 241.

1089 2127 1141 2164 Ac
1161 2140 1248 2165 sane
1267 2128 1413 2179 saepius
1433 2129 1532 2178 apud
1544 2129 1746 2166 Homerum

1088 2183 1268 2222 invenitur
1290 2181 1399 2237 ἄφαρ
1421 2187 1510 2232 cito,
1543 2184 1707 2222 celeriter.

1286 2275 1393 2325 Cap.
1429 2273 1547 2311 XXX.
1618 2288 1620 2295 ’

1145 2348 1382 2404 προσθήκας
1400 2374 1455 2379 -
1473 2351 1639 2402 ἐδίζητο]
1671 2351 1747 2391 ἐδί-

1091 2410 1179 2459 ζητο
1214 2423 1280 2460 pro
1308 2409 1450 2455 ἐδίζετο
1490 2409 1633 2446 exhibui
1664 2422 1746 2446 cum

1089 2472 1242 2503 recentt.
1261 2466 1346 2503 edd.
1378 2466 1434 2502 Cf.
1456 2464 1484 2511 I,
1505 2464 1569 2505 65.
1601 2465 1641 2501 ln
1661 2465 1747 2514 qui-

1089 2523 1241 2559 busdam
1275 2522 1373 2558 libris
1420 2526 1537 2558 exstat
1574 2517 1747 2571 ἐζήτησε,

1091 2592 1186 2629 quae
1206 2578 1373 2627 vulgatae
1391 2577 1554 2615 lectionis
1575 2585 1629 2615 est
1649 2578 1747 2627 glos-

1092 2648 1143 2673 sa.
1175 2629 1413 2684 προσθήκας
1432 2635 1630 2671 additiones
1653 2634 1747 2672 acci-

1091 2693 1153 2742 pio
1189 2691 1442 2739 digressiones,
1501 2692 1631 2740 quibus
1666 2689 1747 2728 No-

1093 2753 1206 2785 strum
1229 2748 1334 2785 valde
1357 2747 1532 2785 delectari
1551 2760 1658 2785 nemo
1682 2759 1746 2784 ne-

1093 2805 1170 2841 scit.
1212 2804 1319 2841 Conf.
1352 2807 1442 2841 nott.
1467 2805 1515 2842 ad
1538 2804 1565 2851 1,
1593 2806 1646 2845 23
1667 2802 1747 2840 coll.

1092 2860 1157 2906 111,
1175 2862 1240 2900 60.
1271 2860 1333 2908 lv,
1357 2863 1448 2902 167.
