1904 3304
488 212 1050 254 MELPOMENE.

1108 211 1170 250 IV.
1376 212 1459 254 599

170 324 350 384 Βγλυκύ.
408 324 505 379 περὶ
544 324 589 368 δὲ
628 321 731 367 αὐτὸ
773 323 1001 377 ἄνθρωποι
1045 321 1238 366 οἰκέουσι
1278 322 1504 377 {ozai-0055

168 397 307 451 4πρὸς
338 399 413 451 τῆς
447 395 632 451 ἐρήμου,
675 395 747 438 καὶ
776 393 884 448 ὑπὲρ
913 399 987 449 τῆς
1016 393 1269 448 θηριώδεος.
1327 396 1457 447 Πρῶ-

195 485 264 511 τοι
292 467 391 522 μὲν,
423 463 508 509 ἀπὸ
543 467 719 522 Θηβέων
750 465 820 508 διά
852 466 954 508 δέκα
985 464 1180 520 ἡμερέων
1211 462 1334 516 ὁδοῦ,
1361 461 1458 518 Ἀμ-

195 537 372 594 μώνιοι,
418 538 583 593 ἔχοντες
617 536 666 581 τὸ
705 537 802 591 ἱρόν
844 535 930 579 ἀπὸ
965 540 1046 579 τοῦ
1081 536 1294 591 Θηβαιέος
1324 534 1452 585 Διός·
1502 577 1506 588 ,

139 716 316 767 Ecphras.
334 717 429 754 Stat.
449 729 477 753 c.
500 714 561 755 14.
581 713 747 751 Eustath.
762 715 798 751 in

137 772 287 810 Homer.
312 786 347 823 p.
372 772 465 815 995,
487 773 540 812 30
563 785 591 807 s,
612 772 706 816 990,
728 771 795 816 45,

138 833 311 867 monente
330 828 572 877 wesseling„
592 828 653 875 qui
674 827 796 863 Shaw.

139 898 287 934 quoque
322 885 449 921 laudat
484 885 530 920 de
566 883 649 919 salis
685 883 797 920 ubere

137 954 204 992 per
224 942 288 978 hos
307 940 450 989 Libyae
469 944 605 976 tractus
630 940 736 988 copia
761 943 797 976 et

138 1009 248 1034 causa
272 997 466 1034 fertilitatis
486 1000 695 1032 testantem.
740 994 795 1031 Ac

135 1054 406 1090 recentissimus
434 1053 582 1089 istarum
605 1051 794 1099 regionum

135 1110 411 1160 peregrinator,
458 1107 628 1145 Minutoli
655 1107 679 1144 l.
705 1107 728 1144 l.
758 1112 795 1144 et

135 1166 214 1215 ipse
235 1166 404 1202 observat
417 1165 535 1201 fontes
548 1163 659 1200 dulcis
678 1176 795 1212 aquae

135 1221 363 1272 prosilientes
386 1234 406 1258 e
433 1220 510 1257 solo
534 1220 725 1257 salinario:
756 1220 794 1257 id

137 1279 236 1327 quod
265 1276 436 1315 Larcher.
464 1278 655 1326 repetitum
683 1275 795 1312 voluit

137 1347 158 1372 e
180 1347 282 1380 rore,
320 1346 392 1383 quo
421 1332 473 1370 sal
498 1333 637 1369 solutus
654 1337 690 1370 et
708 1333 792 1369 dein

137 1390 222 1427 solis
257 1390 387 1427 ardore
419 1394 635 1439 evaporatus
670 1389 792 1435 fuerit,

136 1445 294 1496 crystalli
342 1450 507 1483 naturam
566 1447 792 1493 formamque

136 1503 270 1540 deinde
299 1514 499 1540 assumens.
528 1523 584 1528 —
624 1501 664 1538 In
689 1514 791 1550 seqq.

133 1559 245 1596 verba
265 1555 366 1607 πρός
385 1560 456 1608 τῆς
477 1553 627 1609 ἐρήμου
647 1557 790 1594 valent:

134 1627 254 1651 versus
282 1614 430 1651 deserta.

165 1672 326 1721 Πρῶτοι
341 1667 426 1720 μὲν,
447 1665 701 1720 α’πὸΘηβέων
723 1665 788 1708 zita*

135 1725 229 1767 δέκα
240 1725 419 1777 ἡμερέων
440 1725 550 1776 ὁδοῦ]
576 1727 630 1763 Ab
643 1726 790 1762 Ammo-

133 1784 194 1821 nio
214 1797 245 1821 s.
268 1783 388 1819 Siwah
408 1785 470 1827 (cf.
489 1783 536 1829 ΙΙ,
563 1784 629 1824 32.
653 1782 716 1830 Ill,
735 1785 790 1823 26

132 1840 255 1888 ibique
270 1840 383 1887 nott.)
395 1840 532 1876 distant
542 1839 695 1876 Thebae
706 1852 792 1876 cen-

136 1900 215 1933 tum
233 1896 309 1933 sere
339 1896 492 1933 milliarr.
518 1909 665 1945 geogn,
696 1908 790 1944 quae

136 1953 263 1989 decem
281 1952 421 1988 dierum
441 1953 557 2001 spatio
573 1951 701 1988 confici
716 1963 789 1987 non

134 2021 244 2058 posse
282 2007 387 2045 facile
428 2007 661 2056 intelligitur,
709 2020 789 2044 cum

134 2064 348 2114 plerumque
365 2064 525 2112 quinque
543 2064 589 2100 ad
612 2075 789 2099 summum

135 2120 299 2158 milliaria
326 2120 370 2156 ab
392 2120 591 2156 istiusmodi
610 2124 790 2157 mercato-

134 2177 235 2213 ribus
256 2177 292 2212 in
313 2189 422 2212 unuin
444 2177 540 2213 diem
557 2177 789 2213 consumiso-

133 2232 258 2278 leant3
296 2236 337 2268 ut
368 2233 489 2282 potius
522 2231 704 2282 duplicato
736 2234 789 2268 υί-

134 2290 234 2337 gz'ntz'
263 2289 401 2325 dierum
432 2302 583 2325 numero
620 2289 670 2325 ad
700 2288 789 2325 haec

134 2345 360 2395 perficienda
403 2357 494 2394 opus
539 2345 598 2381 sit.
662 2345 790 2393 Itaque

135 2413 246 2438 unam
268 2401 393 2438 decem
424 2402 563 2438 dierum
585 2401 790 2446 stationem,

136 2469 233 2505 quae
250 2457 487 2507 probabiliter
507 2458 543 2494 in
565 2458 641 2494 oasi
656 2470 790 2506 magna

136 2512 245 2549 fuerit
273 2513 325 2549 El
360 2513 450 2549 Wali
484 2515 521 2550 in
551 2514 632 2563 ipso
669 2514 789 2551 medio

136 2568 267 2605 itinere
289 2569 402 2616 (conf.
424 2574 516 2606 nott.
539 2571 586 2606 ad
610 2569 681 2613 ΙΙΙ,
704 2568 790 2619 26),

137 2624 306 2660 omissam
336 2626 449 2662 videri
479 2626 605 2662 statuit
632 2626 788 2663 Heeren.

137 2679 251 2716 ldeen
267 2679 312 2725 11,
327 2682 347 2719 1
361 2694 394 2729 p.
409 2684 503 2727 218,
525 2682 580 2718 cui
594 2681 792 2731 adstipula-

139 2739 198 2771 tur
222 2735 345 2771 Ideler.
364 2737 400 2772 in
418 2737 580 2787 Fundgr.
602 2739 637 2775 d.
660 2739 722 2775 Or.
745 2737 793 2775 1V

140 2803 224 2842 pag.
250 2791 331 2830 406
350 2804 427 2840 seq.

196 2843 423 2897 Ἀμμώνιοι]
463 2849 505 2886 In
523 2862 566 2886 ea
585 2849 674 2898 oasi,
699 2862 794 2900 quae

857 727 951 751 nunc
984 716 1136 750 vocatur
1170 711 1315 758 Sin-ali,
1362 709 1512 748 Ammo-

856 771 935 806 nios
957 770 1186 819 quaerendos
1207 782 1287 806 esse
1307 780 1417 817 supra
1439 768 1512 804 iam

856 827 903 862 ad
927 826 979 872 ll,
1004 828 1057 865 32
1078 839 1097 862 e
1119 825 1302 861 Minutolii
1324 824 1512 861 Itinerar10

855 883 1082 927 monuimus,
1123 881 1200 917 coll.
1224 880 1353 918 Ideler.
1372 880 1393 916 l.
1415 880 1437 916 l.
1460 879 1512 917 lV

853 952 892 989 p.
913 938 995 978 407
1022 950 1104 986 sqq.
1134 938 1320 974 Mannert.
1344 936 1401 982 X,
1431 939 1456 976 2
1474 950 1512 986 p.

854 996 907 1035 52
927 1007 1032 1043 seqq.
1073 993 1142 1029 Est
1162 1006 1248 1030 vero
1273 993 1329 1028 hic
1348 993 1512 1040 cogitan-

854 1051 940 1087 dum
962 1052 1007 1087 de
1028 1050 1192 1095 civitate,
1243 1048 1356 1098 qualis
1382 1050 1510 1086 etiam-

852 1120 936 1144 num
978 1120 1059 1144 esse
1097 1106 1248 1150 dicitur,
1298 1104 1383 1140 olim
1420 1105 1508 1142 satis

851 1164 1055 1211 frequenti,
1093 1163 1193 1211 quod
1214 1161 1450 1198 catacombae
1471 1161 1509 1198 in

850 1220 980 1257 vicinia
1000 1219 1090 1255 sitae
1117 1230 1158 1254 ac
1183 1219 1396 1254 mumiarum
1424 1217 1509 1254 reli-

850 1277 942 1325 quiis
962 1274 1123 1325 repletae
1141 1274 1362 1320 ostendunt,
1391 1274 1507 1322 regis-

849 1345 920 1380 que
946 1332 1097 1380 imperio
1131 1330 1292 1367 subiecta
1321 1329 1436 1375 (Her.
1458 1329 1505 1378 ΙΙ,

850 1390 916 1428 32.
943 1389 1037 1434 42),
1074 1386 1172 1424 cuius
1194 1386 1366 1436 palatium
1388 1398 1505 1436 prope

848 1445 963 1481 vicum
992 1443 1192 1492 Schargieh
1216 1456 1313 1479 nune
1344 1443 1505 1480 dirutum

849 1506 992 1547 exstat,
1022 1505 1117 1536 teste
1140 1498 1311 1535 Minutoli
1330 1499 1352 1535 l.
1374 1498 1395 1534 l.
1416 1511 1503 1548 pag.

851 1555 944 1597 164.
981 1556 1072 1596 165.
1108 1558 1188 1595 167
1224 1554 1303 1592 coll.
1342 1554 1504 1593 Heeren.

846 1613 901 1651 Id.
924 1612 971 1660 ΙΙ,
993 1616 1011 1652 1
1035 1624 1119 1661 pag.
1138 1613 1218 1650 213
1239 1623 1344 1659 seqq.

903 1665 946 1707 τὸ
978 1665 1066 1719 [οόν
1096 1663 1172 1706 a’nd
1204 1669 1277 1705 τοῦ
1308 1662 1503 1717 Θηβαιέος

848 1720 960 1774 Διός]
991 1725 1049 1762 De
1065 1725 1181 1761 forma
1198 1721 1391 1773 Θηβαιέος
1407 1723 1501 1759 conf.

846 1784 876 1830 I,
902 1784 992 1822 182.
1033 1779 1181 1830 Templi
1200 1780 1294 1816 Iovis
1318 1779 1504 1816 Ammonii

845 1839 964 1876 adhuc
983 1841 1180 1888 supersunt
1195 1837 1348 1885 rudera,
1379 1836 1424 1872 ab
1446 1835 1502 1871 in-

846 1895 989 1943 digenis
1008 1898 1136 1930 vocata
1152 1892 1264 1929 Birhe'
1291 1893 1332 1938 (i.
1354 1905 1386 1929 e.
1407 1898 1501 1928 tem-

845 1950 968 2001 plum)
1009 1950 1084 1986 sive
1118 1950 1231 1997 idque
1262 1948 1501 1997 frequentius,

850 2005 1026 2049 Umbeclm
1065 2019 1086 2043 e
1104 2005 1232 2053 quibus
1252 2006 1338 2040 satis
1357 2004 1500 2053 perspi-

847 2063 958 2100 cimus
990 2061 1084 2098 haud
1112 2061 1271 2109 ingentis
1298 2060 1403 2097 molis
1424 2072 1500 2096 am-

844 2120 985 2156 bitusve
1006 2118 1116 2154 fuisse
1143 2118 1234 2153 hanc
1256 2117 1404 2163 aedem,
1438 2128 1501 2152 cu-

845 2176 898 2212 ius
912 2179 1093 2211 structura
1104 2174 1292 2222 formaque
1303 2172 1501 2221 Aegyptia-

845 2231 894 2269 cis
925 2234 980 2268 est
1012 2229 1202 2266 simillima,
1265 2228 1363 2265 Muri
1400 2230 1501 2265 inte-

845 2288 900 2336 gri
943 2300 963 2324 e
1003 2286 1180 2336 lapidibus
1195 2315 1206 2331 ,
1261 2286 1417 2336 parietes
1447 2285 1502 2321 in-

844 2345 1020 2380 trinsecus
1093 2347 1204 2391 atque
1279 2342 1502 2378 extrinsecus

846 2400 993 2448 figuris,
1024 2399 1159 2447 signis,
1190 2398 1286 2435 notis
1304 2396 1501 2446 Hierogly-

846 2456 962 2506 pbicis
993 2455 1149 2492 distincti
1176 2454 1430 2502 coloribusque
1459 2465 1504 2490 ex

845 2517 952 2563 parte
1004 2512 1098 2548 bene
1146 2511 1296 2548 servatis
1352 2509 1504 2554 inducti,

847 2581 941 2618 quae
963 2569 1083 2604 omnia
1103 2566 1299 2605 Thebaicis
1320 2565 1443 2613 figuris
1462 2577 1504 2601 ae

848 2625 944 2661 notis
975 2624 1175 2671 simillima,
1223 2623 1271 2659 ad
1299 2621 1393 2658 Iovis
1423 2620 1503 2658 cul—

849 2686 928 2717 tum
955 2680 1136 2717 Ammouii
1173 2679 1377 2729 pertiuent3
1424 2681 1504 2713 tota

851 2738 1009 2786 denique
1021 2737 1129 2774 aedes
1149 2747 1250 2772 muro
1270 2733 1503 2778 circumdata,

851 2806 923 2842 quo
944 2793 1085 2843 profani
1107 2805 1129 2828 a
1155 2791 1264 2827 sacris
1285 2794 1503 2827 arcerentur.

852 2850 1129 2887 Accuratissi‘me
1161 2847 1351 2897 descripsit
1383 2845 1503 2883 Miuu-

1514 318 1623 346 monii:
1665 318 1788 352 lupiter,

1513 353 1612 387 capite
1641 351 1785 379 arietino:

1514 385 1580 413 sous
1600 385 1688 413 Solis.
