1904 3304
500 238 1058 279 MELPOMENE.

215 350 442 406 νεμόμενοι
479 349 558 404 τὴν
596 347 707 403 πρὸς
743 347 926 401 ἕσπέρην
958 346 1127 402 χώρην,
1169 345 1290 401 μέχρι
1314 343 1469 401 Ἀφρο-

659 420 704 463 ἐν
735 419 780 462 δὲ
809 423 868 475 τῷ
905 418 1061 473 μεταξύ
1092 417 1252 461 τούτου
1280 416 1407 473 χώρῳ
1440 417 1520 473 ἥ15

187 421 410 470 mammos
448 419 599 476 νήσου.

1117 237 1180 277 IV.
1387 238 1470 279 575

212 507 255 534 τε
279 490 450 533 Πλατέα
478 494 610 546 νῆσος
642 492 870 541 ἐπικέεται,
901 489 979 545 τὴν
1009 490 1179 532 ἔκτισαν
1201 492 1466 543 Κυρηναῖοι·

210 562 283 604 καὶ
312 561 358 603 ἐν
386 565 438 617 τῇ
467 559 629 619 ἠπείρῳ
650 563 888 612 Memmios
918 559 1048 616 λιμήν
1078 560 1178 611 ἐστι,
1209 560 1279 602 καὶ
1295 558 1469 613 Ἄζιρις,

209 631 288 687 τὴν
325 633 368 674 οἱ
396 635 642 688 Κυρηναῖοι
681 635 848 676 οἴκεον·
895 632 968 674 καὶ
1002 631 1050 674 τὸ
1090 634 1264 687 σίλφιον
1294 628 1468 684 ἄρχεται

153 791 220 828 clio
245 790 307 839 (cf.
331 792 483 839 Yoyage
503 795 571 827 etc.
601 802 685 838 pag.
710 788 806 835 116)

154 848 201 883 de
226 848 291 884 hac
316 848 431 884 insula
460 847 658 883 accuratius
690 846 809 892 inqui-

154 917 235 940 rere
252 917 324 940 non
343 904 494 940 licuisse.
522 923 577 927 —-
606 901 663 937 De
681 901 808 937 Platea

152 961 247 996 conf.
270 965 362 996 nott.
387 961 433 996 ad
451 959 512 1003 lv,
539 958 630 997 151.

210 1011 436 1061 ῙΙἸενελάῖὀς
490 1009 637 1063 λιμήν]
708 1012 808 1049 Inter

152 1072 319 1119 Cyrenen
361 1078 472 1120 atque
501 1074 708 1119 Aegyptum
749 1069 806 1106 hic

151 1132 276 1177 portus
308 1128 421 1175 situs,
459 1140 480 1163 a
510 1125 703 1171 Menelao,
743 1126 805 1174 qui

150 1197 194 1220 ex
219 1185 386 1233 Aegypto
416 1183 559 1231 fugiens
592 1183 705 1224 (conf.
730 1181 805 1217 He-

150 1241 227 1276 rod.
248 1240 301 1284 ll,
336 1241 428 1286 119)
455 1241 491 1275 in
513 1237 666 1285 Libyam
690 1250 806 1286 appu-

150 1295 212 1341 lit,
242 1297 288 1332 ad
311 1293 509 1331 Ardaniam
539 1295 721 1342 regionem
745 1306 805 1329 su-

149 1364 215 1402 pra
236 1352 490 1388 Paraetonium
517 1350 558 1400 (i.
581 1364 611 1387 e.
633 1352 679 1386 ad
701 1362 805 1385 occa-

151 1421 227 1443 sum
254 1409 478 1453 Paraetonii)
510 1412 603 1444 teste
632 1406 804 1444 Strabon.

149 1464 165 1500 l
196 1476 281 1512 pag.
311 1466 364 1504 40
392 1477 420 1499 s.
443 1467 495 1504 68
514 1463 557 1499 Α.
595 1462 674 1500 coll.
702 1463 756 1497 XX
774 1461 804 1497 ll

146 1532 233 1569 pag.
254 1522 333 1560 838
353 1532 379 1555 s.
404 1520 509 1560 1195
531 1519 573 1555 C.
605 1519 745 1567 Scylac.
767 1532 801 1566 p.

147 1576 201 1615 45
232 1576 350 1612 Huds.
380 1588 415 1624 p.
448 1577 530 1615 308
563 1574 681 1619 Gaii,
735 1587 802 1608 no-

146 1644 230 1668 men
251 1632 432 1681 accepisse
455 1631 579 1667 fertur.
610 1631 693 1666 Yid.
713 1630 804 1665 Cor-

146 1687 216 1724 nel.
238 1686 332 1737 Nep.
356 1686 490 1735 Agesil.
516 1689 576 1727 17.
620 1685 802 1722 Manuert.

146 1743 181 1779 X
204 1756 289 1793 pag.
308 1746 373 1784 86.
398 1745 462 1783 87.
500 1742 558 1780 De
576 1744 682 1778 Azirt‘
704 1743 801 1778 conf.

146 1798 210 1845 IV,
242 1799 318 1839 157
350 1800 472 1847 ibique
501 1800 648 1836 citatum
680 1798 800 1835 Pacho

147 1852 246 1905 (coll.
267 1868 412 1904 quoque
431 1869 467 1905 p.
485 1853 579 1907 87),
620 1856 681 1903 qui
711 1855 801 1891 smes

146 1911 263 1960 silphii
284 1912 547 1949 accuratissime
565 1912 610 1948 ab
632 1911 803 1948 Herodo-

146 1971 184 2002 to
203 1967 349 2003 indicari
373 1980 412 2004 se
437 1969 555 2016 ipsum
588 1968 800 2004 observasse

147 2027 323 2067 testatur,
365 2037 444 2059 cum
467 2037 510 2060 eo
529 2024 693 2059 nimirum
720 2024 800 2058 loco

147 2079 365 2128 Iaseipite'um
389 2079 505 2115 (lerias
535 2080 662 2127 (quam
695 2079 800 2127 plan-

147 2140 221 2171 tam
254 2148 320 2184 pro
339 2142 498 2172 veterum
519 2135 647 2184 silphio
670 2134 798 2182 habet)

145 2204 306 2228 crescere
329 2192 486 2241 incipiat.

201 2245 268 2284 καὶ
290 2244 331 2285 τό
361 2249 520 2296 σίλφιον
545 2244 700 2297 ἔρχεται
721 2240 799 2284 citro

143 2300 300 2352 τούτου]
343 2304 436 2340 Cum
458 2304 511 2340 his
539 2309 575 2341 et
596 2316 697 2352 seqq.
720 2316 800 2340 ver·

143 2360 199 2396 bis
229 2373 376 2410 prorsus
411 2365 614 2409 congruunt
640 2359 798 2408 ›Scylacis

144 2417 252 2453 verba
273 2415 294 2452 l.
317 2416 339 2452 l.
376 2416 540 2464 longiora
572 2428 676 2464 quam
706 2428 799 2464 quae

145 2472 286 2519 integra
334 2473 595 2509 adscribantur.
672 2472 798 2508 Theo-

144 2527 291 2575 phrasto
313 2534 481 2575 auctore,
507 2541 614 2578 quem
636 2529 798 2576 sequitur

145 2583 220 2619 sere
250 2584 380 2620 Plinius
407 2586 455 2621 H.
486 2585 535 2622 N.
567 2584 615 2630 V,
646 2584 694 2629 5,
733 2596 799 2633 per

144 2643 299 2686 quatuor
316 2640 409 2677 mille
428 2642 546 2678 stadia
563 2640 719 2688 Libyam
739 2653 800 2676 oc-

148 2699 256 2742 cupat
278 2694 462 2743 silphium,
494 2697 695 2745 largissime
715 2709 800 2746 pro-

146 2750 294 2787 veniens
316 2752 408 2787 circa
433 2753 560 2801 Syrtes
580 2758 615 2790 et
635 2753 800 2801 Euespe-

149 2806 255 2842 ridas.
294 2805 364 2842 Alii
384 2808 431 2843 ad
452 2809 596 2846 deserta
614 2809 692 2845 loca
713 2808 799 2844 illud

147 2861 329 2911 ablegant.
359 2863 468 2900 Plura
490 2864 628 2914 Thrige
648 2866 685 2902 in
702 2864 798 2902 Hist.

866 788 999 835 Cyren.
1030 801 1066 836 p.
1099 789 1178 827 239
1210 800 1285 836 seq.
1310 783 1404 834 (coll.
1427 785 1522 823 Gaii.

866 845 913 880 ad
935 844 1071 892 Scylac.
1097 842 1118 878 l.
1144 843 1164 879 l.
1185 857 1271 892 pag.
1299 844 1419 890 509),
1461 842 1522 889 qui

865 901 960 936 idem
988 900 1023 935 in
1053 900 1201 948 copiosa
1228 899 1307 945 illa,
1344 911 1451 947 quam
1475 897 1522 935 de

864 955 992 1003 silphio
1004 955 1186 1000 exhibuit,
1210 955 1453 1005 disputatione
1480 952 1519 1003 §-

864 1014 917 1052 57
933 1025 967 1060 p.
980 1014 1057 1052 231
1074 1034 1128 1038 -
1142 1012 1221 1052 248
1241 1011 1339 1047 locos
1358 1015 1519 1047 veterum

864 1069 1028 1120 potiores
1048 1069 1094 1104 de
1110 1067 1238 1116 silphio
1258 1067 1401 1114 collegit
1417 1067 1520 1103 item-

863 1138 933 1172 que
955 1125 1192 1160 recentiorum
1213 1124 1259 1160 de
1281 1136 1324 1160 eo
1347 1123 1519 1171 disquisi-

862 1182 978 1216 tiones
1001 1187 1165 1216 accurate
1180 1181 1363 1225 indicavit,
1385 1192 1420 1228 p.
1436 1180 1515 1218 231

862 1242 935 1272 not.
949 1239 1013 1275 98.
1045 1236 1098 1272 Ac
1115 1238 1308 1285 praecipue
1329 1235 1520 1272 consulen-

862 1293 1182 1341 dnsTheophrast.
1200 1292 1294 1328 Hist.
1310 1291 1429 1328 Plant.
1451 1290 1517 1337 VI,

863 1351 898 1388 ὃ.
914 1349 1114 1385 Dioscorid.
1126 1349 1189 1394 111,
1203 1347 1518 1388 94.95.P11‘n.H.

862 1403 1127 1451 N.X1x(3)‚
1154 1407 1185 1442 1.
1217 1404 1335 1450 XXII,
1355 1406 1431 1449 233
1462 1405 1518 1440 in-

861 1466 917 1497 ter
946 1462 1166 1498 recentiores
1188 1458 1249 1497 Tu
1280 1465 1426 1509 praeter
1453 1461 1520 1496 do-

861 1517 1040 1553 ctissimos
1065 1517 1310 1566 Theophrasti
1338 1517 1519 1565 interpre-

860 1578 930 1618 tes,
944 1573 1131 1609 Bodaeum
1147 1586 1188 1608 ac
1200 1573 1452 1621 Sprengelium
1472 1573 1516 1608 cf.

858 1630 1086 1679 potissimum
1127 1629 1280 1665 Salmas.
1320 1630 1366 1665 ad
1399 1628 1514 1665 Solin.

858 1698 894 1734 p.
915 1684 1165 1726 249-270,
1188 1686 1269 1724 720
1291 1697 1395 1733 seqq.
1421 1686 1514 1725 899.

857 1741 916 1779 De
941 1741 1083 1779 hornon.
1113 1741 1146 1778 h.
1167 1742 1189 1777 i.
1207 1753 1291 1790 pag.
1314 1739 1404 1781 144.
1434 1740 1518 1778 Bel-

858 1797 928 1845 ley.
955 1797 1064 1834 Mem.
1102 1798 1148 1834 de
1175 1797 1311 1834 l’Acad.
1348 1798 1384 1835 d.
1408 1797 1516 1835 Inscr.

858 1854 1014 1890 XXXVI
1032 1868 1066 1904 p.
1089 1856 1138 1894 18
1159 1866 1260 1902 seqq.
1274 1881 1284 1899 ‚
1315 1858 1350 1891 et
1369 1854 1430 1901 qui
1450 1866 1517 1889 nu-

857 1911 1013 1959 perrime
1035 1911 1124 1947 haec
1149 1910 1317 1946 tractavit
1332 1910 1515 1957 Bottiger.

857 1966 923 2002 Isis
956 1968 1061 2006 1829
1093 1980 1129 2016 p.
1155 1967 1236 2005 318
1254 1966 1409 2006 -324
1433 1964 1514 2002 incl.

860 2021 1041 2071 Sz'lpltz'um
1059 2023 1152 2058 enim
1174 2021 1249 2058 sive
1268 2021 1513 2070 Laserpz'tz'mn

857 2080 960 2126 (nam
982 2077 1112 2123 Lusor,
1134 2081 1281 2114 auctore
1302 2077 1430 2123 Plinio,
1453 2091 1514 2114 vo-

856 2138 959 2171 catur
979 2138 1118 2181 succus)
1132 2134 1353 2182 Cyrenaicae
1371 2134 1512 2182 regioni

855 2191 1041 2240 proprium
1064 2192 1140 2227 sere
1159 2190 1224 2226 fuit
1248 2191 1323 2226 iure
1343 2190 1427 2228 inde
1447 2191 1513 2227 ha-

855 2247 971 2282 bitum
987 2247 1080 2283 inter
1094 2246 1288 2296 praecipua
1303 2246 1412 2293 do'na,
1432 2247 1512 2295 qui-

857 2303 922 2338 bus
945 2302 1039 2339 illam
1061 2304 1246 2351 regionem
1274 2306 1402 2339 natura
1426 2303 1512 2339 bea-

854 2360 916 2395 vit.
958 2359 1040 2408 lpsa
1065 2359 1189 2409 planta
1210 2358 1265 2395 vel
1292 2359 1410 2408 potius
1432 2372 1512 2395 suc-

855 2428 917 2451 cus
949 2416 1035 2452 inde
1059 2420 1206 2464 paratus
1234 2415 1387 2464 ipsaque
1410 2416 1512 2451 radix

855 2471 891 2508 in
919 2484 958 2508 re
979 2472 1118 2508 medica
1141 2484 1259 2520 aeque
1281 2476 1392 2519 atque
1424 2471 1512 2507 culi-

854 2528 956 2563 naria
971 2528 1051 2574 (ubi
1069 2528 1306 2564 condimentis
1326 2528 1511 2576 pretiosis-

855 2583 952 2619 simis
970 2585 1244 2628 accensebatur)
1255 2583 1510 2628 adhibebatur,

856 2639 1041 2688 multaque
1073 2640 1149 2677 eius
1183 2652 1250 2689 per
1283 2643 1395 2675 totam
1435 2639 1512 2676 fere

855 2696 1104 2744 antiquitatem
1139 2697 1256 2740 fama,
1297 2702 1336 2731 ut
1364 2695 1434 2731 dici
1457 2696 1513 2731 vix

855 2753 987 2801 possit,
1029 2758 1256 2802 quantopere
1284 2751 1369 2787 inde
1394 2750 1511 2799 Cyre-

854 2820 1027 2845 naeorum
1057 2821 1144 2858 opes
1172 2821 1193 2845 e
1225 2806 1343 2856 silphii
1374 2819 1511 2843 merca-

855 2869 933 2903 tura
973 2865 1202 2916 potissimum
1251 2862 1509 2914 provenientes

1524 379 1620 414 portis
1634 383 1726 416 l’lyuo

1524 422 1582 447 que
1610 415 1645 441 ad
1677 415 1801 442 insulam

1544 347 1743 381 Giligammae
1765 355 1785 375 a

1753 389 1801 408 us-

1525 452 1544 473 A
1552 448 1791 480 phrntlisiadem:

1551 481 1654 508 Platea
1669 481 1776 513 insula,

1538 514 1669 541 Menelai
1685 520 1787 548 portus

1527 551 1556 574 et
1575 549 1685 573 Aziris-1:
1707 548 1802 574 nasci-

1542 584 1592 606 tur
1605 581 1749 616 Silphinm
1767 589 1783 606 a

1526 613 1629 640 Plan-a
1654 623 1746 648 usque
1763 613 1800 641 nd

1525 655 1558 674 os
1580 648 1688 682 syrtis.
