1904 3304
89 779 188 824 118

526 241 1087 282 MELPOMENE.
1145 242 1206 281 IV.

235 352 319 396 ἀπὸ
348 352 430 394 τοῦ
460 347 666 406 ἀρχαίου,
697 350 785 394 ἐπεὶ
816 349 870 394 οὐ
900 354 1092 407 χρηστῶς
1114 349 1328 405 ἐξέμαθον
1356 348 1463 405 αὕτη

614 421 676 464 Τὰ
701 421 796 475 περὶ
819 421 970 476 γάμων
991 422 1035 465 δὲ
1059 416 1141 464 ὧδέ
1163 432 1240 475 σφι
1261 420 1494 463 διακέεται·

206 424 283 466 Qui
308 421 548 477 Ἀμαζόνες.

1409 245 1491 285 491

234 491 287 536 οὐ
316 491 518 547 γαμὲεται
546 491 766 546 παρθένος
797 492 1000 547 οὐδεμία,
1037 492 1140 546 πρὶν
1168 492 1224 534 div
1255 495 1344 534 τῶν
1375 495 1497 534 πολε-

204 564 349 618 3μίων
392 561 533 617 ἄνδρα
572 559 818 619 ἀποκτείνῃ.

886 565 931 605 αἱ
970 563 1015 606 δέ
1061 579 1174 613 τινες
1215 561 1382 605 αὐτέων
1424 561 1553 604 καὶ85

230 637 457 676 τελευτῶσι
492 633 671 687 γηραιαὶ
713 634 815 687 πρὶν
852 633 1098 689 γήμασθαι,
1149 632 1203 676 οὐ
1252 630 1494 687 δυνάμεναι

230 703 308 746 τὸν
337 703 479 757 νόμον
508 704 730 758 ἐκπλῆσαι.

343 773 435 816 Ἐπὶ
482 773 651 816 τούτων
700 768 763 816 ὧν
803 777 890 816 τῶν
934 773 1287 829 καταλεχθέντων
1329 773 1494 816 ἐθνέων

231 843 334 894 τούς
363 844 566 899 βασιλέας
597 843 856 898 ἁλισμένους
886 842 1147 899 ἀπικόμενοι
1170 848 1257 886 τῶν
1278 843 1494 887 Σκυθέων

234 915 277 957 οἱ
326 913 518 968 ἄγγελοι,
569 914 718 968 ἔλεγον
766 914 1093 965 ἐκδιδάσκοντες
1135 912 1194 965 ὥς
1241 913 1264 957 ὁ
1303 916 1495 972 Πέρσης,

235 984 383 1041 ἐπειδή
424 988 467 1028 οἱ
506 984 558 1028 τοὶ
598 985 644 1028 ἐν
680 989 734 1042 τῇ
771 984 933 1044 ἠπείρῳ
965 989 1017 1041 τῇ
1053 985 1173 1042 ἑτέρῃ
1211 985 1352 1029 πάντα
1381 988 1554 1030 κατέ-90

232 1067 466 1110 στραπται,
495 1057 695 1111 γέφυραν
727 1056 872 1108 ζεύξας
892 1056 961 1099 ἐπὶ
980 1058 1040 1110 τῷ
1059 1053 1206 1110 αὐχένι
1226 1060 1307 1099 τοῦ
1326 1055 1498 1099 Βοσπό-

231 1143 334 1181 ρου,
377 1128 602 1183 διαβέβηκε
642 1128 684 1177 ἐς
720 1126 847 1181 τήνδε
883 1125 962 1181 τὴν
997 1125 1196 1181 ἤπειρον·

230 1198 304 1240 καὶ
349 1197 757 1252 καταστρεψάμενος
798 1196 1008 1252 Θρήϊκας,

1249 1127 1405 1182 διαβάς
1436 1127 1493 1179 δὲ,

1060 1202 1252 1251 γεφυροῖ
1296 1197 1496 1254 ποταμὸν

222 1265 414 1321 Ἴστρον,
468 1267 738 1324 βουλόμενος
785 1269 858 1310 καὶ
899 1267 999 1310 τάδε
1040 1266 1183 1310 πάντα
1227 1267 1303 1311 ὑπ’
1348 1269 1495 1328 ἑωυτῷ

202 1344 223 1376 Ξ
234 1338 513 1393 ποιήσασθαι.

572 1338 746 1394 ,,“Γμεῖς
778 1333 840 1381 ὦν
870 1339 1021 1393 μηδενὶ
1050 1339 1199 1395 τρόπῳ
1234 1339 1279 1382 ἐκ
1313 1343 1395 1382 τοῦ
1429 1339 1552 1395 μέ-95

231 1419 312 1450 σου
342 1408 574 1464 κατήμενοι
603 1412 820 1465 περιίδητε
850 1408 984 1465 ἡμέας
1006 1410 1353 1465 διαφθαρέντας·
1386 1409 1496 1453 ἀλλὰ

201 1476 374 1521 Βτιόυτὸ
405 1480 660 1537 νοήσαντες,
697 1479 966 1535 ἀντιάζωμεν
995 1479 1071 1522 τὸν
1101 1479 1288 1523 ἐπιόντα.

172 1631 310 1681 gimus:
341 1633 510 1679 „nubunt
528 1636 674 1678 tamen3
703 1645 828 1670 verum

171 1695 211 1725 ut
239 1689 377 1726 nubiles
414 1689 637 1735 habeantur,
677 1701 750 1725 non
786 1690 823 1726 in

171 1749 292 1782 aetate
313 1746 441 1782 modus
461 1749 527 1782 est.
557 1744 638 1782 Nisi
655 1757 750 1794 quae
763 1745 829 1781 ho-

172 1804 267 1837 stem
297 1802 531 1847 interemffire,
568 1801 727 1851 virgines
749 1815 828 1838 ma-

172 1858 300 1894 nent.“
358 1858 455 1895 Add.
485 1857 558 1903 111,
588 1857 614 1898 4
646 1858 727 1905 fin.‚
764 1858 827 1894 ubi

173 1912 263 1950 haec
300 1914 379 1964 ipsa
413 1915 459 1951 de
501 1914 681 1951 Sarmatis
719 1915 830 1951 refert

172 1968 284 2006 Mela.
307 1992 360 1998 -—
398 1968 593 2020 ἐξέμαθον
620 1970 727 2021 paulo
757 1971 830 2006 for..

174 2025 258 2071 tius,
289 2027 431 2076 opinor,
452 2027 584 2063 dictum
607 2031 718 2075 atque
739 2024 829 2075 ἔμα-

173 2085 264 2119 θον.
301 2083 358 2119 Cf.
382 2084 416 2127 Ι,
450 2085 540 2122 107.
568 2082 659 2123 124.
691 2083 761 2127 lx,

175 2140 239 2178 11.
269 2163 318 2167 —
362 2134 526 2188 ου’δεμία
555 2151 632 2174 cum
655 2138 772 2174 Gaisf.
795 2143 831 2175 et

172 2192 304 2231 Matth.
325 2195 409 2232 dedi
428 2207 494 2245 pro
515 2189 691 2244 ου’δεμίη.

350 2252 456 2300 Cap.
488 2250 652 2286 CXVIII.

228 2303 276 2345 τοὶ
303 2305 346 2346 ἐν
374 2304 422 2360 τῇ
441 2302 592 2359 ἠπείρῳ
616 2309 664 2360 τῇ
683 2304 825 2359 ἑτέρῃ]

173 2360 295 2400 Asiam
323 2363 514 2412 intelligit,
553 2363 701 2400 alteram
732 2363 827 2399 orbis

173 2424 347 2456 terrarum
376 2425 535 2469 partem,
568 2432 676 2468 quam
693 2419 828 2456 Noster

176 2476 310 2512 statuit.
351 2476 456 2512 Conf.
485 2480 577 2512 nott.
606 2477 653 2512 ad
676 2476 730 2522 ΙΙ,
764 2477 826 2515 16.

177 2529 288 2566 Paulo
306 2536 392 2569 ante
408 2532 536 2581 scripsi
556 2530 739 2582 βασιλέας
760 2544 827 2581 pro

178 2585 378 2651 βασιληας.
397 2607 451 2614 -
482 2586 539 2625 Ad
558 2587 705 2626 verba'
689 2603 753 2627 επι
775 2589 830 2625 τῶ

179 2636 269 2691 αὔχε
255 2640 312 2679 ἔνι
339 2646 411 2681 τοῦ
430 2640 640 2696 Βοσπόρου
667 2646 711 2682 cf.
738 2628 828 2681 not‘t.

179 2698 226 2733 ad
256 2697 324 2744 lV,
368 2699 420 2739 85
457 2704 495 2737 et
530 2702 578 2738 ad
612 2701 829 2738 locutionem

177 2748 249 2791 υπ’
270 2752 404 2807 ἑωυτῷ
421 2751 717 2805 ποιήσασθαιΙ,
734 2759 829 2797 201·

178 2808 250 2855 ΙΙΙ,
281 2808 334 2851 45
363 2811 447 2859 ibiq.
478 2813 552 2851 citt.
589 2814 632 2851 In
661 2815 722 2852 fin.
749 2826 829 2865 cap-

181 2864 281 2915 ἔχειν
298 2861 371 2905 υπ’
393 2865 534 2921 ἑωυτῷ

1345 1478 1492 1523 οὔκων

940 1630 984 1671 ἐκ
1028 1633 1102 1671 τοῦ
1139 1629 1260 1682 μέσου
1300 1628 1545 1683 κατήμενοι]

885 1691 1115 1738 ,,κατῆσθαι
1153 1701 1180 1725 s.
1212 1687 1369 1735 ἕζεσθαι
1402 1688 1445 1728 ἐκ
1475 1691 1549 1728 τοῦ

885 1744 1006 1796 μέσου
1034 1746 1080 1783 de
1111 1745 1202 1792 illis,
1244 1747 1307 1794 qui
1335 1747 1389 1782 rei
1415 1760 1449 1783 se
1476 1759 1549 1782 non

883 1805 1024 1839 miscent
1063 1805 1095 1837 et
1131 1814 1174 1838 ex
1203 1803 1277 1838 eius
1306 1802 1418 1838 medio
1443 1804 1549 1851 quasi

884 1860 987 1895 otiosi
1011 1859 1151 1904 sedent,
1181 1858 1398 1896 Herodotea
1422 1858 1546 1897 sunt.“

890 1915 1121 1952 Wesselin
1133 1927 1168 1962 g.
1191 1916 1239 1951 ad
1262 1915 1363 1961 VIII,
1387 1917 1454 1955 22.
1485 1915 1546 1952 Tu

885 1972 971 2009 add.
1007 1972 1083 2018 ΙΙΙ,
1125 1972 1189 2011 83.
1229 1971 1302 2016 IV,
1337 1972 1388 2011 97
1422 1971 1547 2019 ibique

886 2032 979 2064 nott.
1003 2047 1054 2055 —
1098 2027 1187 2063 Mox
1220 2026 1345 2076 scripsi
1377 2038 1456 2062 cum
1487 2040 1548 2064 re-

792 2085 829 2122 7.
887 2088 996 2120 centt.
1037 2083 1122 2120 edd.
1161 2077 1285 2120 τωύτό
1326 2077 1545 2132 νοήσαντες

887 2153 953 2188 pro
991 2134 1115 2176 τιᾶυτό
1149 2139 1402 2189 νομίσαντες,
1445 2139 1546 2187 quod

886 2195 1017 2232 Matth.
1037 2195 1193 2231 retinuit.
1230 2195 1288 2232 Cf.
1312 2195 1340 2242 Ι,
1371 2195 1424 2235 59
1446 2190 1546 2233 τῶν-

885 2248 929 2291 τό
954 2247 1239 2301 φρονήσαντες.

943 2303 1187 2357 ἀντιάζωμεν
1241 2303 1308 2346 τὸν
1353 2301 1543 2357 ἐπιόντα]

884 2364 993 2401 conf.
1015 2364 1089 2410 ΙΙΙ,
1121 2362 1174 2403 45
1205 2364 1292 2412 ibiq.
1323 2367 1415 2400 nott.
1437 2367 1473 2401 et
1495 2364 1543 2400 ad

884 2433 987 2469 seqq.
1017 2417 1149 2459 οὔκων
1179 2416 1362 2470 ποιήσετε
1389 2434 1424 2458 κ.
1447 2434 1482 2458 τ.
1507 2421 1543 2457 λ.

883 2476 1015 2513 Matth.
1045 2477 1111 2514 Gr.
1144 2476 1210 2512 Gr.
1240 2490 1276 2526 p.
1314 2478 1442 2521 1291,
1481 2476 1543 2524 qui

883 2533 981 2570 idem
1013 2545 1096 2582 pag.
1128 2532 1209 2572 985
1235 2532 1476 2570 consulendus
1495 2532 1544 2568 ad

883 2590 993 2626 verba
1015 2589 1051 2627 τί
1071 2604 1146 2640 γαρ
1167 2584 1366 2638 παθωμεν
1399 2592 1436 2625 et
1459 2599 1542 2637 pag.

886 2645 968 2686 850
994 2645 1042 2682 ad
1066 2644 1213 2682 verba’
1197 2644 1261 2683 επὶ
1278 2639 1403 2697 τούτῳ
1426 2642 1544 2690 ἔσται,

886 2702 1044 2750 itemque
1066 2698 1104 2751 ὃ.
1117 2700 1221 2748 455,
1251 2703 1298 2747 3,
1328 2701 1365 2738 d.
1390 2701 1438 2737 ad
1458 2712 1540 2737 ver-

885 2758 933 2795 ba
958 2754 986 2808 ἢ
1022 2755 1081 2796 ου’
1107 2756 1174 2795 καὶ
1205 2755 1269 2795 ἐπὶ
1300 2754 1448 2806 υμέας,
1479 2756 1539 2792 ubi

884 2814 1086 2862 Schweigh.
1116 2814 1271 2850 conferri
1294 2813 1369 2849 vult
1387 2812 1440 2859 V,
1471 2810 1537 2851 94.

884 2870 973 2915 VII,
1005 2873 1068 2912 16.
1101 2870 1258 2919 Gregor.
1276 2870 1361 2906 Cor.
1384 2869 1431 2905 de
1455 2865 1537 2904 dial.

1556 418 1697 450 ciderunt
1717 428 1776 446 nou
1793 419 1826 446 li-

1556 456 1604 478 cet
1624 452 1746 480 nubere.

1468 367 1493 392 ν
1550 352 1716 386 wirginibus
1741 354 1826 379 ante-

1551 394 1579 418 q
1582 394 1627 410 11
1613 395 1637 411 ιι
1656 385 1702 411 ho.
1696 390 1812 412 {cmoc
1814 400 1827 404 -

1552 771 1772 812 Scytharumle
1796 781 1827 801 a·

1551 807 1593 832 tio
1614 806 1651 833 ad
1669 815 1757 841 reges

1553 847 1618 866 rum
1641 842 1826 876 populorum.
