1904 3304
452 261 1142 302 MELPOMENE.1V.

1344 263 1425 302 321

165 379 236 423 καὶ
265 374 421 432 θήλεαι
454 371 638 428 ὁμοίως,
678 372 754 416 καὶ
792 371 935 427 σιμοὶ,
984 371 1057 414 καὶ
1086 370 1229 426 γένεια
1259 370 1428 426 ἔχοντες

167 445 349 504 μεγάλα·
395 443 549 500 φωνὴν
579 444 624 487 δὲ
653 445 770 500 ἰδίην
800 443 953 494 ἱέντες·
993 442 1144 499 ἐσθῆτι
1174 442 1220 486 δὲ
1244 439 1427 498 χρεώμε-

137 526 242 562 3νοι
270 519 501 573 Σκυθικῇ”
545 519 697 569 ζῶντες
727 515 773 559 δὲ
807 513 894 558 α’πό
925 512 1154 568 δενδρέων.
1214 511 1428 557 ποντικόν
1488 524 1564 564 291

110 703 209 742 Mela
241 715 282 739 30
299 702 437 740 Plinius
467 703 488 740 l.
509 703 531 742 l.
562 702 606 742 ἐκ
632 706 771 755 γενεῆς

112 760 241 799 eodem
272 760 382 796 modo
414 760 508 796 infra
529 760 589 804 111,
614 762 691 807 333
733 765 771 796 ut

112 816 256 855 minime
282 829 394 866 opus,
426 829 446 853 e
470 816 683 854 Florentino
710 830 770 853 co-

114 874 194 910 dice
214 884 392 922 reponere
415 872 456 912 ἐκ
481 875 652 923 γενετῆς.
684 872 770 909 Cal-

112 929 189 967 vitii
230 941 396 976 causam,
436 942 546 977 quam
584 929 769 965 Zenobius

112 987 159 1032 V,
181 985 234 1025 25
252 986 300 1021 ad
318 998 469 1034 aquam,
499 998 571 1033 qua
591 986 769 1032 fruantur,

113 1042 246 1087 reiicit,
283 1042 413 1079 Ritter.
442 1041 647 1078 Erdkunde
672 1042 703 1077 11
736 1055 770 1091 p.

115 1100 196 1140 892
219 1110 295 1147 seq.
326 1097 498 1135 Vorhalle
515 1110 600 1148 pag.
623 1100 706 1139 292
727 1110 770 1134 ex

114 1168 158 1193 eo
174 1167 274 1191 more
288 1155 434 1204 repetit,
459 1167 532 1203 quo
545 1168 610 1204 per
625 1167 770 1191 omnem

115 1212 290 1248 orientem
308 1212 514 1248 sacerdotes
531 1211 772 1260 antiquissimi

115 1267 294 1304 Buddhae
330 1272 437 1317 caput
478 1268 633 1304 tondere
674 1266 772 1304 soliti

117 1324 261 1361 suerint.
311 1322 407 1360 Nam
438 1323 665 1373 Argippaeos
705 1336 772 1373 pro

119 1379 335 1416 sacerdotali
373 1380 471 1416 tribu
496 1380 540 1415 ab
575 1393 618 1417 eo
649 1379 773 1416 haberi

120 1436 228 1473 modo
258 1436 419 1472 vidimus.
481 1436 556 1472 Sed
587 1437 772 1484 quomodo

119 1493 209 1528 haec
246 1504 324 1528 cum
353 1492 533 1528 Herodoti
570 1493 688 1529 verbis
721 1491 773 1531 ἐκ

119 1565 140 1601 y
153 1562 169 1586 ε
182 1562 204 1585 ν
216 1561 231 1585 ε
243 1549 271 1597 ἤ
282 1562 300 1592 ς
347 1543 550 1598 γενόμενοι
596 1548 774 1585 conciliari

119 1609 274 1653 queant,
304 1604 473 1652 equidem
497 1617 570 1640 non
593 1610 772 1654 exputem.

118 1660 177 1696 Ad
205 1659 318 1696 Sinae
347 1659 480 1697 incolas
514 1660 688 1697 retulerat
716 1660 774 1698 De

121 1716 286 1765 Guignes
316 1716 338 1753 l.
370 1716 392 1753 l.
426 1729 510 1766 pag.
544 1717 637 1757 553.
695 1716 775 1754 Nos

120 1786 200 1810 cum
220 1771 296 1809 aliis
325 1773 371 1810 de
392 1773 588 1809 Culmuccz's
615 1774 777 1823 cogitare

120 1828 314 1866 malumus:
354 1842 448 1877 quae
470 1831 597 1867 eadem
621 1836 678 1867 est
695 1843 778 1867 sen-

121 1886 236 1922 tentia
265 1884 497 1922 Maltebrunii
538 1885 707 1935 (Annall.
739 1887 776 1922 d.

124 1941 263 1989 Voj‘ag.
287 1941 402 1992 Ipag.
423 1943 523 1988 372)
537 1943 778 1987 observantis,

123 1997 319 2034 monachos
353 1997 624 2035 Calmuccorum
660 1999 779 2048 (ghe-

126 2054 231 2101 101135
259 2055 457 2098 vocantur)
497 2055 679 2103 integrum
712 2056 785 2091 sibi-

125 2113 233 2158 caput
256 2111 387 2147 radere
418 2111 590 2160 ipsosque
620 2112 778 2148 infantes

125 2166 329 2203 sacerdotio
349 2167 549 2203 destinatos
563 2168 642 2204 radi
658 2166 781 2204 simul-

124 2226 234 2270 atque
254 2224 489 2272 provenerint
512 2222 639 2273 capilli.

162 2276 230 2316 καὶ
249 2278 370 2328 σιμοὶ,
392 2278 458 2317 καὶ
479 2278 608 2330 γένεια
629 2279 780 2330 ἔχοντες

126 2330 295 2386 μεγάλα]
345 2336 366 2372 1.
396 2348 426 2373 e.
467 2338 551 2372 simo
582 2341 665 2373 sunt
696 2350 781 2373 naso

126 2394 301 2441 mentoque
339 2392 506 2440 oblongo,
564 2393 639 2431 sive
675 2407 781 2444 prae-

128 2447 245 2495 longo,
267 2447 367 2486 Nos:
385 2449 601 2494 „Sz’ehaben
614 2450 780 2500 Stumpf-

127 2515 234 2539 nasen
267 2505 343 2541 und
375 2508 431 2542 ein
468 2506 595 2554 [anges
629 2507 779 2552 Kz'nn,“

130 2560 218 2604 sive,
233 2565 273 2596 ut
285 2561 454 2599 Heerenii
474 2567 554 2599 utar
574 2564 692 2600 verbis
707 2563 728 2601 l.
742 2563 780 2610 l.,

130 2614 220 2661 „Sic
246 2616 356 2653 haben
382 2619 626 2666 eingedriickte
656 2618 780 2657 Nason

131 2671 205 2707 und
224 2684 341 2719 grosse
363 2674 627 2713 Kz'nnbaclcen.“
677 2677 784 2720 Quae

132 2727 179 2764 de
205 2728 400 2766 Calmuccis
424 2733 608 2781 aptissime
629 2733 698 2769 dici
721 2746 784 2770 ne-

131 2796 191 2819 mo
211 2796 284 2821 non
302 2786 412 2823 videt.
459 2788 579 2831 Quare
600 2789 696 2826 haud
721 2802 782 2827 ac-

132 2841 260 2877 cedere
282 2854 426 2890 possum
443 2844 489 2879 ad
504 2845 784 2894 Schweighaeu-

131 2898 200 2933 seri
220 2897 449 2946 opinionem,
478 2901 558 2949 qui,
587 2907 784 2952 postquam

181 2952 390 2994 Hunonom.
420 2955 465 2994 11.

827 703 926 753 prius
948 699 995 740 τὰ
1017 701 1147 754 γένεια
1175 703 1222 740 (10
1250 706 1361 739 mento
1378 704 1490 741 inter-

827 763 992 808 pretatus
1030 763 1127 805 erat,
1167 764 1298 808 postea
1328 760 1365 796 in
1396 759 1488 797 Lex.

827 815 969 852 Herod.
988 828 1016 851 s.
1029 827 1064 852 v,
1082 815 1279 852 videndum
1302 828 1383 853 esse
1404 816 1490 853 scri-

827 871 903 916 bit,
945 883 992 908 ne
1020 872 1149 907 barbas
1165 872 1331 920 prolixas
1353 872 1410 909 hic
1433 873 1489 909 di-

827 927 917 964 xerit
947 932 1096 974 auctor,
1139 940 1213 976 quo
1251 928 1367 977 magis
1396 929 1488 965 mira

826 979 1022 1030 10101105,
1062 984 1162 1033 quod
1191 986 1311 1033 capita
1340 984 1487 1032 quidem

828 1040 952 1085 calva,
994 1041 1059 1077 sed
1086 1039 1252 1090 prolixas
1280 1040 1327 1076 illi
1353 1040 1491 1078 habue-

828 1097 903 1133 rint
935 1097 1075 1133 barbas.
1134 1095 1255 1146 Atque
1283 1097 1336 1133 510
1366 1094 1490 1148 μέγαν

828 1148 1002 1204 πώγωνα
1025 1154 1072 1191 de
1088 1152 1234 1203 prolixa
1257 1153 1368 1189 barba
1390 1153 1491 1190 inve-

828 1210 898 1246 niri
915 1210 946 1256 1,
970 1210 1059 1251 175.
1090 1210 1186 1253 vlu,
1201 1209 1278 1251 104
1297 1210 1393 1247 idem
1411 1223 1491 1246 mo-

828 1270 900 1302 net.
952 1267 1028 1303 Sed
1060 1266 1129 1303 1100
1165 1265 1244 1303 1000
1282 1264 1412 1318 γένεια
1443 1267 1490 1304 (10

830 1322 941 1358 barba
1000 1335 1087 1359 num
1146 1321 1303 1371 intelligi
1358 1323 1491 1372 possit,

829 1391 1051 1427 quamquam
1084 1379 1135 1415 sie
1160 1379 1319 1428 positum
1347 1379 1491 1416 videtur

828 1435 902 1481 Vl,
926 1437 1029 1480 117,
1065 1435 1234 1484 equidem
1256 1435 1490 1473 vehementer

830 1491 972 1537 dubito,
993 1504 1060 1528 1100
1079 1491 1186 1528 ullam
1205 1492 1312 1528 video
1331 1504 1491 1538 causam,

831 1560 895 1584 cur
927 1560 948 1584 a
981 1547 1147 1596 vulgata,
1194 1559 1303 1596 quam
1349 1552 1493 1585 secutus

832 1616 909 1640 sum
921 1632 933 1649 ‚
975 1603 1276 1653 interpretatione
1296 1604 1495 1640 discedam.

831 1659 1065 1697 Mannertum
1086 1660 1137 1695 lv
1157 1673 1195 1709 p.
1223 1662 1301 1700 110
1331 1661 1497 1708 ingentia

832 1717 982 1752 membra
993 1716 1118 1752 virilia
1130 1715 1187 1753 hic
1204 1715 1357 1764 intelligi
1375 1716 1499 1754 existi-

834 1779 992 1811 mantem
1012 1774 1158 1810 minime
1179 1773 1412 1810 morabimur.

892 1827 1035 1880 φωνήν
1060 1826 1102 1868 δὲ
1126 1829 1234 1878 ἰδίην
1259 1828 1396 1879 ἱέντες]
1418 1830 1438 1866 1.
1460 1843 1492 1867 e.

831 1888 999 1937 propria,
1035 1886 1217 1935 peculiari
1246 1889 1397 1922 utuntur
1424 1885 1496 1922 lin-

834 1956 911 1991 gua
944 1955 1061 1991 eaque
1094 1943 1203 1991 igitur
1227 1942 1372 1980 diversa
1395 1955 1416 1979 a
1437 1956 1495 1980 re-

834 1999 1015 2048 liquorum
1028 1999 1241 2049 Scytharum
1260 1999 1396 2047 lingua,
1415 1999 1497 2048 qui-

837 2057 927 2101 bus,
968 2060 1007 2091 ut
1035 2055 1071 2091 in
1093 2055 1195 2101 aliis,
1234 2055 1285 2092 ita
1305 2056 1341 2091 in
1365 2055 1496 2092 vestitu

837 2116 921 2148 sunt
942 2110 1087 2148 similes.
1121 2110 1179 2147 Ad
1196 2111 1384 2157 Sinenses,
1405 2124 1497 2160 quo-

836 2181 913 2204 rum
946 2167 1070 2216 lingua
1092 2172 1269 2215 quantum
1296 2180 1317 2203 a
1348 2166 1496 2216 reliquis

839 2230 875 2261 et
897 2224 1003 2261 Asiae.
1023 2228 1060 2260 et
1079 2223 1251 2273 Europae
1266 2223 1397 2272 linguis
1428 2224 1494 2260 ab-

838 2281 984 2317 horreat
1011 2293 1119 2317 nemo
1146 2281 1282 2327 nescit,
1320 2280 1410 2317 haec
1438 2293 1497 2317 re-

837 2338 909 2374 fert
938 2336 997 2373 De
1026 2336 1192 2385 Guignes
1223 2336 1245 2373 l.
1278 2335 1302 2374 l.
1344 2335 1424 2374 Nos
1449 2337 1497 2373 ad

839 2393 1072 2440 Calmuccos,
1117 2397 1155 2429 ut
1195 2393 1357 2442 reliqua,
1401 2406 1496 2442 quae

838 2450 894 2486 hic
915 2453 1150 2497 enarrantur,
1181 2450 1380 2487 referimus.

896 2508 1036 2552 ζῶντες
1078 2502 1121 2544 δὲ
1161 2500 1238 2544 oin&
1274 2503 1494 2557 δενδρέων]

838 2563 973 2601 Refero
990 2563 1061 2600 huc
1072 2562 1237 2599 alimenta
1255 2563 1381 2599 baccae
1397 2562 1496 2612 apud

840 2619 974 2656 Melam
1003 2632 1044 2656 ac
1064 2619 1218 2656 Plinium
1239 2619 1260 2655 l.
1280 2618 1302 2655 l.
1352 2618 1404 2656 Ac
1435 2631 1498 2655 ve-

840 2676 1040 2725 getalibus‚
1071 2688 1165 2725 quae
1198 2676 1384 2721 dicuntur,
1419 2675 1498 2711 unis

840 2732 1113 2770 Calmuccorum
1126 2731 1321 2768 monachos
1338 2733 1431 2768 vesci
1444 2735 1499 2768 te-

840 2794 955 2826 statur
972 2788 1191 2826 Maltebrun.
1219 2788 1240 2824 l.
1270 2800 1380 2837 supra
1400 2787 1498 2824 laud.

896 2844 1086 2884 ποντικὸν
1125 2842 1196 2895 μὲν
1243 2840 1398 2894 οὕνομα
1442 2845 1499 2892 τῷ

841 2901 1026 2955 δενδρέῳ]
1070 2902 1145 2948 „Si
1174 2900 1329 2950 corylum
1348 2898 1497 2950 [Hasel-
