1904 3304
131 341 160 369 in
174 341 325 369 diversum
338 349 407 376 pro-

130 384 257 402 currens
284 375 322 402 ad
346 383 408 402 ma-

133 417 183 436 re:
220 417 279 435 una
289 430 298 442 ‚

133 443 203 469 Auia
216 443 318 469 Minor
335 442 405 469 dici-

267 484 341 537 Ἥ.
355 484 407 503 '¹³'

329 416 407 442 quae

131 479 199 509 tur,
225 477 256 502 in

132 509 227 536 tiones
251 509 276 536 λ

460 233 546 274 354

890 230 1362 269 HERODOTI

467 339 672 398 διφάσιαι
693 339 774 385 ἀπ’
804 339 940 396 αὐτῆς
967 341 1272 383 κατατείνουσι
1301 339 1345 390 ἐς
1372 337 1628 391 θάλασσαν,
1659 338 1736 390 τοὶς

437 421 459 454 2
471 413 552 469 ἐγώ
585 412 876 468 ἀπηγήσομαι.

935 412 1064 455 ἔνθεν
1101 410 1179 466 μὲν
1216 409 1242 466 ἡ
1280 410 1387 468 ἀκτή
1426 411 1452 467 ἡ
1491 411 1634 466 ἑτέρη,
1681 409 1734 453 τὰ

464 484 574 539 πρὸς
608 487 749 539 βθρῆν
779 481 865 526 &nd
900 482 1065 532 Φάσιος
1096 479 1337 539 ἄρξαμένη,
1371 482 1662 537 παρατέταται
1693 481 1735 530 ές

464 554 696 598 θάλασσαν
724 552 846 608 παρά
874 570 920 597 τε
948 553 1028 596 τὸν
1059 551 1238 596 Πόντον
1267 553 1340 596 καὶ
1378 553 1457 596 τόν
1480 551 1791 608 Ἑλλήσπον-ιο

464 642 565 677 τον,
595 624 719 680 μέχρι
747 625 931 680 Σιγείου
960 629 1041 669 τοῦ
1077 627 1299 679 Τρωϊκοῦ·

1351 624 1404 666 τοὶ
1436 625 1482 668 ὸὲ
1522 624 1634 678 πρὸς
1663 621 1732 666 νό-

463 713 565 747 του,
614 695 643 753 ἡ
682 692 793 750 αὐτή
844 693 953 751 αὕτη
994 695 1102 751 ἀκτὴ
1143 693 1229 738 ἀπὸ
1270 698 1350 737 τοῦ
1390 697 1734 750 Μυριανδρικοῦ

410 828 477 872 ἄπ’
486 828 539 871 αυ’
542 835 625 883 τῆς,
635 846 702 883 pro
715 834 978 883 iisWesseling.
992 847 1074 872 eum

411 890 560 927 Pauwio
573 889 730 928 malebat
745 886 811 929 ἄπ’
829 886 982 929 ατῖτέων
998 890 1071 928 scil.

410 945 648 985 θαλασσέων
693 949 769 985 sive
809 946 984 991 ἐθνέων,
1026 948 1073 983 (le

408 1004 540 1053 quibus
582 1003 656 1040 scil.
705 1009 814 1041 antea
856 1005 1072 1041 Herodotus

409 1061 548 1097 locutus
588 1065 677 1097 erat.
734 1061 839 1098 Reiz.
894 1060 1070 1105 (Praesat.

410 1129 495 1168 pag.
507 1116 632 1163 XVll)
647 1117 830 1166 rescripsit
842 1111 909 1155 ἄπ’
919 1112 1073 1164 α’ντὶης,

409 1186 490 1210 cum
521 1174 570 1210 de
589 1173 699 1210 Asiae
731 1174 825 1210 inter
851 1173 924 1209 duo
944 1173 1072 1217 maria,

409 1229 602 1266 Ponticum
624 1235 661 1265 et
690 1229 893 1276 luternum,
922 1241 1073 1279 procur-

409 1286 521 1323 rentis
530 1285 708 1322 littoribus
723 1285 871 1322 diversis
881 1298 1000 1322 sermo
1012 1285 1071 1321 sit.

410 1342 593 1391 Equidem
613 1342 648 1378 in
666 1341 816 1390 vulgata
837 1342 991 1379 lectione
1012 1354 1072 1378 ac—

408 1399 580 1448 quiesco,
638 1411 748 1447 quam
806 1399 856 1435 sic
906 1398 1072 1449 exposuit

409 1455 636 1504 Schweigh.:
654 1451 896 1501 ,,Ἐνθεῦτεν
910 1453 966 1500 δὲ,
981 1453 1073 1490 Inde

409 1525 511 1557 vero,
551 1512 602 1548 ait
637 1511 875 1556 Herodotus,
925 1512 963 1547 id
1003 1515 1071 1556 est,

413 1569 459 1606 ab
477 1567 538 1606 illo
557 1567 640 1604 inde
655 1570 828 1604 terrarum
848 1571 985 1612 tractu,
1012 1569 1075 1616 qui

410 1637 474 1675 per
502 1624 652 1661 mediam
669 1624 792 1660 Asiam
816 1637 837 1660 a
862 1624 1006 1660 meridie
1023 1623 1073 1660 ad

413 1682 683 1732 septentrionem
706 1682 929 1730 porrigitur,
976 1692 1074 1729 quae

410 1742 467 1775 est
494 1737 682 1774 continens
701 1736 810 1775 Asiae
834 1742 932 1775 terra
953 1750 994 1773 ac
1011 1749 1074 1774 ve-

413 1793 478 1831 luti
499 1792 757 1831 meditullium:
788 1794 884 1842 inde,
912 1794 1073 1842 inquam,

411 1863 532 1887 versus
589 1849 821 1896 occidentem,
880 1853 1073 1886 excurrunt

413 1902 480 1946 ἄπ’
515 1900 659 1957 αὐτῆς,
699 1907 744 1943 ab
772 1907 839 1943 hac
866 1908 1075 1943 continente

413 1964 514 2010 Asia,
535 1957 651 2002 ἆκταὶ
671 1959 870 2012 διφάσιαι,
887 1963 978 2000 (luae
994 1976 1075 1999 orae

413 2023 450 2058 in
478 2033 574 2056 mare
603 2023 808 2070 porrectae,
838 2020 932 2057 duae
953 2020 1075 2068 regio-

411 2089 477 2115 nes
505 2077 558 2114 ita
586 2077 623 2113 in
653 2089 754 2114 mare
781 2081 992 2127 porrectae,
1032 2081 1076 2113 ut

411 2146 534 2171 earum
555 2133 669 2170 maior
688 2146 774 2183 pars
790 2133 879 2170 mari
895 2132 1076 2180 adluatur,

412 2191 582 2239 adeoque
596 2190 691 2227 duae
703 2189 814 2227 veluti
826 2189 1074 2239 paeninsulae.

412 2247 554 2283 Harum
584 2259 656 2283 una
689 2250 745 2283 est
765 2245 851 2282 Asia
870 2246 1007 2291 minor,
1036 2246 1075 2283 in

412 2302 550 2339 boreali
581 2306 685 2352 parte
706 2314 728 2339 a
749 2302 858 2340 Phasi
890 2300 944 2352 [ἦ
973 2298 1073 2351 οἷκτη

411 2356 440 2402 ’ἦ
475 2356 584 2408 ἑτέρη
620 2373 665 2396 τα
701 2373 800 2408 προς
830 2358 960 2422 βορην
993 2354 1074 2397 α’πο

416 2410 568 2459 Φάσιος
588 2409 818 2465 αρξαμένη]
861 2416 897 2451 in
927 2415 1074 2452 australi

413 2467 487 2521 [τα
529 2467 571 2509 δὲ
606 2467 708 2521 πρός
734 2467 874 2517 νότου,
914 2469 943 2519 ἦ
959 2466 1070 2521 αὕτη

412 2523 514 2577 αὕτη
543 2521 645 2577 dnm
671 2542 705 2565 κ.
732 2542 761 2564 τ.
784 2529 815 2565 λ.
826 2525 841 2576 ]
873 2527 1072 2565 aPhoeni-

411 2584 468 2621 cia
497 2584 534 2620 in
560 2596 659 2621 mare
683 2584 989 2621 mediterraneum
1010 2597 1072 2621 ex-

411 2652 572 2678 currens.
631 2638 754 2677 Altera
794 2652 857 2676 ora
890 2653 932 2676 ac
962 2641 1070 2678 veluti

411 2694 625 2746 paeninsula
644 2696 766 2746 incipit
784 2708 807 2732 a
828 2696 980 2734 Perside
998 2709 1074 2733 ma-

410 2753 538 2802 iorque
568 2752 645 2790 eius
675 2765 760 2802 pars
791 2753 828 2788 in
856 2754 1015 2789 australe
1044 2765 1072 2789 s.

409 2808 649 2857 Erythraeum
676 2821 775 2846 mare
800 2810 976 2853 excurrit,
1010 2822 1074 2846 eo-

408 2878 481 2914 que
507 2864 774 2912 circumluitur,
810 2866 926 2902 minor
957 2877 1071 2914 quae-

1131 834 1214 870 dam
1243 845 1328 884 pars
1355 834 1660 872 mediterraneum
1693 845 1791 870 mare

1131 891 1321 940 attingit.“
1358 890 1439 928 Nec
1458 891 1562 928 aliter
1582 891 1657 927 fere
1677 889 1792 927 Dabl-

1130 960 1251 983 maun.
1283 948 1317 983 in
1334 947 1474 984 Herod.
1506 960 1592 997 pag.
1615 948 1669 987 84
1687 947 1793 984 item-

1130 1016 1202 1052 que
1241 1003 1354 1040 ltalus
1384 1004 1566 1041 Herodoti
1598 1005 1792 1053 iuterpreS‚

1129 1061 1184 1096 cui
1225 1064 1261 1097 et
1295 1060 1360 1109 ipsi
1389 1060 1425 1096 in
1459 1060 1641 1097 Herodoti
1671 1059 1791 1097 verbis

1129 1115 1215 1152 nihil
1248 1117 1462 1153 mutandum
1491 1117 1645 1154 videtur.
1693 1115 1790 1152 Add.

1130 1171 1306 1209 Niebuhr.
1317 1172 1527 1210 Vermischt.
1539 1173 1635 1209 Hist.
1645 1172 1791 1209 Schrist.

1131 1228 1144 1265 l
1169 1242 1204 1279 p.
1232 1228 1322 1269 152.

1187 1282 1447 1331 παρατέταται
1495 1283 1534 1330 ἐς
1581 1279 1792 1322 ’θάλασσαν

1129 1337 1239 1391 παρά
1252 1355 1290 1379 τε
1303 1338 1367 1379 τὸν
1381 1337 1536 1379 Πόντον
1549 1339 1616 1379 καὶ
1627 1337 1696 1380 τόν
1711 1337 1793 1377 Ἑλ-

1128 1394 1379 1447 λήσποντον,
1410 1396 1520 1448 μέχρι
1539 1398 1699 1448 Σιγείου
1720 1398 1794 1435 τοῦ

1135 1452 1331 1505 Τρωϊκοῦ]
1356 1456 1377 1491 i.
1398 1468 1431 1492 e.
1451 1456 1608 1491 excurrit
1627 1455 1664 1490 in
1684 1465 1792 1499 mare,

1129 1524 1158 1547 s.
1176 1512 1379 1560 porrigitur
1398 1511 1610 1556 secundum,
1641 1523 1668 1547 s.
1686 1512 1794 1546 iusta

1131 1566 1284 1603 Pontum
1314 1567 1646 1616 Hellespontumque
1684 1578 1793 1615 usque

1130 1623 1180 1660 ad
1201 1622 1348 1672 Sigeum
1370 1623 1545 1660 Troicum.
1584 1623 1792 1673 Hellespon-

1130 1684 1204 1716 tum
1224 1680 1279 1717 hic
1298 1680 1413 1717 latiori
1433 1693 1542 1717 sensu
1560 1680 1630 1716 dici
1651 1685 1790 1729 putem.

1130 1737 1238 1774 Cous.
1257 1741 1347 1773 nott.
1369 1738 1417 1774 ad
1440 1736 1489 1773 lv
1503 1765 1515 1784 ,
1547 1736 1612 1776 85.
1649 1735 1708 1772 De
1730 1734 1791 1772 Si-

1131 1805 1196 1841 geo
1242 1793 1493 1843 promontorio
1533 1792 1627 1829 conf.
1666 1791 1790 1828 Strab.

1132 1849 1219 1886 Xlll
1248 1863 1284 1899 p.
1316 1850 1398 1890 595
1431 1862 1460 1886 s,
1487 1851 1569 1890 890
1589 1848 1657 1895 Β.,
1687 1847 1792 1895 alios,

1131 1918 1223 1955 quos
1243 1919 1323 1942 cum
1334 1906 1528 1943 Herodoto
1539 1905 1689 1954 Sigeum
1706 1918 1792 1955 pro-

1131 1962 1350 1999 montorium
1383 1963 1420 1999 in
1449 1961 1680 2012 Hellesponti
1714 1974 1793 1998 ma·

1130 2019 1253 2068 risque
1270 2018 1409 2068 Aegaei
1436 2019 1570 2056 finibus
1592 2018 1792 2056 collocante

1129 2076 1336 2113 consentire
1368 2080 1494 2113 monet
1518 2075 1684 2124 Breiger.
1714 2074 1736 2112 l.
1767 2073 1790 2110 l.

1130 2145 1217 2182 pag.
1245 2134 1310 2172 21.
1352 2132 1462 2170 Nunc
1490 2132 1611 2169 vocari
1640 2131 1792 2169 tradunt

1132 2187 1316 2235 Iem'clier,
1365 2202 1393 2226 s.
1437 2187 1648 2227 Iem’scliehr.
1707 2186 1790 2223 Vid.

1132 2245 1168 2283 Γ
1170 2245 1350 2282 zschucke
1377 2246 1425 2282 ad
1444 2244 1529 2283 Mel.
1550 2245 1589 2289 1,
1623 2244 1673 2284 18
1697 2247 1791 2280 nott.

1133 2314 1264 2351 exegg.
1294 2314 1378 2351 pag.
1406 2300 1488 2342 534
1513 2292 1665 2337 V01.'111
1697 2300 1738 2336 Ρ.
1762 2300 1789 2336 Ι.

1188 2374 1212 2407 η
1247 2354 1346 2407 αὕτή
1380 2353 1479 2407 αὕτη
1502 2352 1603 2406 α’κτη
1624 2351 1701 2396 α’πὸ
1718 2358 1791 2394 τοῦ

1132 2415 1444 2464 Μυριανδρικοῦ
1462 2409 1637 2480 κόλπου]
1666 2413 1788 2451 Unam

1130 2471 1357 2533 eandemque
1381 2470 1534 2518 intelligi
1554 2464 1690 2534 (ἕκτην,
1709 2470 1789 2506 uni-

1128 2540 1268 2564 versam
1297 2528 1435 2576 quippe
1454 2526 1575 2563 Asiam
1597 2528 1787 2571 minorem,

1129 2584 1221 2620 bene
1243 2588 1364 2620 monet
1387 2583 1591 2649 Schweigh.
1601 2611 1612 2629 ,
1644 2587 1680 2620 et
1699 2595 1787 2620 sane

1127 2632 1308 2676 invenitur
1335 2639 1493 2676 crebrius
1519 2634 1618 2690 α’κτή
1635 2641 1787 2689 paenin-

1132 2695 1230 2741 sula,
1261 2701 1486 2733 monstrante
1509 2695 1605 2733 Gail.
1630 2696 1679 2733 ad
1696 2696 1788 2743 Scy·

1131 2752 1194 2788 lac.
1227 2752 1260 2787 in
1282 2752 1419 2801 Geogr.
1454 2753 1538 2789 min.
1563 2753 1678 2803 [pag.
1707 2753 1789 2793 528

1130 2821 1207 2857 seq.
1277 2809 1386 2852 Quod
1440 2815 1564 2845 tamen
1613 2807 1791 2846 Niebuhr.

1129 2865 1365 2911 (Vermischt.
1399 2864 1543 2902 Schrist.
1578 2864 1592 2901 1
1620 2878 1656 2915 p.
1685 2863 1792 2910 222)
