1904 3304
102 442 235 478 Septimo
244 450 320 469 anno
332 442 380 469 1:1-

102 477 174 510 bycs
187 485 222 502 eu
226 476 379 502 saw-xtra

118 511 246 537 ducunt:
280 509 341 535 lra
331 518 364 536 a

134 552 167 570 ι’(-
171 544 238 576 gio:
279 543 309 569 10
294 552 346 569 uus

101 577 261 612 Apollinis:
285 576 379 610 (lyre-

100 619 161 672 3⁵³2
174 610 310 638 conditur
349 618 378 638 a.

437 264 522 305 553
831 257 1303 296 HERODOTI

274 375 374 422 108
431 370 484 416 τοὶ
521 369 590 414 ἐπὶ
630 365 796 421 θάτερα
824 367 1075 422 παραῤῥέει.

813 436 982 493 ἑβδόμῳ
1024 437 1070 479 δέ
1105 448 1240 492 σφεας
1272 438 1355 481 ἔτεϊ
1385 438 1700 494 παραιτησάμε-

439 459 521 498 ρον
557 441 601 492 ἓξ
639 439 754 482 ἔτεα·

1142 368 1312 409 Τοῦτον
1342 368 1488 411 οἴκεον
1515 366 1592 410 τὸν
1621 369 1755 422 χῶ·30

437 529 508 555 νοι
538 511 581 553 οἱ
609 511 790 563 Λίβυες,
821 507 879 559 ὡς
908 508 951 557 ἐς
983 506 1191 561 ἀμείνονα
1219 512 1364 562 χῶρον
1392 509 1565 562 ἄξουσι,
1605 508 1701 552 οἰνέ-

407 591 429 623 2
440 590 616 638 γνωσαν
655 578 858 622 ἐκλιπεῖν.

915 572 1028 633 ἦγον
1066 577 1113 620 δέ
1152 589 1287 632 σφεας
1316 577 1521 621 ἐνθεῦτεν
1553 583 1594 622 οἱ
1622 582 1701 623 Λί-

439 656 541 708 βυες
585 648 905 704 ἀναστήσαντες
942 648 1053 702 πρὸς
1091 647 1296 704 ἕσπέρην·

1343 649 1417 691 καὶ
1449 649 1527 692 τὸν
1556 649 1701 693 κάλλι-

431 734 536 765 στον
578 724 666 764 τῶν
712 718 869 776 χώρων
915 721 987 762 ἵνα
1040 719 1269 771 διεξιόντες
1314 720 1357 761 οἱ
1385 717 1589 774 ’Έλληνες
1640 719 1757 775 μή35

431 796 592 845 ἰ’δοιεν,

433 863 592 914 νυκτὸς
632 866 832 918 παρῆγον
845 877 854 886 ·

398 935 595 989 3Ἴρασα.

380 1091 458 1132 20,
488 1088 551 1124 ubi
574 1083 714 1131 νάπος.
762 1084 891 1134 Lange
916 1084 1039 1121 Hero-

380 1146 458 1182 doti
478 1144 594 1180 locum
616 1143 667 1179 sic
688 1143 967 1190 interpretatur:
984 1161 1039 1168 -—

380 1201 484 1249 „und
515 1202 559 1235 ist
601 1198 672 1247 auf
705 1201 791 1233 zum?
820 1197 941 1234 Seiten
973 1209 1038 1231 von

380 1259 448 1294 den
491 1256 671 1291 sclciinsten
714 1254 871 1290 Tlu't‘lern
919 1254 1038 1299 einge-

380 1313 599 1350 soldossenf‘
630 1333 681 1338 --
723 1309 783 1346 Ad
816 1310 1033 1346 locutionem

378 1366 426 1408 τοέ
454 1367 518 1407 ἐπὶ
545 1364 697 1417 θάτερα
723 1367 767 1413 (i.
796 1379 828 1403 e.
858 1366 901 1402 ab
920 1365 1037 1401 altera

371 1426 495 1478 parte)
526 1425 620 1461 conf.
646 1423 833 1461 lambert.
862 1423 948 1459 Bos.
980 1422 1038 1459 De

377 1482 514 1532 ellipss.
551 1480 595 1518 L.
625 1481 689 1517 Gr.
717 1493 821 1549 pag,
841 1480 925 1519 288
960 1490 1039 1545 seq.

377 1540 499 1589 Supra
519 1537 575 1584 ΙΙ,
609 1539 661 1578 93
685 1551 732 1574 τα
754 1531 821 1575 ἐπ’
840 1530 1041 1585 οἷριστερα,

378 1608 473 1644 quae
494 1607 591 1631 nunc
609 1593 730 1630 malim
747 1592 933 1629 seiunctim
954 1591 1042 1627 scri-

382 1653 444 1697 bi,
472 1651 545 1687 vid.
566 1653 658 1686 nott.
679 1662 765 1699 pag.
786 1650 867 1688 692
890 1651 928 1685 et
945 1647 1041 1684 conf.

380 1708 521 1746 Herod.
543 1706 606 1754 IV,
632 1708 723 1746 191.

553 1763 664 1812 Cap.
700 1758 863 1798 CLVIII.

439 1814 778 1871 παραιτησάμενοι
809 1816 850 1855 οἷ
870 1813 1037 1866 Λίβυες]

380 1877 492 1914 Haud
525 1875 618 1913 male
640 1875 788 1922 Lange,
825 1874 1040 1909 vernaculus

381 1934 582 1983 interpres:
637 1931 691 1968 Im
727 1931 897 1966 siebenten
931 1929 1040 1964 Jaltre

381 1990 464 2026 aber
502 1988 637 2024 redden
671 1988 774 2023 ilmen
817 1986 872 2022 die
905 1985 1041 2035 Libyer

380 2059 451 2082 vor.
482 2046 515 2081 Is
537 2046 631 2082 enim
647 2044 714 2080 loci
732 2055 877 2080 seusus:
907 2041 1038 2091 Libyes

376 2102 595 2153 facultatem
618 2101 661 2136 ab
687 2100 761 2136 illis
776 2100 846 2135 siba·
863 2099 1040 2148 petebant,

379 2162 420 2195 ut
452 2159 556 2195 liceat
594 2157 764 2193 meliorem
796 2158 835 2191 in
865 2157 1040 2203 regionem,

380 2216 460 2252 illos
485 2215 659 2251 deducere.
694 2213 766 2249 Ubi
785 2224 871 2249 saue
892 2212 1040 2248 minime

381 2285 473 2322 opus
509 2269 782 2317 subintelligere
810 2266 877 2306 καὶ
908 2266 1040 2318 λέγον-

379 2343 441 2373 τες
469 2327 589 2375 (quod
618 2327 736 2375 ipsum
766 2325 877 2361 verbo
899 2339 1039 2375 παραι-

379 2379 596 2433 τησάμενοι
626 2383 696 2418 iam
715 2381 969 2427 continetur)
963 2381 1038 2417 eive

383 2440 481 2478 aliud
508 2439 606 2487 quid.
665 2437 774 2474 Ve1bi
804 2438 859 2472 si(r
836 2437 1039 2485 gnificatio-

384 2510 466 2534 nem
489 2496 675 2543 attigimus
696 2495 742 2529 ad
764 2493 825 2540 IV,
849 2496 939 2533 146.

438 2546 846 2601 οἷναστήσαντες]
881 2549 1038 2586 Verbum

381 2604 602 2658 ἀναστῆσαι
631 2619 704 2643 non
723 2610 864 2642 tautum
886 2606 922 2642 in
941 2606 975 2641 vi
1004 2609 1041 2642 et

381 2666 490 2702 armis
512 2665 578 2701 sed
594 2664 703 2701 etiam
724 2662 758 2697 in
778 2663 880 2698 iussis
901 2665 936 2698 et
957 2675 1041 2712 per-

382 2722 551 2758 suasione
572 2719 756 2769 usurpari‚
797 2718 864 2754 hoc
886 2717 962 2753 loco
990 2717 1041 2754 al-

382 2778 479 2823 lito,
510 2778 678 2813 observat
702 2774 854 2811 Siebelis
878 2774 926 2809 ad
945 2774 1042 2810 Pau-

384 2847 462 2873 san.
482 2833 573 2877 Υ,Ιί
600 2833 649 2873 15
678 2830 714 2882 ἓ.
737 2829 773 2869 4.
803 2852 855 2857 —-
889 2829 929 2865 ln
956 2831 1043 2866 sub-

386 2904 491 2940 seqq.
509 2890 600 2926 male
622 2888 704 2925 olim
724 2892 807 2939 post
828 2881 965 2938 χώρων
987 2887 1041 2923 di-

651 789 1054 846 συμμετρησάμενοι
1109 789 1188 846 τὴν
1235 788 1355 845 ὥρην
1404 793 1481 845 τῆς
1527 789 1701 846 ἡμέρης,

909 861 997 905 ἔστι
1033 862 1079 905 δὲ
1109 865 1169 917 τῷ
1198 859 1323 918 χώρῳ
1354 859 1495 917 τούτῳ
1528 860 1700 915 οὕνομα

655 931 887 989 ἀγαγόντες
922 932 968 977 δέ
998 945 1132 990 σφεας
1173 932 1242 976 ἐπὶ
1271 930 1437 987 κρήνην
1466 932 1703 988 λεγομένην

1096 1083 1326 1120 stinctionem
1374 1087 1596 1132 posuerunt,
1645 1095 1757 1132 quam

1097 1141 1266 1188 equidem
1328 1151 1407 1175 cum
1462 1143 1612 1176 recentt.
1671 1140 1756 1176 edd.

1095 1196 1237 1240 sustuli,
1265 1195 1403 1231 monitu
1421 1195 1524 1232 Reiz.
1544 1196 1578 1230 in
1593 1195 1752 1232 Praesat.

1094 1266 1181 1302 pag.
1203 1252 1237 1287 X
1255 1264 1357 1299 seqq.
1376 1251 1454 1287 coll.
1472 1252 1610 1299 Thrige
1637 1251 1658 1288 l.
1678 1251 1698 1287 l.
1717 1265 1755 1301 p.

1091 1310 1155 1348 74.
1187 1309 1372 1357 παρῆγον
1392 1320 1472 1343 cum
1490 1307 1690 1356 Schweigh.
1707 1312 1758 1345 et.

1095 1365 1214 1402 Gaiss.
1227 1365 1313 1401 dedi
1327 1376 1393 1414 pro
1404 1364 1644 1414 παρεξῆγον,
1655 1365 1756 1412 quod

1094 1422 1202 1459 codd.
1219 1421 1435 1457 auctoritate
1456 1421 1668 1457 destitutum
1687 1425 1755 1461 cst.

1143 1474 1295 1528 Ἴρασα]
1335 1476 1443 1512 Conf.
1463 1476 1592 1526 Stepli.
1615 1477 1706 1527 Byz.
1726 1489 1756 1513 s.

1095 1547 1130 1572 v.
1155 1540 1189 1571 et
1213 1533 1317 1571 Pind.
1337 1532 1441 1580 Pyth.
1462 1533 1526 1579 IX,
1550 1534 1628 1573 185
1643 1562 1653 1579 ‚
1693 1533 1757 1570 ubi

1097 1603 1192 1629 nunc
1217 1593 1316 1626 recte
1336 1589 1387 1625 sic
1411 1589 1541 1625 editur.
1599 1589 1659 1626 Tu
1683 1590 1756 1627 vid.

1096 1647 1232 1696 Heynii
1252 1649 1328 1682 not.
1358 1644 1414 1681 Ex
1429 1645 1612 1682 Herodoti
1632 1650 1752 1682 autem

1096 1703 1217 1740 verbis
1262 1705 1359 1738 recte
1403 1701 1572 1750 colligere
1611 1703 1754 1739 videtur

1097 1758 1367 1796 Schlichthorst.
1410 1770 1496 1807 pag.
1538 1758 1616 1798 135
1650 1759 1753 1796 lrasa

1097 1816 1192 1853 inter
1211 1815 1334 1851 Azirin
1358 1817 1395 1850 et
1417 1815 1586 1862 Cyrenen
1615 1819 1652 1851 et
1673 1815 1754 1863 qui-

1098 1873 1180 1909 dem
1200 1871 1244 1907 ab
1263 1875 1344 1907 ortu
1361 1870 1524 1918 Cyrenes
1542 1871 1610 1907 sita
1630 1872 1754 1917 fuisse,

1098 1933 1136 1965 et
1167 1928 1315 1977 quidem
1348 1926 1447 1962 Aziri
1483 1927 1636 1963 forsitan
1667 1940 1754 1977 pro-

1096 1986 1189 2035 pius.
1229 1984 1393 2026 Quocum
1411 1984 1644 2029 conveniunt,
1658 1995 1753 2033 qnae

1097 2054 1191 2077 nunc
1224 2053 1268 2077 ex
1307 2044 1474 2076 accurata
1507 2039 1663 2076 locorum
1697 2041 1754 2076 in-

1098 2097 1285 2146 spectione
1303 2097 1425 2133 docuit
1446 2095 1554 2132 Pach.
1584 2096 1605 2132 l.
1625 2096 1647 2133 l.
1666 2109 1752 2145 pag.

1096 2152 1171 2199 84,
1211 2153 1273 2201 qui
1295 2157 1456 2190 veterum
1474 2150 1579 2188 Irasa
1602 2165 1645 2190 eo
1673 2152 1752 2189 loco

1096 2210 1268 2255 collocat,
1308 2209 1369 2246 ubi
1401 2222 1495 2245 nunc
1528 2209 1609 2245 sous
1636 2209 1752 2245 ,Ersen

1096 2279 1123 2303 s.
1145 2266 1295 2302 Erasem
1327 2265 1445 2314 (quod
1469 2265 1587 2314 ipsum
1615 2266 1663 2303 ad
1689 2277 1752 2300 ve-

1096 2327 1209 2360 terem
1255 2322 1537 2372 appellationem
1577 2325 1751 2368 quantum

1094 2380 1223 2424 faciat,
1256 2391 1362 2415 nemo
1383 2390 1454 2415 non
1475 2374 1594 2426 videt)
1628 2382 1663 2413 et
1689 2376 1751 2412 ubi

1094 2436 1222 2484 incipit
1237 2435 1310 2472 alta
1330 2434 1390 2470 illa
1408 2433 1576 2483 planities
1603 2438 1751 2468 monto-

1096 2505 1136 2528 sa
1170 2491 1353 2539 (vocamus
1375 2489 1482 2537 vulgo
1505 2488 1569 2525 das
1598 2488 1750 2525 Platean

1095 2561 1166 2584 von
1187 2547 1370 2595 Cyrene),
1402 2546 1437 2581 in
1459 2557 1529 2593 qua
1549 2545 1628 2595 ipsa
1646 2550 1749 2582 vetus

1096 2605 1241 2653 Cyrene
1270 2606 1449 2640 exstructa
1478 2601 1566 2647 fuit,
1608 2601 1750 2638 arbori-

1096 2661 1163 2697 bus
1193 2659 1309 2705 laeta,
1360 2658 1463 2706 aquis
1492 2657 1585 2696 bene
1614 2658 1750 2707 irrigua

1095 2715 1306 2764 fertilisque.

1153 2769 1216 2810 ἐπὶ
1237 2765 1392 2821 κρήνην
1413 2768 1628 2820 λεγομένην
1647 2765 1751 2808 εἶναι

1094 2824 1360 2876 Ἀπόλλωνος]
1426 2827 1526 2864 ldem
1574 2825 1749 2875 Apollinis

1097 2886 1177 2921 sons
1216 2888 1436 2922 memoratur
1475 2883 1573 2934 apud
1601 2883 1749 2920 Pindar.
