1904 3304
406 289 462 328 46

806 289 1270 330 HERODOTI

405 397 570 453 ήσαντο
599 397 677 450 τὰς
704 397 847 455 θήκας
876 395 1047 453 αὐτῶν,
1087 402 1133 442 αἳ
1160 400 1360 457 λέγονται
1391 401 1676 456 σκευάζεσθαι

546 550 577 587 C
589 563 654 601 ap.
685 550 817 588 XXIV.

408 606 450 644 αἳ
473 603 651 658 λέγονται
676 603 940 653 σκευάζεσθαι
972 605 1012 655 ἐξ

349 660 484 712 ὑέλου]
515 662 634 703 ’ὑέλου
657 677 737 701 cum
757 664 957 713 Schweigh.
974 669 1012 702 et

350 720 467 756 Gaisf.
505 720 589 757 dedi
632 733 698 770 pro
730 720 825 769 vulg.
869 718 1010 768 ὑάλου,

349 777 404 814 cui
424 777 495 813 duo
515 776 596 813 libri
614 776 872 826 suffragantur.
906 778 1011 822 Quae

350 833 572 881 grammatici
599 834 731 871 Graeci
762 834 809 871 de
833 834 1011 871 discrimi-

348 902 396 926 ne
416 890 511 926 inter
528 886 642 936 ὕελος
661 895 697 927 et
714 887 836 936 ὕαλος
853 891 1011 928 doceant

348 947 420 982 vid.
448 947 548 996 apud
573 947 705 984 Thom.
734 948 903 996 Magistr.
926 960 1010 998 pag.

349 1004 431 1043 862
483 1016 560 1052 seq.
605 1003 723 1041 Moer.
777 1017 862 1054 pag.
914 1005 1011 1045 373.

349 1059 541 1108 Phrynich.
570 1072 658 1110 pag.
700 1062 781 1101 309
814 1074 918 1110 seqq.
951 1062 1010 1099 ed.

347 1115 511 1155 Lobeck.
550 1138 607 1145 -
649 1117 828 1155 Matthiae
862 1118 1013 1155 retinuit

347 1168 490 1212 ύάλου.
531 1194 586 1202 —-
646 1174 704 1211 Ad
757 1180 1012 1223 argumentum

348 1230 416 1267 loci
436 1231 663 1280 potissimum
690 1232 898 1268 conferatur
918 1232 1011 1269 Dio-

348 1287 428 1323 dori
461 1287 517 1324 vel
549 1288 668 1337 potius
694 1288 862 1334 Ctesiae,
902 1301 1011 1336 quem

348 1344 454 1390 citat,
492 1343 591 1379 locus
618 1344 675 1390 ΙΙ,
710 1342 784 1390 15,
823 1345 859 1380 in
891 1344 1010 1392 fragg.

348 1400 469 1437 Ctess.
518 1413 604 1449 pag.
647 1400 728 1440 410
775 1412 877 1450 seq.,
937 1400 1011 1448 ubi,

348 1456 448 1505 quod
505 1456 552 1492 ad
608 1457 813 1493 dissensum
867 1457 1013 1494 Ctesiae

347 1516 459 1561 atque
496 1512 681 1550 Herodoti
730 1513 883 1560 attinet,
931 1526 1013 1550 eum

347 1568 513 1606 Diodoro
535 1570 656 1618 potius
680 1582 746 1619 pro
769 1582 870 1607 more
894 1570 1011 1606 minus

348 1629 517 1661 accurate
533 1625 728 1663 Ctesianos
747 1625 857 1662 libros
876 1626 1012 1663 exscri-

346 1682 448 1718 benti
483 1682 758 1719 attribuendum
785 1682 901 1719 videri
931 1697 1010 1719 mo-

347 1738 421 1775 nui.
454 1738 554 1781 Quid
577 1752 662 1776 vero
682 1752 771 1776 voce
790 1737 909 1777 v‘e'tov
931 1739 1009 1777 He-

347 1795 500 1830 rodotus
520 1795 737 1843 designarit,
766 1795 804 1832 id
823 1801 924 1832 certo
945 1796 1010 1833 de-

348 1850 452 1887 finire
490 1851 749 1889 difficillimum.
815 1852 873 1889 De
905 1855 1009 1899 vitro,

347 1907 449 1956 quod
468 1907 582 1943 multo
599 1908 724 1946 labore
744 1910 923 1957 coquitur,
943 1922 1010 1946 nec

347 1964 383 1999 in
403 1969 499 2001 terra
518 1965 595 2013 ipsa
615 1966 784 2012 nascitur,
808 1978 880 2014 quo
893 1966 1009 2002 minus

347 2020 614 2069 intelligamus,
655 2022 804 2058 obstant
832 2022 912 2072 ipsa
932 2023 1011 2059 He-

347 2077 467 2113 rodoti
488 2077 598 2115 verba
629 2075 685 2128 (ή
713 2077 754 2117 δέ
783 2090 854 2127 σφι
882 2075 1009 2129 πολλή

346 2132 413 2171 καὶ
433 2128 594 2185 εὕεργός
612 2129 860 2186 ὄρύσσεται),·
881 2148 1011 2185 quam-

346 2202 456 2238 quam
494 2191 545 2227 ita
577 2190 711 2240 placuit
742 2191 866 2228 Pawio
908 2193 1011 2239 (Re-

346 2246 486 2284 cherch.
508 2247 637 2296 philos.
667 2261 727 2284 sur
756 2248 807 2285 les
831 2248 968 2298 Egypt.
996 2248 1011 2284 Ι

346 2315 381 2351 p.
404 2305 480 2343 191.
505 2302 582 2340 coll.
596 2317 630 2353 p.
648 2304 762 2350 283),
784 2305 953 2341 Vincent.
975 2317 1009 2353 p.

1069 551 1136 599 (ad
1159 552 1311 593 Diodor.
1332 553 1354 590 l.
1380 553 1423 602 l.)
1443 555 1473 591 si
1497 556 1638 603 audias,
1665 555 1733 593 suit

1069 608 1249 646 metallica
1261 611 1442 659 quaedam
1456 611 1609 662 species,
1621 624 1731 661 quam

1068 670 1190 703 tamen
1220 666 1299 716 ipse
1329 680 1368 705 se
1391 669 1561 716 ignorare
1583 669 1731 715 fatetur,

1068 721 1137 759 hoc
1170 722 1369 760 adiiciens:
1418 725 1588 772 „stibium
1619 729 1732 771 certe,

1068 779 1169 827 quod
1191 784 1230 816 et
1250 778 1497 817 Antimonium
1515 782 1657 828 dicitur,
1678 780 1733 817 vi-

1069 836 1177 872 detur
1205 848 1285 873 esse
1316 838 1496 885 quaedam
1530 838 1610 874 vitri
1647 850 1733 888 spe-

1069 893 1181 929 cies.“
1218 892 1401 929 Electrum
1422 907 1450 930 s.
1471 896 1650 931 succinum
1672 895 1732 930 su-

1069 949 1161 995 isse,
1199 949 1356 999 probare
1384 951 1526 988 studuit
1552 949 1732 988 Gataker.

1069 1005 1116 1041 ad
1134 1005 1186 1042 M.
1209 1006 1345 1042 Anton.
1365 1007 1412 1042 lv
1436 1021 1472 1057 p.
1498 1008 1590 1053 133,
1629 1019 1733 1044 acce-

1069 1062 1179 1099 dente
1199 1062 1251 1098 M.
1270 1062 1437 1100 Gesnero
1457 1064 1492 1100 in
1512 1065 1732 1100 Commentt.

1069 1118 1196 1155 societ.
1221 1118 1390 1168 Gotting.
1421 1119 1471 1156 111
1492 1134 1526 1170 p.
1552 1122 1605 1160 92
1621 1148 1631 1165 ‚
1665 1120 1732 1156 ob-

1068 1174 1240 1224 loquente
1259 1174 1504 1225 Wesselingio
1527 1177 1589 1221 (ad
1610 1176 1733 1214 Hero-

1068 1232 1147 1268 doti
1165 1232 1321 1278 locum),
1352 1233 1409 1269 cui
1425 1233 1494 1283 ipsi
1515 1233 1551 1269 in
1571 1236 1732 1270 mentem

1067 1294 1217 1325 venerat
1235 1288 1290 1324 sal
1303 1288 1467 1338 sessilis,
1508 1290 1570 1338 qui
1590 1289 1731 1337 ingenti

1067 1345 1172 1393 copia
1204 1346 1241 1380 in
1270 1345 1487 1393 quibusdam
1511 1344 1732 1395 Aethiopiae

1066 1401 1230 1450 partibus
1260 1402 1452 1451 proveniat
1475 1406 1575 1439 etex
1601 1401 1731 1438 nativis

1066 1462 1208 1494 secetur
1234 1458 1439 1502 montibus3
1484 1459 1659 1507 quodque
1693 1457 1731 1494 in

1066 1513 1180 1550 lucem
1208 1515 1356 1562 quando
1379 1513 1560 1564 prolatum
1581 1515 1649 1561 sit,
1680 1515 1732 1551 ita

1066 1570 1255 1614 durescat,
1296 1575 1337 1607 ut
1370 1571 1416 1607 ab
1455 1570 1632 1621 imperitis
1663 1583 1731 1620 pro

1065 1626 1160 1662 vitro
1180 1627 1320 1664 censeri
1342 1627 1469 1676 possit.
1500 1627 1595 1663 Add.
1609 1627 1732 1664 Bron-

1066 1684 1188 1731 gniart
1202 1683 1327 1722 Traite'
1345 1683 1447 1720 elem.
1470 1684 1516 1721 de
1538 1682 1670 1721 Miner.
1684 1683 1727 1720 T.

1067 1739 1081 1776 Ι
1109 1753 1144 1789 p.
1168 1740 1257 1781 144.
1307 1740 1358 1776 Et
1385 1753 1428 1777 eo
1459 1740 1731 1789 quodammodo

1066 1796 1214 1833 inclinat
1236 1795 1344 1833 Italus
1365 1796 1557 1846 interpres,
1578 1796 1731 1833 multum

1066 1853 1114 1890 de
1134 1852 1167 1889 h.
1187 1853 1211 1890 l.
1231 1853 1439 1902 disputans.
1485 1853 1632 1901 Heynio
1652 1853 1731 1900 (De

1065 1909 1218 1946 fontibb.
1234 1909 1387 1947 Diodor.
1410 1923 1444 1959 p.
1464 1909 1532 1947 LX
1551 1910 1608 1946 ed.
1626 1910 1732 1959 Bip.)

1066 1965 1251 2015 placuerat
1298 1966 1449 2002 bitumen
1498 1979 1527 2002 s.
1574 1968 1711 2014 gummi
1717 1979 1731 2011 ;

1067 2022 1257 2069 Werfero,
1278 2029 1456 2072 quantum
1478 2035 1523 2060 ex
1541 2023 1604 2069 iis,
1635 2035 1732 2071 quae

1067 2079 1104 2115 in
1127 2079 1337 2130 Actt.ph·111.
1360 2079 1526 2117 Monace.
1547 2079 1563 2114 Ι
1590 2092 1626 2129 p.
1650 2081 1730 2120 107

1067 2136 1231 2186 scripsit,
1275 2136 1477 2185 intelligere
1522 2135 1628 2181 licet,
1675 2134 1731 2172 sal

1066 2195 1250 2229 montanus
1258 2205 1271 2236 ,·
1290 2192 1396 2229 Gallo
1417 2191 1608 2241 interpreti
1620 2190 1728 2239 Miot,

1065 2249 1207 2298 species
1236 2251 1355 2285 micae.
1403 2249 1496 2285 Mihi
1523 2247 1660 2284 dudum
1692 2247 1729 2284 in

1067 2310 1228 2342 mentem
1252 2309 1400 2342 venerat
1425 2304 1651 2340 alabastrites
1673 2304 1729 2341 la-

347 2358 430 2398 794
460 2371 564 2407 seqq.
608 2360 656 2395 ad
693 2360 824 2397 calcem
854 2360 1008 2397 Rennel.
1060 2363 1119 2409 pis
1133 2362 1359 2409 maximeque
1375 2373 1453 2397 sum
1467 2360 1635 2408 laetatus,
1649 2373 1729 2398 cum

346 2415 393 2451 de
414 2428 539 2464 geogr.
562 2416 702 2453 Herod.
740 2421 777 2452 et
807 2429 923 2466 nuper
942 2417 1009 2452 ad-

345 2471 493 2507 modum
514 2472 591 2507 viro
617 2472 840 2508 nobilissimo
867 2473 914 2509 de
938 2472 1010 2508 Mi-

345 2526 481 2574 nutoli,
521 2527 732 2577 Nachtriige
753 2542 784 2565 Ζ.
806 2528 916 2566 Reise
940 2533 1006 2565 etc.

346 2596 430 2633 pag.
461 2584 543 2625 224
577 2597 680 2633 seqq.
742 2584 956 2635 Crystallum
970 2585 1006 2632 *)

346 2639 542 2687 significari
560 2641 764 2690 suspicatus
783 2646 838 2678 est
848 2642 1006 2678 Heeren.

346 2695 471 2733 ldeen.
490 2696 536 2742 ΙΙ,
565 2700 583 2737 1
616 2711 650 2746 p.
672 2698 778 2741 3353
824 2699 923 2746 quod
953 2702 1009 2734 ta-

346 2765 428 2789 men
448 2753 563 2802 ipsum
583 2754 619 2789 in
643 2753 867 2790 calidissimis
889 2755 1008 2802 regio-

346 2809 450 2845 nibus
472 2809 538 2845 illis
556 2822 623 2847 nec
640 2810 755 2846 oritur
774 2823 841 2847 nec
860 2810 1007 2847 omnino

346 2865 451 2902 facile
472 2870 528 2903 est
547 2865 743 2903 elaboratu.
791 2866 1006 2903 Palmerium

1065 2418 1101 2453 in
1123 2417 1295 2454 Creuzeri
1316 2417 1537 2454 Commentt.
1559 2416 1727 2454 Herodd.

1064 2486 1101 2523 p.
1123 2473 1176 2513 54
1197 2478 1273 2509 not.
1293 2475 1345 2514 26
1379 2473 1457 2519 (ubi
1479 2473 1526 2510 de
1546 2472 1579 2508 h.
1600 2473 1621 2509 l.
1641 2486 1728 2511 con-

1065 2529 1131 2565 suli
1152 2529 1223 2565 vult
1243 2533 1387 2579 praeter
1405 2530 1500 2565 viros
1521 2529 1650 2566 doctos
1668 2543 1729 2567 su-

1065 2597 1131 2635 pra
1171 2585 1340 2622 laudatos
1382 2586 1503 2634 Heyn.
1542 2586 1580 2622 in
1610 2585 1727 2624 Notit.

1065 2642 1179 2678 Mum.
1202 2642 1436 2690 Gottingens.
1460 2655 1496 2692 p.
1527 2643 1565 2688 8,
1598 2642 1728 2692 Zoega

1066 2699 1113 2735 de
1135 2698 1311 2734 Obeliscc.
1333 2712 1367 2748 p.
1385 2701 1479 2739 261.
1495 2700 1587 2739 266.
1621 2699 1725 2737 Com.

1067 2755 1114 2791 de
1127 2754 1228 2790 Palin
1249 2755 1285 2791 in
1308 2756 1491 2802 sragmens
1510 2768 1572 2791 sur
1590 2755 1727 2794 l'etude

1066 2811 1130 2848 des
1152 2811 1409 2861 hieroglyphes
1429 2810 1476 2848 Τ.
1502 2812 1516 2847 Ι
1535 2812 1724 2862 p.4seqq.

1065 2880 1102 2917 p.
1127 2869 1190 2908 12.
1221 2867 1427 2916 Boettiger.
1449 2868 1558 2905 ldeen
1579 2881 1642 2905 zur
1659 2868 1725 2905 Ar-

414 2942 447 2983 *)
472 2944 561 2986 Apud
586 2944 697 2978 Achill.
719 2944 795 2977 Tat.
813 2945 850 2982 11,
873 2948 903 2978 3.
922 2937 1040 2976 ὕαλον
1062 2938 1319 2987 ὀρωρυγμένην
1337 2947 1497 2988 explicant
1517 2946 1725 2990 crystallum.
