1904 3304
492 238 1168 282 MELPOMENE.1V.

1375 245 1458 285 439

178 344 447 402 3τριηκόσιοι
476 346 548 389 καὶ
577 349 810 403 τρισχίλιοι.
870 348 1030 392 τούτου
1065 354 1145 393 τοῦ
1175 348 1379 405 πελάγεος
1409 351 1455 395 τὸ
1467 360 1507 393 61

203 415 337 471 στόμα
373 414 459 459 ἐστὶ
500 413 629 470 εὖρος
665 419 856 473 τέσσερες
897 419 1082 464 στάδιοι·
1131 425 1268 477 μῆκος
1297 421 1342 465 δὲ
1373 424 1453 464 τοῦ

200 486 426 542 στόματος,
458 488 480 532 ὁ
512 489 672 547 αὐχήν,
703 489 751 533 τό
774 488 824 545 δή
849 490 1080 546 Βόσπορος
1103 491 1324 548 κέκληται,
1356 490 1453 535 κατ’

142 626 250 662 modo
276 639 350 662 non
380 629 441 674 ea,
473 629 545 677 quzi
582 629 791 666 Herodotus

140 681 223 720 velit
259 687 385 732 parte,
425 685 491 722 sed
530 685 576 721 ab
615 685 793 722 Heraclea

139 738 224 775 inde
265 751 380 787 usque
420 742 469 778 ad
511 741 790 790 Borysthenem,

139 795 210 842 quit
228 793 436 833 latissimum
456 810 535 834 esse
557 798 681 834 dicunt
692 798 790 834 Pon-

138 859 237 894 tum,
262 850 357 888 illam
386 855 566 891 sumseris.
608 854 665 890 Cf.
698 866 788 901 quo-

137 920 207 955 que
237 905 388 945 Rennel.
419 908 438 945 l.
469 909 490 945 l.
512 921 594 959 pag.
611 909 703 951 469.
741 908 788 945 Et

135 968 260 1000 monet
301 976 447 1013 quoque
483 966 630 1002 Dureau
672 965 718 1001 de
754 964 787 1001 la

135 1018 245 1056 Malle
267 1019 288 1055 l.
310 1019 331 1056 l.
351 1033 436 1070 pag.
461 1023 534 1061 181
564 1021 785 1057 latitudinem

134 1075 242 1112 Ponti
272 1076 317 1112 ab
335 1076 516 1114 Herodoti
537 1081 656 1114 aetate
674 1089 785 1125 usque

133 1132 181 1168 ad
200 1137 359 1169 nostrum
377 1136 521 1182 tempus
548 1134 663 1170 videri
680 1134 785 1170 valde

133 1188 366 1235 diminutam,
397 1189 511 1226 multa
537 1194 633 1226 terra
652 1190 700 1226 ad
717 1190 784 1225 flu-

131 1244 266 1280 minum
303 1245 395 1281 ostia
428 1246 638 1295 praesertim
670 1258 785 1294 agge-

132 1306 199 1336 sta.
240 1299 319 1337 Nec
335 1301 530 1338 admodum
548 1302 720 1339 recedunt
738 1301 783 1337 ab

128 1356 350 1393 Herodoteis
407 1359 562 1395 numeris
622 1357 784 1394 milliaria

131 1411 269 1449 Gallica
291 1413 471 1465 cxxiv}
502 1414 672 1461 (lieues);
704 1413 784 1462 qui-

130 1468 195 1504 bus
239 1481 360 1505 veram
400 1469 508 1506 Ponti
553 1470 781 1506 latitudinem

127 1524 303 1561 contineri
325 1526 456 1562 asserit
477 1525 582 1562 Plinii
604 1526 781 1575 interpres

126 1579 262 1616 Gallus.
292 1581 376 1624 Quo
395 1582 510 1629 magis
531 1594 553 1618 a
573 1594 658 1618 vero
673 1582 780 1618 aber-

124 1647 223 1673 rasse
251 1641 420 1686 putamus
448 1636 687 1683 Larcherum,
716 1637 778 1686 qui

124 1704 191 1742 pro
215 1692 378 1739 diversa,
409 1707 517 1743 quam
541 1694 662 1743 ponit,
701 1697 778 1729 sta-

123 1748 263 1785 diorum
303 1749 444 1787 ratione
470 1751 612 1786 nonnisi
639 1749 778 1786 LXVII

123 1803 285 1841 milliaria
294 1805 432 1843 Gallica
441 1806 522 1843 hinc
532 1805 626 1843 effici
636 1806 776 1853 statuit,

123 1873 226 1906 cum,
254 1860 414 1909 vulgaria
442 1862 471 1897 si
496 1867 681 1898 sumantur
701 1866 776 1898 sta-

122 1916 206 1962 dia,
244 1916 398 1953 existant
424 1917 627 1955 CXXXVII
651 1918 775 1954 millia-

122 1972 174 2007 ria
216 1971 355 2008 Gallica
396 1978 432 2010 et
469 1975 568 2022 quod
607 1974 772 2011 excurrit.

122 2027 244 2065 Kruse
271 2027 291 2065 l.
319 2027 341 2064 l.
373 2041 458 2078 pag.
478 2031 529 2070 25
555 2030 610 2066 hic
627 2043 773 2079 quoque

122 2084 281 2120 noctium
320 2084 448 2122 itinera
479 2085 603 2121 addita
635 2090 772 2131 censet,

121 2152 193 2188 quo
235 2141 349 2177 maior
398 2141 565 2178 existeret
609 2141 773 2188 latitudo,

120 2207 214 2244 quae
257 2209 384 2234 revera
420 2198 468 2233 sit
503 2196 570 2234 LII
614 2197 771 2234 milliarr.

121 2251 346 2289 Germanice.
391 2254 498 2290 trium
533 2254 672 2290 dlerum
711 2254 770 2290 iti-

119 2320 205 2345 nere
241 2320 335 2357 quae
373 2310 501 2346 confici
535 2310 684 2359 possint.
717 2332 768 2336 ——

119 2363 175 2400 Ad
201 2365 313 2402 verba
340 2379 386 2418 τῃ
413 2360 624 2414 ευούτατος
653 2361 771 2412 αὐτος

119 2417 271 2458 ἑωυτοῦ
293 2421 440 2467 confil,
472 2423 560 2462 193-
593 2424 685 2463 203

175 2471 317 2515 τούτου
367 2480 439 2516 τοῦ
490 2474 677 2529 πελαγεος
726 2475 770 2517 τό

121 2527 244 2581 στόμα
260 2531 338 2571 ἐστὶ
361 2535 474 2585 εὑρος
490 2533 664 2584 τέσσερες
680 2530 771 2573 στοῖ-

121 2586 221 2637 διοι]
251 2588 430 2626 Observat
449 2591 570 2628 Kruse
594 2591 615 2627 l.
640 2590 663 2628 l.
683 2603 767 2641 pag

120 2645 173 2682 29
196 2656 319 2680 vocem
339 2642 460 2696 στόμα
479 2648 580 2697 apud
598 2647 770 2685 Herodo-

120 2702 196 2735 tum
238 2700 369 2750 duplici
405 2714 512 2739 sensu
549 2704 685 2754 accipi,
732 2708 769 2741 et

120 2755 287 2803 arctiori,
337 2757 384 2793 de
413 2757 472 2794 illo
500 2759 656 2810 Bospori
688 2762 768 2797 loco

120 2811 274 2848 maxime
308 2817 484 2861 anguste,
527 2828 641 2866 prope
674 2816 769 2853 Iovis

120 2866 198 2902 Urii
223 2867 393 2918 templum
424 2869 483 2916 (ut
502 2870 704 2921 hocloco),
733 2877 769 2910 et

850 629 966 665 latiori
983 631 1029 667 de
1049 631 1146 667 omni
1165 631 1323 681 Bospori
1344 630 1505 680 longitu-

848 684 955 730 dine,
984 691 1025 722 ut
1055 688 1090 722 in
1119 687 1237 724 verbis
1264 687 1425 737 proxime
1446 700 1504 724 se-

847 741 1063 789 quentibus:
1098 745 1224 792 μῆκος
1260 740 1302 781 δὲ
1327 745 1399 782 τοῦ
1417 739 1501 781 στό-

847 810 986 846 ματοςς
1027 798 1155 846 quibus
1184 800 1271 848 ipsis
1303 799 1500 848 perspicui-

847 854 931 889 tatis
958 865 1064 889 causa
1091 855 1218 891 addita
1243 859 1366 903 putem
1389 856 1497 892 haec:

845 906 869 946 ὁ
892 904 1041 958 αὐχὴν,
1072 905 1114 947 τό
1141 907 1192 960 δή
1214 907 1416 961 Βόσπορος
1439 912 1498 949 κε’-

844 966 1001 1014 κληται,
1031 978 1077 1002 ne
1107 967 1188 1014 quis
1217 966 1351 1003 scilieet
1372 980 1496 1004 vocem

844 1018 968 1070 στόμα
985 1033 1090 1058 sensu
1113 1023 1255 1059 arctiori
1273 1022 1329 1059 hic
1349 1036 1496 1072 quoque

841 1078 999 1127 positum
1015 1078 1176 1127 accipiat.
1208 1078 1498 1127 Intelligiturau-

841 1138 927 1180 tem,
946 1138 985 1170 ut
1002 1133 1122 1171 Kruse
1141 1134 1161 1171 l.
1179 1134 1200 1171 l.
1220 1147 1305 1184 pag.
1318 1137 1370 1176 30
1390 1148 1494 1185 seqq.

843 1190 991 1235 statuit,
1037 1189 1138 1227 locus
1185 1204 1300 1241 prope
1339 1191 1499 1228 Anadoli

844 1245 994 1290 Kavak
1027 1251 1067 1282 ut
1094 1259 1188 1283 nunc
1218 1251 1388 1295 vocatur,
1419 1260 1496 1284 ma-

841 1303 934 1339 xime
959 1273 1018 1339 ille
1036 1303 1182 1351 quidem
1202 1315 1267 1351 per
1288 1307 1399 1339 totum
1420 1308 1494 1340 tra-

839 1363 934 1394 ctum
953 1363 1137 1407 angustus.
1178 1358 1226 1395 Et
1245 1372 1333 1396 sane
1356 1360 1392 1396 in
1413 1359 1493 1396 lati·

839 1415 965 1451 tudine
1012 1415 1206 1451 indicanda
1251 1415 1371 1465 plures
1412 1429 1491 1452 curn

838 1470 1030 1506 Herodoto
1088 1472 1317 1508 consentiunt
1372 1484 1491 1509 rerum

837 1525 1049 1575 scriptores,
1084 1527 1238 1572 Strabo,
1260 1527 1421 1564 Eustath.
1443 1529 1490 1564 ad

836 1581 988 1629 Dionys.
1018 1582 1158 1630 Perieg.
1182 1582 1202 1618 l.
1221 1583 1265 1626 l.‚
1295 1583 1376 1627 alii3
1415 1584 1491 1620 dis-

835 1638 944 1675 sentit
966 1637 1097 1686 Scylax
1116 1642 1239 1687 septem
1259 1642 1297 1675 et
1318 1638 1489 1688 Polybius

835 1693 1014 1730 duodecim
1032 1707 1172 1744 ponens
1193 1695 1334 1740 stadia;
1364 1708 1488 1732 recen-

834 1751 944 1787 tiores
970 1751 1080 1786 modo
1113 1754 1263 1800 quatuor
1291 1751 1399 1788 modo
1425 1763 1488 1788 sex

834 1807 961 1843 stadiis
1008 1806 1077 1843 loci
1119 1807 1220 1844 huius
1258 1807 1486 1844 latitudinem

833 1863 1021 1900 definiunt.
1049 1863 1082 1898 V
1084 1863 1304 1912 id.Breiger.
1325 1864 1346 1901 l.
1360 1863 1382 1900 l.
1400 1877 1485 1914 pag.

832 1921 885 1960 27
914 1924 949 1956 et
972 1919 1092 1956 Kruse
1115 1921 1137 1956 l.
1159 1920 1181 1956 l.
1211 1933 1294 1970 pag.
1314 1919 1365 1960 41
1381 1948 1392 1966 ,
1423 1921 1485 1968 qui

832 1974 1072 2011 differentiam
1104 1975 1155 2012 ita
1185 1975 1259 2012 tolli
1288 1988 1396 2026 posse
1414 1989 1484 2025 pu-

829 2035 902 2075 tat,
968 2035 1009 2067 ut
1064 2035 1267 2080 temporum
1329 2033 1482 2068 decursu

829 2086 897 2122 loci
926 2090 1055 2122 natura
1079 2088 1234 2133 mutata,
1269 2087 1385 2136 ipsum
1411 2088 1483 2124 sre-

830 2146 916 2187 tum,
939 2142 1020 2178 olim
1040 2143 1184 2189 arctius,
1210 2143 1281 2179 iam
1301 2143 1406 2179 latius
1426 2144 1481 2180 fa-

829 2203 923 2234 ctum
954 2197 1064 2234 fuisse
1096 2199 1327 2235 existimetur.
1372 2200 1480 2236 Conf.

829 2254 937 2291 etiam
966 2254 1169 2291 Tzschuck.
1199 2256 1245 2291 ad
1270 2254 1355 2292 Mel.
1386 2260 1479 2292 nott.

828 2323 956 2359 exegg.
986 2310 1065 2346 V.01
1098 2311 1145 2346 lll
1176 2310 1215 2346 P.
1237 2311 1251 2346 Ι
1280 2323 1365 2360 pag.
1385 2312 1479 2351 569.

827 2387 882 2393 —
910 2366 967 2403 De
995 2368 1183 2403 accusativi
1207 2368 1320 2417 εὖρος
1339 2368 1480 2404 ratione

827 2423 920 2459 conf.
954 2422 1086 2458 Matth.
1120 2423 1183 2459 Gr.
1210 2424 1274 2460 Gr.
1315 2421 1352 2473 ἓ.
1382 2422 1477 2469 425,

827 2478 875 2524 5,
905 2481 930 2518 2
960 2492 1044 2527 pag.
1069 2479 1160 2520 785.

881 2532 901 2573 ὁ
923 2531 1060 2584 αὐχήν,
1081 2532 1123 2573 τό
1141 2532 1189 2584 δή
1203 2531 1404 2585 Βόσπορος
1416 2533 1477 2573 κέ-

824 2589 975 2641 κληται]
993 2591 1047 2628 Ad
1062 2597 1275 2628 structuram
1287 2592 1330 2628 cf.
1343 2590 1476 2628 Matth.

826 2645 861 2697 ἓ.
872 2649 964 2695 428,
975 2647 1011 2687 5.
1034 2646 1093 2684 Ad
1106 2648 1404 2697 significationem
1415 2660 1478 2683 vo-

825 2705 874 2740 cis
886 2699 1013 2754 αὖχήν
1026 2704 1316 2752 cognoscendam
1327 2705 1477 2748 faciunt,

827 2773 919 2808 quae
937 2761 984 2797 ad
1004 2761 1031 2806 l,
1061 2762 1114 2800 72
1136 2761 1349 2797 notavimus.
1382 2759 1477 2796 Add.

826 2816 898 2863 IV,
943 2818 1020 2856 118
1060 2815 1122 2855 ἐπὶ
1159 2818 1211 2869 τῷ
1242 2810 1377 2865 αυχένι
1407 2817 1479 2853 τοῦ

822 2868 1035 2924 Βοσπόρου
1053 2878 1090 2911 et
1104 2873 1252 2910 Maxim.
1275 2871 1364 2920 Tyn
1382 2872 1447 2909 Dis
1434 2884 1478 2906 s
