1904 3304
80 338 177 382 150

625 221 969 262 THALIA.

1027 224 1090 261 ΙΙΙ.
1409 228 1492 267 261

334 328 429 373 Ἐπὶ
461 330 506 373 δὲ
537 330 692 386 Σάμον
723 332 1044 389 στρατεύματος
1077 336 1291 376 ναυτικοῦ
1321 335 1489 390 οἰχομέ-

221 417 327 453 νου,
359 402 635 456 Βαβυλώνιοι
667 400 936 460 ἀπέστησαν,
967 403 1105 457 κάρτα
1145 398 1195 447 εὖ
1223 416 1488 458 παρεσκευα-

191 473 384 528 Ξσμένοι.

219 542 324 586 ἑπτά
366 542 682 599 ἐπανέστησαν,
723 545 770 588 ἐν
806 544 948 602 τούτῳ
986 547 1115 589 παντὶ
1145 550 1205 603 τῷ
1236 546 1378 605 χρόνῳ
1410 549 1485 590 καὶ

216 618 268 671 τῇ
297 619 464 671 ταραχῇ
502 615 544 666 ἐς
582 614 661 671 τὴν
701 618 959 672 πολιορκίην
998 618 1374 672 παρεσκευάδατο·
1414 622 1488 662 καί

158 765 341 811 τοικίζειν
367 767 410 803 cf.
434 764 555 811 1,154
585 764 820 811 κατοικίζειν

157 822 273 871 (sedes
295 821 514 870 assignare.)

379 881 489 929 Cap.
525 877 601 914 CL.

212 930 716 987 Βαβυλώνιοιάπὲστησαν]
737 932 819 970 Me-

158 994 261 1030 minit
282 994 386 1030 huius
407 991 621 1029 defectionis
651 997 686 1026 et
713 990 819 1026 lusti-

157 1063 226 1086 nus
252 1049 278 1095 Ι,
303 1053 352 1090 10
376 1054 413 1085 et
438 1048 530 1084 Plut.
553 1047 584 1083 ll
616 1059 649 1095 p.
675 1046 751 1086 175
774 1047 816 1082 A.

155 1119 192 1156 p.
205 1108 285 1146 687
300 1105 513 1154 lVyttenbx,
543 1102 621 1140 coll.
636 1102 816 1151 Polyaen.

156 1162 236 1209 vu,
271 1165 341 1208 12·,
372 1161 535 1199 meminit
559 1160 645 1196 item
673 1159 816 1196 Ctesias

155 1218 311 1255 Persice.
342 1218 429 1254 Exc.
465 1216 501 1268 ἓ.
522 1219 574 1256 22
602 1217 638 1252 in
667 1229 711 1252 eo
742 1216 818 1251 dis-

158 1275 315 1311 sentiens
338 1275 384 1311 ab
407 1274 614 1319 Herodoto,
645 1272 744 1321 quod
768 1273 816 1308 ad

156 1331 286 1367 Xerxis
328 1344 479 1379 regnum
526 1330 617 1366 hanc
665 1329 817 1365 seditio·

155 1400 237 1424 nem
265 1388 394 1434 refert,
422 1387 459 1423 in
488 1399 560 1435 quo
590 1386 721 1422 eodem
751 1398 815 1422 se-

154 1456 307 1492 quacem
350 1443 478 1480 habuit
517 1441 747 1479 Plutarchum
779 1442 812 1478 ll

152 1513 238 1550 pag.
274 1501 352 1540 173
376 1500 417 1535 C.
446 1513 482 1549 p.
506 1501 586 1539 688
620 1498 810 1545 Wyttenb.

150 1556 274 1592 Minus
297 1560 409 1601 recte,
427 1562 465 1593 ut
487 1555 571 1591 mihi
589 1555 738 1603 quidem
758 1555 812 1590 vi-

150 1612 279 1659 detur,
311 1625 390 1649 curn
412 1613 448 1649 in
472 1617 677 1661 temporum
696 1611 810 1647 ratio-

149 1669 254 1705 nibus
283 1669 544 1706 constituendis
575 1680 680 1705 nemo
712 1674 810 1706 certe

149 1726 340 1774 quisquam
354 1726 499 1762 Ctesiae
513 1725 683 1761 maiorem
699 1737 809 1773 quam

147 1781 340 1818 Herodoto
359 1782 467 1819 fidem
486 1782 712 1817 tribuendam
728 1794 810 1818 esse

148 1843 307 1882 censeat,
337 1852 403 1875 nec
423 1838 530 1874 ullum
551 1837 660 1884 aliud,
693 1850 809 1886 quan-

148 1898 223 1929 tum
259 1894 352 1942 scio,
384 1894 627 1931 testimonium
659 1895 704 1931 de
734 1895 808 1930 Ba-

150 1948 378 1998 byloniorum
400 1951 617 1997 de‘ectione,
637 1962 731 1999 quae
750 1964 808 1987 re-

149 2011 287 2052 gnante
298 2006 418 2043 Xerxe
439 2007 619 2052 acciderit,
640 2008 806 2056 supersit.

147 2061 228 2099 Nec
257 2063 372 2111 magis
404 2064 542 2113 probo,
583 2064 681 2111 quod
715 2064 805 2099 duas

146 2118 392 2165 defectiones,
422 2118 573 2156 alteram
599 2119 710 2156 Dario
747 2132 805 2156 re-

144 2180 303 2223 gnante,
347 2175 497 2212 alteram
534 2176 654 2213 Xerxe
689 2176 805 2224 impe-

143 2236 249 2268 rante
275 2245 369 2280 quae
392 2232 560 2269 acciderit
576 2238 613 2269 et
632 2232 803 2269 Ieremiae

144 2287 189 2333 4,
214 2290 264 2328 21
295 2289 481 2338 praedicta
511 2289 641 2334 fuerit,
673 2290 804 2325 sumsit

143 2343 329 2390 Venema,
384 2346 559 2382 lere-miae
607 2346 801 2394 interpres,

141 2400 331 2449 probante,
356 2406 394 2438 ut
422 2401 576 2446 videtur,
593 2401 803 2438 Valckena-

144 2456 207 2492 rio.
237 2457 342 2501 Quae
361 2459 546 2506 quomodo
558 2459 703 2507 probari
717 2472 803 2508 pos-

144 2512 235 2558 sint,
279 2515 446 2563 equidem
490 2515 587 2551 haud
624 2514 800 2563 intelligo.

144 2568 333 2606 Caeterum
350 2571 535 2620 pertinent
551 2571 634 2615 huc,
652 2584 745 2620 quae
765 2572 802 2609 in

143 2622 253 2660 Diod.
273 2632 441 2676 excerptt.
464 2626 500 2678 ξ.
520 2628 573 2668 42
592 2629 628 2664 in
649 2628 689 2664 A.
708 2628 799 2665 Maii

144 2692 227 2716 nov.
247 2681 386 2730 scriptis
404 2683 482 2720 coll.
503 2684 534 2720 ΙΙ
550 2698 586 2734 p.
600 2683 653 2724 34
669 2684 800 2733 legun-

144 2740 211 2772 tur.
270 2737 368 2783 „Pro
387 2738 497 2776 Dario
517 2741 651 2789 Cyrum
676 2742 711 2778 in
731 2741 799 2778 hac

144 2791 292 2829 historia
320 2793 409 2831 falso
439 2802 614 2834 memorat
643 2798 799 2846 Gregor.

142 2847 236 2885 Νη.
256 2849 290 2886 in
301 2849 417 2888 Stelit.
430 2856 465 2888 et
472 2852 627 2890 Basilius
644 2854 680 2891 in
691 2854 798 2891 scho-

877 763 932 800 liis
955 764 989 800 in
1015 778 1108 801 eum.
1148 766 1230 803 Vid.
1256 767 1487 805 Boissonade
1505 768 1542 804 iu

877 820 1029 857 Notices
1071 826 1110 858 et
1143 822 1313 860 Extraits.
1352 824 1458 862 Toin.
1490 825 1540 861 xl

876 890 961 926 pag.
985 879 1104 917 107.“
1126 878 1190 916 Cr.
1250 879 1414 930 Tempus
1438 882 1540 917 dese-

876 934 1020 979 ctionis,
1035 935 1063 970 si
1085 936 1242 983 quaeris,
1263 936 1539 974 discernendum

876 990 957 1037 erit,
988 996 1135 1027 auctore
1156 992 1236 1041 ipso
1259 992 1452 1029 Herodoto
1484 994 1539 1030 in-

875 1052 931 1083 ter
961 1047 998 1082 id
1019 1051 1174 1097 tempus,
1204 1061 1277 1097 quo
1305 1049 1412 1087 tacite
1435 1051 1539 1088 defe-

873 1103 1028 1139 ctionem
1046 1106 1165 1140 auimo
1191 1106 1363 1153 agitarint
1388 1106 1537 1143 bellum-

873 1172 946 1208 que
985 1162 1259 1211 praepararint,
1302 1176 1369 1212 per
1400 1168 1534 1200 statum

872 1216 1142 1264 turbulentum,
1173 1231 1246 1267 quo
1268 1220 1437 1256 extremis
1467 1232 1533 1257 an—

873 1273 928 1307 nis
943 1273 1046 1321 regni
1075 1274 1282 1322 Cambysis,
1315 1277 1374 1324 qui
1397 1276 1474 1317 521
1499 1290 1533 1313 a.

874 1328 958 1365 Chr.
977 1330 1214 1379 probabiliter
1225 1332 1313 1368 obiit
1332 1333 1423 1378 (vid.
1440 1337 1532 1370 nott.

871 1386 919 1421 ad
953 1385 1014 1433 ΙΙΙ,
1042 1384 1112 1436 66)
1152 1388 1268 1424 omnis
1296 1387 1382 1424 Asia
1412 1388 1532 1426 Persis

870 1441 1016 1478 subdita
1046 1443 1273 1491 agitabatur,
1305 1449 1340 1481 et
1369 1445 1463 1482 iuter
1490 1445 1534 1481 il-

868 1496 943 1544 lud,
964 1511 1037 1547 quo
1056 1500 1163 1536 rebus
1184 1501 1271 1537 satis
1293 1502 1532 1551 praeparatis,

868 1553 990 1604 palam
1020 1555 1241 1603 defecerint,
1269 1557 1288 1593 i.
1317 1571 1347 1594 e.
1381 1571 1424 1594 eo
1455 1558 1531 1596 fere

868 1615 1049 1660 tempore,
1071 1625 1143 1660 quo
1157 1612 1305 1649 Samum
1323 1626 1449 1650 versus
1470 1628 1531 1652 ve-

867 1666 901 1703 la
922 1668 1024 1704 dedit
1044 1668 1165 1705 classis
1177 1669 1384 1718 Sylosontis
1399 1670 1433 1706 in
1446 1684 1532 1719 gra-

867 1724 969 1769 tiam,
1000 1725 1059 1773 qui
1086 1738 1208 1774 regem
1233 1739 1358 1764 recens
1389 1727 1436 1762 ad
1463 1728 1530 1763 im-

865 1781 1005 1830 perium
1018 1787 1182 1818 evectum
1202 1780 1276 1831 (—
1295 1782 1434 1821 νεωστὶ
1454 1780 1529 1835 τήν

866 1831 995 1887 άρχήν
1019 1836 1117 1888 ἔχων
1143 1839 1212 1885 ill,
1240 1840 1338 1888 140)
1365 1841 1528 1887 adierat3

865 1895 962 1930 uude
989 1907 1061 1930 non
1086 1894 1197 1932 multo
1227 1901 1310 1945 post
1331 1910 1414 1933 ann.
1442 1899 1520 1937 521

864 1962 892 1985 s.
927 1951 1007 1990 520
1043 1951 1265 2000 Babylonios
1304 1953 1424 2004 palam
1455 1954 1526 1991 de-

864 2007 994 2043 fecisse
1018 2007 1057 2044 fit
1080 2008 1277 2058 probabile.

920 2061 986 2100 καὶ
1015 2065 1065 2116 τῇ
1092 2063 1269 2118 ταραχῇ]
1318 2065 1424 2101 Conf.
1459 2065 1524 2111 ΙΙΙ,

866 2121 944 2158 126
970 2119 1094 2167 ibique
1116 2126 1208 2157 nott.
1256 2121 1343 2157 Mox
1362 2134 1441 2157 cum
1467 2134 1525 2158 re-

862 2180 971 2211 ceutt.
994 2176 1075 2211 edd.
1090 2189 1156 2226 pro
1175 2173 1522 2226 παρεσκευάσαντο

862 2244 882 2268 e
911 2231 1072 2269 Floreat.
1101 2245 1247 2282 unoque
1277 2233 1388 2271 Paris.
1421 2234 1523 2270 exhi-

862 2288 921 2324 bui
960 2286 1304 2338 παρεσκευάδατο,
1342 2290 1523 2340 probante

860 2344 1064 2393 Schweigh.
1093 2351 1128 2383 et
1150 2347 1361 2384 conferente
1387 2348 1434 2392 V,
1455 2346 1521 2387 34.

860 2400 957 2447 Vlll,
976 2404 1069 2442 218.
1101 2402 1162 2440 Tu
1182 2404 1276 2440 conf.
1298 2403 1433 2440 Matth.
1454 2404 1520 2440 Gr.

858 2457 923 2494 Gr.
950 2472 984 2509 p.
1007 2460 1103 2507 372,
1126 2472 1173 2497 ne
1202 2458 1317 2510 plura.
1386 2459 1443 2496 Ad
1469 2459 1522 2496 lo-

856 2515 1062 2552 cutionem:
1110 2514 1154 2554 ἐκ
1196 2518 1268 2555 τοῦ
1319 2512 1521 2567 ἔμφάνεος

857 2571 1017 2621 (palam)
1045 2573 1141 2609 conf.
1172 2572 1307 2609 Matth.
1337 2573 1356 2609 l.
1383 2572 1403 2609 l.
1432 2586 1516 2623 pag.

859 2628 966 2669 1134
977 2633 1014 2666 et
1025 2629 1240 2666 Pausaniam
1259 2629 1328 2666 hoc
1346 2629 1521 2678 loquendi

855 2697 970 2733 genus
989 2686 1191 2724 imitantem
1209 2686 1275 2732 IX,
1296 2688 1312 2726 1
1341 2684 1375 2737 ξ.
1396 2688 1435 2732 3,
1455 2686 1516 2722 ubi

855 2742 927 2778 vid.
948 2741 1116 2779 Siebelis.
1165 2743 1288 2791 Atque
1309 2743 1394 2779 inde
1407 2743 1515 2779 etiam

854 2797 1035 2849 Procopio
1055 2798 1149 2835 hanc
1165 2797 1380 2836 locutionem
1408 2799 1517 2835 valde

854 2854 1033 2906 placuisse
1055 2855 1107 2903 (v.
1134 2868 1164 2892 e.
1189 2855 1233 2892 B.
1258 2855 1371 2894 Goth.
1389 2854 1426 2901 1,
1452 2856 1514 2893 11.

1548 331 1708 367 Babylonii
1734 334 1824 362 rebus

1569 367 1606 393 ad
1624 367 1807 395 obsidionem

1546 401 1733 428 tolerandam
1772 411 1823 436 pa—

1546 435 1621 460 ratis
1632 432 1824 467 d‹·1iciunt,et

1561 467 1719 495 utilierum
1742 474 1805 496 tur-

451 471 499 514 ἐν
541 472 632 531 ὅσῳ
682 474 764 529 γὰρ
809 474 834 518 ὅ
873 491 916 518 τε
955 474 1113 530 Μάγος
1152 469 1277 530 ἦρχε,
1319 477 1391 519 καὶ
1443 479 1487 520 οἱ
1543 499 1821 537 banmstrangulant,
