1904 3304
416 214 501 255 208

814 211 1285 251 HERODOTI

420 320 522 367 οὔτε
542 321 627 379 γάρ
659 321 788 380 ἔγωγε
818 321 1046 379 ἐνδέκομαι
1071 319 1309 377 Ἠριδανόν
1337 338 1434 365 τινα
1453 319 1685 366 καλέεσθαι

365 481 541 532 temporis
561 482 809 531 penetrasset,
839 491 902 527 ea,
929 489 1024 526 quae

367 538 567 575 Phoenices
605 536 755 574 navibus
790 549 834 573 eo
871 533 1025 586 profecti

366 595 546 633 narrarint
566 594 641 631 sive
663 605 811 642 prorsus
833 593 927 639 ficta,
949 591 1025 627 sive

367 663 452 689 vera
473 650 573 687 salsis
595 650 754 686 admixta
781 649 932 697 (quibus
959 646 1028 683 sci-

367 707 450 745 licet
481 706 635 754 reliquos
665 705 826 742 homines
865 704 1029 741 fallerent

370 769 407 802 et
435 764 481 800 ab
511 762 578 799 illis
606 767 772 799 arcerent
798 761 1027 810 regionibus)

369 821 405 857 in
426 819 583 856 medium
602 819 768 869 proferre
789 818 946 855 noluerit
970 816 1030 852 iis-

370 876 567 926 queipsiS,
611 888 706 924 quae
735 876 920 925 proferat,
963 873 1032 909 ‹lu-

370 933 581 970 bitationem
600 944 700 968 suam
717 932 937 981 interponat.
977 927 1032 965 Ac

371 990 466 1027 bene
500 994 623 1025 monet
647 988 803 1025 Rennel.
831 1000 915 1038 pag.
949 987 1030 1025 397

371 1045 585 1083 Herodotea
614 1049 792 1092 tangens,
831 1043 1031 1081 Phoenices

372 1102 535 1139 studiose
552 1101 688 1138 celasse
711 1101 835 1148 videri,
866 1101 927 1150 qui
946 1099 1033 1149 ipsis

373 1159 447 1195 sint
486 1158 689 1194 divitiarum
728 1158 870 1203 fontes,
939 1168 1033 1205 quae

373 1215 575 1252 commercii
597 1214 677 1251 viae
702 1218 812 1263 atque
835 1213 975 1262 copiae.

432 1267 522 1309 οὔτε
562 1266 636 1321 γὰρ
676 1268 794 1322 ἔγωγε
825 1267 1035 1318 ἐνδέκομαι

372 1322 580 1379 Ἠριδανόν
607 1325 712 1377 τινα]
748 1327 806 1363 Ad
832 1326 1034 1362 Eridanum

373 1385 522 1422 fluvium
544 1383 729 1421 Electrum
758 1384 832 1420 sive
854 1383 1033 1419 succinum

376 1441 452 1478 erui
479 1441 640 1490 indeque
669 1453 691 1477 a
712 1439 956 1477 Phoenicibus
986 1437 1034 1475 ad

376 1497 570 1534 Graeciam
593 1497 791 1545 Asiamque
809 1496 930 1533 afferri
955 1496 1036 1531 san-

376 1554 425 1591 do
448 1553 613 1591 audierat
630 1552 780 1590 Noster.
813 1552 956 1596 Quibus
977 1555 1035 1587 ta-

376 1622 461 1648 men
485 1610 593 1647 fidem
616 1622 655 1646 se
686 1609 821 1646 habere
841 1620 949 1658 posse
970 1619 1037 1644 ne-

377 1670 463 1716 gat,
504 1679 583 1703 cum
610 1664 667 1702 veI
692 1666 807 1702 amnis
834 1664 940 1701 huius
972 1676 1040 1699 no-

378 1735 462 1760 men
483 1723 615 1759 Graeci
635 1722 723 1771 quid
746 1726 872 1768 sonet,
905 1719 1038 1757 Graeci

378 1783 500 1816 antem
517 1779 661 1816 minime
680 1779 727 1815 ad
749 1791 809 1815 eas
829 1790 944 1827 usque
963 1781 1039 1813 ter-

379 1848 440 1873 rae
457 1836 696 1885 pervenerint.
724 1835 797 1878 Qui
811 1838 940 1885 postea
952 1833 1041 1869 En·-

381 1891 472 1928 clane·
497 1893 643 1930 nomine
670 1892 862 1940 insignitus
890 1895 945 1928 est
967 1890 1039 1926 Ita-

380 1947 449 1986 liae
472 1949 621 1995 ssuvius‚
660 1948 782 1985 Padus
809 1948 922 1994 (conf.
946 1946 1037 1984 Plin.

380 2004 566 2052 H.N.III‚
590 2008 654 2045 16.
685 2004 873 2050 XXXVII,
890 2006 926 2043 2.
957 2003 1042 2039 vir-

381 2061 444 2110 gil.
476 2061 615 2110 Georg.
640 2061 674 2108 I,
709 2062 791 2102 482
816 2061 902 2110 ibiq.
934 2060 960 2096 Ι.
991 2058 1039 2095 H.

380 2118 531 2165 Voss),
562 2119 608 2156 de
628 2131 672 2156 eo
694 2117 947 2164 Herodotum,
979 2115 1042 2164 qui

381 2174 543 2220 Thuriis,
562 2175 584 2212 i.
604 2188 635 2212 e.
654 2175 689 2211 in
711 2175 792 2225 ipsa
813 2173 928 2219 Italia,
950 2184 1042 2222 opus

383 2244 487 2267 sunm
510 2231 683 2277 absolvit,
724 2242 956 2279 nequaquam
979 2241 1043 2265 co-

383 2288 542 2336 gitasse,
577 2288 689 2333 satis,
727 2291 842 2337 put0‚
880 2286 947 2322 erit
966 2296 1044 2321 ma-

383 2343 579 2389 nifestum3
618 2344 669 2380 ita
691 2349 732 2380 ut
752 2343 906 2379 Plinium
923 2342 970 2377 H.
992 2339 1042 2377 N.

384 2399 466 2445 XII,
496 2403 521 2440 4
549 2398 585 2450 §.
615 2400 639 2438 8
667 2412 788 2436 errore
818 2399 875 2434 vix
906 2396 1044 2434 absolvi

384 2469 494 2507 posse
515 2456 672 2493 credam.
722 2454 780 2492 De
802 2454 912 2490 Dana
933 2453 1044 2498 amni,

385 2512 447 2561 qui
458 2512 630 2548 Marciani
638 2511 876 2548 Heracleotae
887 2511 930 2546 sit
940 2504 1045 2547 Ῥού-

387 2569 491 2615 bow,
522 2568 606 2605 olim
628 2567 801 2615 cogitavit
822 2568 876 2603 vir
899 2567 1044 2611 doctus,

386 2624 613 2675 improbante
654 2622 918 2672 II'es'seIingio,
983 2622 1043 2670 qui

387 2682 465 2732 ipse
494 2694 572 2718 cum
601 2679 678 2717 aliis
702 2679 883 2716 Herodoti
904 2677 1045 2714 Erida-

388 2751 493 2783 num,
524 2750 617 2786 qnae
636 2737 779 2773 Graeca
801 2736 848 2772 sit
869 2747 958 2780 VOX,
988 2747 1046 2771 re-

388 2795 500 2832 latum
534 2793 608 2830 vult
642 2794 691 2829 ad
719 2792 945 2828 Rhodanum
976 2792 1045 2826 ssu-

387 2851 497 2899 vium,
527 2849 760 2901 quivistulae
782 2849 879 2886 haud
898 2848 1007 2896 longe
1024 2859 1045 2884 a

1082 477 1239 514 Gedano
1265 478 1481 524 misceatur,
1524 476 1586 514 ubi
1614 476 1742 514 etiam-

1081 546 1168 571 num
1199 535 1333 571 succini
1355 546 1489 582 magna
1507 533 1631 583 copia,
1669 532 1743 581 qua

1082 591 1230 627 omnino
1260 590 1428 628 Prussiae
1462 602 1525 626 ora
1560 589 1742 626 maritima

1085 647 1258 684 abundet.
1317 646 1430 683 Cuius
1472 646 1571 682 ssuvii
1606 657 1743 682 nomen

1084 703 1182 740 varie
1237 703 1509 754 pronuntiatum
1557 701 1745 752 peperisse

1088 760 1212 796 statuit
1280 760 1459 796 Graecum
1520 753 1743 809 Ἠριδανόν.

1088 816 1371 865 I‘Vesselingium
1403 817 1515 853 secuti
1546 819 1630 851 sunt
1652 813 1746 851 Lar-

1088 872 1215 909 cherus
1234 873 1270 908 in
1288 876 1381 908 nott.
1400 873 1448 908 ad
1466 871 1499 908 h.
1516 871 1562 918 1.,
1591 869 1746 908 Rennel.

1090 928 1110 965 l.
1130 928 1151 965 I.
1178 942 1263 978 pag.
1286 930 1387 974 397,
1423 927 1533 965 Italus
1564 926 1746 964 Herodoti

1088 985 1281 1035 interpres,
1300 985 1369 1020 alii.
1407 985 1629 1028 Quibuscum
1649 982 1746 1020 conf.

1088 1042 1114 1078 I.
1135 1042 1183 1078 H.
1200 1041 1316 1078 Vossii
1339 1041 1524 1091 disputata
1544 1042 1601 1078 in:
1628 1039 1748 1076 Welt-

1088 1098 1212 1135 kunde
1245 1098 1281 1133 d.
1314 1097 1436 1134 Alten.
1471 1096 1747 1148 (Ephemeridd.

1088 1155 1249 1191 lenenss.
1267 1154 1393 1201 1804)
1414 1166 1500 1204 pag.
1520 1152 1644 1190 XXXI
1665 1164 1747 1201 sqq.

1089 1209 1132 1247 A.
1152 1211 1195 1247 Β.
1219 1209 1411 1247 wilhelm:
1450 1210 1649 1247 Germania
1680 1215 1747 1246 etc.

1089 1279 1175 1317 pag.
1188 1270 1254 1308 81.
1286 1266 1434 1314 Dilthey
1451 1267 1488 1303 in
1506 1271 1596 1303 nott.
1615 1265 1662 1302 ad
1673 1265 1751 1302 Ta-

1089 1324 1151 1361 citi
1181 1324 1354 1360 German.
1383 1322 1436 1364 45
1466 1336 1552 1374 pag.
1571 1323 1650 1363 291
1673 1333 1752 1371 seq.

1091 1385 1126 1418 et
1137 1381 1172 1416 in
1189 1380 1384 1429 scriptione
1396 1379 1569 1430 peculiari
1587 1379 1633 1416 (le
1645 1378 1753 1416 Elec-

1092 1441 1150 1474 tro
1179 1440 1215 1473 et
1235 1436 1424 1482 Eridane,
1481 1449 1576 1486 quae
1615 1434 1753 1486 prodiit

1091 1492 1302 1530 Darmstad.
1319 1494 1435 1533 1824.
1457 1492 1753 1530 Heeren.1deen.

1093 1550 1122 1595 I,
1143 1554 1167 1590 2
1189 1562 1274 1600 pag.
1291 1551 1434 1589 70.71.
1458 1549 1503 1595 II,
1527 1552 1546 1590 1
1565 1561 1649 1599 pag.
1665 1549 1754 1588 178.

1093 1605 1254 1654 Dilthey.
1286 1604 1308 1641 l.
1331 1604 1354 1641 I.
1381 1618 1467 1655 pag.
1491 1608 1539 1645 17
1571 1604 1754 1642 Herodoti

1094 1662 1211 1699 Iocum
1235 1662 1282 1698 ad
1311 1666 1426 1698 totam
1452 1674 1528 1699 rem
1548 1662 1754 1698 diiudican-

1096 1719 1180 1755 dam
1212 1718 1287 1755 iure
1324 1722 1451 1755 censet
1489 1718 1753 1767 gravissimum,

1095 1776 1232 1825 quippe
1262 1787 1306 1812 ex
1335 1787 1407 1823 quo
1434 1778 1579 1824 pateat,
1624 1774 1757 1810 Erida-

1095 1844 1182 1868 num
1205 1844 1249 1868 ex
1269 1831 1511 1880 antiquiorum
1532 1832 1756 1868 Graecorum

1097 1889 1282 1926 sententia
1322 1888 1359 1924 in
1392 1888 1561 1925 extremis
1587 1887 1758 1937 Europae

1095 1945 1227 1982 finibus
1255 1944 1304 1980 ad
1324 1945 1609 1994 septentrionem
1632 1955 1757 1982 versus

1095 2003 1218 2047 fuisse,
1247 2001 1345 2038 unde
1367 2000 1540 2038 electrum
1558 2000 1757 2038 advehere-

1095 2063 1166 2095 tur.
1199 2057 1271 2101 Qui
1292 2057 1420 2094 ssnvius
1436 2070 1563 2107 parum
1588 2057 1757 2106 cognitus

1097 2128 1175 2152 cnm
1205 2127 1226 2150 a
1255 2114 1452 2150 serioribus
1479 2113 1668 2164 perperam
1690 2125 1756 2163 pro

1097 2171 1201 2208 Pado
1226 2170 1441 2217 haberetur,
1481 2169 1677 2218 multisque
1702 2169 1757 2205 fa-

1098 2227 1190 2264 bulis
1207 2226 1296 2264 haec
1315 2239 1373 2264 res
1397 2230 1651 2272 exornaretur,
1670 2238 1758 2275 pro-

1098 2283 1250 2321 babilius
1279 2283 1423 2320 videtur
1451 2282 1645 2331 Diltheyo,
1700 2281 1758 2317 Vi-

1099 2340 1230 2376 stulam
1253 2338 1403 2375 Eridani
1423 2339 1570 2375 nomine
1599 2337 1759 2376 celebra-

1100 2401 1176 2433 tam
1208 2408 1288 2433 esse
1319 2396 1422 2444 (pag.
1448 2395 1542 2441 22),
1582 2395 1629 2431 ad
1659 2395 1758 2432 cuius

1102 2453 1193 2489 ostia
1222 2463 1351 2501 nempe
1379 2463 1465 2487 vera
1493 2450 1615 2488 electri
1642 2451 1758 2501 patria

1101 2508 1325 2553 inveniatur,
1366 2519 1485 2555 quae,
1526 2507 1642 2544 missis
1671 2507 1760 2544 alio-

1100 2578 1180 2602 rum
1199 2563 1340 2609 sabulis,
1357 2563 1392 2599 in
1411 2563 1500 2599 mari
1512 2563 1652 2601 Baltico
1664 2564 1761 2602 eius-

1101 2634 1174 2670 que
1194 2620 1265 2656 oris
1289 2620 1336 2655 sit
1363 2620 1585 2667 quaerenda.
1644 2619 1761 2669 Equi-

1101 2678 1238 2714 demut
1259 2675 1460 2712 Eridanum
1483 2677 1631 2714 fluvium
1655 2676 1761 2714 fabu-

1101 2733 1142 2769 lis
1164 2736 1354 2782 poetarum
1382 2731 1541 2770 sollertia
1564 2731 1759 2783 postmodo

1102 2788 1297 2839 praecipue
1327 2786 1516 2825 celebratis
1549 2789 1761 2826 adscriben-

1104 2846 1191 2882 dum
1214 2856 1292 2882 esse
1316 2857 1532 2895 persuasum
1554 2845 1684 2891 habe0‚
1711 2844 1762 2880 ita
