<?xml version="1.0" encoding="UTF-8"?>
<!DOCTYPE html PUBLIC "-//W3C//DTD XHTML 1.0 Transitional//EN"
    "http://www.w3.org/TR/xhtml1/DTD/xhtml1-transitional.dtd">
<html xmlns="http://www.w3.org/1999/xhtml" xml:lang="en" lang="en">
 <head>
  <title>
</title>
<meta http-equiv="Content-Type" content="text/html;charset=utf-8" />
  <meta name='ocr-system' content='tesseract 3.04.00' />
  <meta name='ocr-capabilities' content='ocr_page ocr_carea ocr_par ocr_line ocrx_word'/>
</head>
<body>
  <div class='ocr_page' id='page_1' title='image "./musaeherodoto02hero/musaeherodoto02hero_0017.png"; bbox 0 0 1904 3304; ppageno 0'>
   <div class='ocr_carea' id='block_1_1' title="bbox 591 234 1454 275">
    <p class='ocr_par' dir='ltr' id='par_1_1' title="bbox 591 234 1454 275">
     <span class='ocr_line' id='line_1_1' title="bbox 591 234 1454 275; baseline -0.001 0"><span class='ocrx_word' id='word_1_1' title='bbox 591 234 938 275; x_wconf 88' lang='lat' dir='ltr'>THALIA.</span> <span class='ocrx_word' id='word_1_2' title='bbox 997 234 1060 273; x_wconf 88' lang='lat'>111.</span> <span class='ocrx_word' id='word_1_3' title='bbox 1425 237 1454 274; x_wconf 83' lang='lat'><strong>9</strong></span> 
     </span>
    </p>
   </div>
   <div class='ocr_carea' id='block_1_2' title="bbox 1512 343 1791 411">
    <p class='ocr_par' dir='ltr' id='par_1_2' title="bbox 1512 343 1790 411">
     <span class='ocr_line' id='line_1_2' title="bbox 1514 343 1790 383; baseline 0 -14"><span class='ocrx_word' id='word_1_4' title='bbox 1514 344 1702 377; x_wconf 79' lang='lat' dir='ltr'>Aegyptum,</span> <span class='ocrx_word' id='word_1_5' title='bbox 1729 343 1790 383; x_wconf 69' lang='lat' dir='ltr'>qo]-</span> 
     </span>
     <span class='ocr_line' id='line_1_3' title="bbox 1512 376 1791 411; baseline 0.008 -9"><span class='ocrx_word' id='word_1_6' title='bbox 1512 376 1557 403; x_wconf 80' lang='lat' dir='ltr'>lec</span> <span class='ocrx_word' id='word_1_7' title='bbox 1561 383 1591 403; x_wconf 80' lang='lat' dir='ltr'>[a</span> <span class='ocrx_word' id='word_1_8' title='bbox 1601 380 1632 403; x_wconf 86' lang='lat' dir='ltr'>et</span> <span class='ocrx_word' id='word_1_9' title='bbox 1645 385 1725 411; x_wconf 79' lang='lat' dir='ltr'>aqua</span> <span class='ocrx_word' id='word_1_10' title='bbox 1737 376 1791 404; x_wconf 85' lang='lat' dir='ltr'>im-</span> 
     </span>
    </p>
   </div>
   <div class='ocr_carea' id='block_1_3' title="bbox 1514 410 1791 473">
    <p class='ocr_par' dir='ltr' id='par_1_3' title="bbox 1514 410 1791 471">
     <span class='ocr_line' id='line_1_4' title="bbox 1514 410 1791 445; baseline 0.011 -9"><span class='ocrx_word' id='word_1_11' title='bbox 1514 410 1596 445; x_wconf 81' lang='lat' dir='ltr'>pleta</span> <span class='ocrx_word' id='word_1_12' title='bbox 1623 419 1681 445; x_wconf 86' lang='lat' dir='ltr'>quo</span> <span class='ocrx_word' id='word_1_13' title='bbox 1708 411 1791 439; x_wconf 82' lang='lat' dir='ltr'>dese-</span> 
     </span>
     <span class='ocr_line' id='line_1_5' title="bbox 1514 447 1631 473; baseline 0 -2"><span class='ocrx_word' id='word_1_14' title='bbox 1514 447 1631 473; x_wconf 86' lang='lat' dir='ltr'>rantur.</span> 
     </span>
    </p>
   </div>
   <div class='ocr_carea' id='block_1_4' title="bbox 155 343 1481 750">
    <p class='ocr_par' dir='ltr' id='par_1_4' title="bbox 155 343 1481 750">
     <span class='ocr_line' id='line_1_6' title="bbox 185 343 1453 408; baseline -0.003 -17"><span class='ocrx_word' id='word_1_15' title='bbox 185 348 411 404; x_wconf 81' lang='grc' dir='ltr'><em>Αἴγυπτον</em></span> <span class='ocrx_word' id='word_1_16' title='bbox 441 344 797 402; x_wconf 78' lang='grc' dir='ltr'><em>ναυτιλλομένων</em></span> <span class='ocrx_word' id='word_1_17' title='bbox 829 344 1118 408; x_wconf 41' lang='grc' dir='ltr'><em>ἐνν-ξνρῴκασι,</em></span> <span class='ocrx_word' id='word_1_18' title='bbox 1164 346 1294 388; x_wconf 86' lang='grc' dir='ltr'><em>τοῦτο</em></span> <span class='ocrx_word' id='word_1_19' title='bbox 1326 343 1453 400; x_wconf 73' lang='grc' dir='ltr'><em>ἔρχο-</em></span> 
     </span>
     <span class='ocr_line' id='line_1_7' title="bbox 184 414 1455 475; baseline -0.003 -13"><span class='ocrx_word' id='word_1_20' title='bbox 184 436 262 475; x_wconf 85' lang='grc' dir='ltr'>μαι</span> <span class='ocrx_word' id='word_1_21' title='bbox 292 416 489 474; x_wconf 77' lang='grc' dir='ltr'><em>φράσων.</em></span> <span class='ocrx_word' id='word_1_22' title='bbox 549 418 591 467; x_wconf 78' lang='grc' dir='ltr'>ἐς</span> <span class='ocrx_word' id='word_1_23' title='bbox 621 419 846 473; x_wconf 81' lang='grc' dir='ltr'><em>Αἴγυπτον</em></span> <span class='ocrx_word' id='word_1_24' title='bbox 882 417 928 461; x_wconf 80' lang='grc' dir='ltr'>ἐκ</span> <span class='ocrx_word' id='word_1_25' title='bbox 957 420 1032 473; x_wconf 83' lang='grc' dir='ltr'><em>τῆς</em></span> <span class='ocrx_word' id='word_1_26' title='bbox 1066 414 1273 467; x_wconf 78' lang='grc' dir='ltr'><em>Ἑλλάδος</em></span> <span class='ocrx_word' id='word_1_27' title='bbox 1301 414 1455 471; x_wconf 77' lang='grc' dir='ltr'><em>πάσης,</em></span> 
     </span>
     <span class='ocr_line' id='line_1_8' title="bbox 184 485 1457 544; baseline -0.004 -10"><span class='ocrx_word' id='word_1_28' title='bbox 184 491 259 534; x_wconf 81' lang='grc' dir='ltr'><em>καὶ</em></span> <span class='ocrx_word' id='word_1_29' title='bbox 295 488 428 544; x_wconf 84' lang='grc' dir='ltr'><em>πρὸς,</em></span> <span class='ocrx_word' id='word_1_30' title='bbox 468 488 515 532; x_wconf 77' lang='grc' dir='ltr'>ἐκ</span> <span class='ocrx_word' id='word_1_31' title='bbox 550 490 780 544; x_wconf 84' lang='grc' dir='ltr'><em>Φοινίκης,</em></span> <span class='ocrx_word' id='word_1_32' title='bbox 821 487 1008 544; x_wconf 79' lang='grc' dir='ltr'><em>κέραμος</em></span> <span class='ocrx_word' id='word_1_33' title='bbox 1049 485 1248 543; x_wconf 77' lang='grc' dir='ltr'>ἐσάγεται</span> <span class='ocrx_word' id='word_1_34' title='bbox 1287 485 1457 542; x_wconf 83' lang='grc' dir='ltr'><em>πλήρης</em></span> 
     </span>
     <span class='ocr_line' id='line_1_9' title="bbox 188 557 1457 614; baseline -0.005 -9"><span class='ocrx_word' id='word_1_35' title='bbox 188 564 316 606; x_wconf 92' lang='grc' dir='ltr'><em>οἴνου</em></span> <span class='ocrx_word' id='word_1_36' title='bbox 348 561 414 611; x_wconf 81' lang='grc' dir='ltr'>δὶς</span> <span class='ocrx_word' id='word_1_37' title='bbox 444 565 524 604; x_wconf 86' lang='grc' dir='ltr'><em>τοῦ</em></span> <span class='ocrx_word' id='word_1_38' title='bbox 555 561 670 612; x_wconf 78' lang='grc' dir='ltr'><em>ἔτεος</em></span> <span class='ocrx_word' id='word_1_39' title='bbox 700 559 906 604; x_wconf 77' lang='grc' dir='ltr'><em>ἑκάστου·</em></span> <span class='ocrx_word' id='word_1_40' title='bbox 954 559 1028 603; x_wconf 84' lang='grc' dir='ltr'><em>καὶ</em></span> <span class='ocrx_word' id='word_1_41' title='bbox 1063 561 1113 603; x_wconf 73' lang='grc' dir='ltr'>ἓν</span> <span class='ocrx_word' id='word_1_42' title='bbox 1152 557 1363 614; x_wconf 84' lang='grc' dir='ltr'><em>κεράμιον</em></span> <span class='ocrx_word' id='word_1_43' title='bbox 1395 558 1457 600; x_wconf 83' lang='grc' dir='ltr'>οἰ-</span> 
     </span>
     <span class='ocr_line' id='line_1_10' title="bbox 182 629 1481 690; baseline -0.006 -13"><span class='ocrx_word' id='word_1_44' title='bbox 182 632 320 690; x_wconf 88' lang='grc' dir='ltr'><em>νηρὸν</em></span> <span class='ocrx_word' id='word_1_45' title='bbox 350 631 528 689; x_wconf 78' lang='grc' dir='ltr'><em>ἀριθμῷ</em></span> <span class='ocrx_word' id='word_1_46' title='bbox 557 634 758 688; x_wconf 81' lang='grc' dir='ltr'><em>κείμενον</em></span> <span class='ocrx_word' id='word_1_47' title='bbox 788 629 870 674; x_wconf 82' lang='grc' dir='ltr'>οὐκ</span> <span class='ocrx_word' id='word_1_48' title='bbox 902 631 989 675; x_wconf 79' lang='grc' dir='ltr'><em>ἔστι</em></span> <span class='ocrx_word' id='word_1_49' title='bbox 1030 629 1111 687; x_wconf 76' lang='grc' dir='ltr'>(ὥς</span> <span class='ocrx_word' id='word_1_50' title='bbox 1150 629 1266 689; x_wconf 83' lang='grc' dir='ltr'><em>λόγῳ</em></span> <span class='ocrx_word' id='word_1_51' title='bbox 1300 630 1481 680; x_wconf 84' lang='grc' dir='ltr'><em>εἰπεῖν)1</em></span> 
     </span>
     <span class='ocr_line' id='line_1_11' title="bbox 155 707 370 750; baseline 0.014 -4"><span class='ocrx_word' id='word_1_52' title='bbox 155 707 370 750; x_wconf 69' lang='grc' dir='ltr'><em>Ξίδέσθαι.</em></span> 
     </span>
    </p>
   </div>
   <div class='ocr_carea' id='block_1_5' title="bbox 130 795 350 801">
    <p class='ocr_par' dir='ltr' id='par_1_5' title="bbox 130 795 350 801">
     <span class='ocr_line' id='line_1_12' title="bbox 130 795 350 801; baseline 0 0"><span class='ocrx_word' id='word_1_53' title='bbox 130 795 350 801; x_wconf 95' lang='lat' dir='ltr'> </span> 
     </span>
    </p>
   </div>
   <div class='ocr_carea' id='block_1_6' title="bbox 127 832 789 1067">
    <p class='ocr_par' dir='ltr' id='par_1_6' title="bbox 183 832 788 953">
     <span class='ocr_line' id='line_1_13' title="bbox 358 832 557 884; baseline -0.015 -13"><span class='ocrx_word' id='word_1_54' title='bbox 358 834 464 884; x_wconf 85' lang='lat' dir='ltr'><strong>Cap.</strong></span> <span class='ocrx_word' id='word_1_55' title='bbox 495 832 557 869; x_wconf 83' lang='lat' dir='ltr'>Vl.</span> 
     </span>
     <span class='ocr_line' id='line_1_14' title="bbox 183 897 788 953; baseline -0.012 -11"><span class='ocrx_word' id='word_1_56' title='bbox 183 897 441 953; x_wconf 80' lang='grc' dir='ltr'><em>ἐννενώκασι]</em></span> <span class='ocrx_word' id='word_1_57' title='bbox 456 900 515 939; x_wconf 85' lang='lat' dir='ltr'>Ad</span> <span class='ocrx_word' id='word_1_58' title='bbox 529 902 679 937; x_wconf 85' lang='lat' dir='ltr'>formam</span> <span class='ocrx_word' id='word_1_59' title='bbox 694 900 788 936; x_wconf 88' lang='lat' dir='ltr'>conf.</span> 
     </span>
    </p>

    <p class='ocr_par' dir='ltr' id='par_1_7' title="bbox 128 956 788 1010">
     <span class='ocr_line' id='line_1_15' title="bbox 128 956 788 1010; baseline -0.008 -13"><span class='ocrx_word' id='word_1_60' title='bbox 128 973 223 1010; x_wconf 89' lang='lat' dir='ltr'>quae</span> <span class='ocrx_word' id='word_1_61' title='bbox 242 960 395 996; x_wconf 80' lang='lat' dir='ltr'>diximus</span> <span class='ocrx_word' id='word_1_62' title='bbox 424 959 471 995; x_wconf 87' lang='lat' dir='ltr'>ad</span> <span class='ocrx_word' id='word_1_63' title='bbox 496 958 524 1004; x_wconf 92' lang='grc' dir='ltr'>Ι,</span> <span class='ocrx_word' id='word_1_64' title='bbox 550 960 600 997; x_wconf 90' lang='grc'>10</span> <span class='ocrx_word' id='word_1_65' title='bbox 620 961 658 994; x_wconf 86' lang='lat' dir='ltr'>et</span> <span class='ocrx_word' id='word_1_66' title='bbox 678 956 706 1004; x_wconf 94' lang='grc' dir='ltr'>Ι,</span> <span class='ocrx_word' id='word_1_67' title='bbox 734 958 788 997; x_wconf 85' lang='grc'>68</span> 
     </span>
    </p>

    <p class='ocr_par' dir='ltr' id='par_1_8' title="bbox 127 1013 789 1067">
     <span class='ocr_line' id='line_1_16' title="bbox 127 1013 789 1067; baseline -0.008 -14"><span class='ocrx_word' id='word_1_68' title='bbox 127 1017 208 1067; x_wconf 86' lang='lat' dir='ltr'>(ubi</span> <span class='ocrx_word' id='word_1_69' title='bbox 244 1030 280 1066; x_wconf 92' lang='lat' dir='ltr'>p.</span> <span class='ocrx_word' id='word_1_70' title='bbox 310 1017 390 1056; x_wconf 86' lang='lat'>176</span> <span class='ocrx_word' id='word_1_71' title='bbox 419 1027 452 1052; x_wconf 90' lang='lat' dir='ltr'>a.</span> <span class='ocrx_word' id='word_1_72' title='bbox 481 1015 541 1051; x_wconf 89' lang='lat' dir='ltr'>lin.</span> <span class='ocrx_word' id='word_1_73' title='bbox 575 1015 625 1052; x_wconf 80' lang='lat'>12</span> <span class='ocrx_word' id='word_1_74' title='bbox 662 1027 730 1064; x_wconf 88' lang='lat' dir='ltr'>pro</span> <span class='ocrx_word' id='word_1_75' title='bbox 762 1013 789 1060; x_wconf 90' lang='lat' dir='ltr'>l,</span> 
     </span>
    </p>
   </div>
   <div class='ocr_carea' id='block_1_7' title="bbox 126 1071 788 1180">
    <p class='ocr_par' dir='ltr' id='par_1_9' title="bbox 126 1071 788 1180">
     <span class='ocr_line' id='line_1_17' title="bbox 128 1071 787 1119; baseline -0.005 -10"><span class='ocrx_word' id='word_1_76' title='bbox 128 1075 188 1114; x_wconf 82' lang='lat'>68</span> <span class='ocrx_word' id='word_1_77' title='bbox 215 1072 321 1109; x_wconf 83' lang='lat' dir='ltr'>scribi</span> <span class='ocrx_word' id='word_1_78' title='bbox 349 1072 460 1110; x_wconf 85' lang='lat' dir='ltr'>debet</span> <span class='ocrx_word' id='word_1_79' title='bbox 479 1072 505 1118; x_wconf 91' lang='grc' dir='ltr'>Ι,</span> <span class='ocrx_word' id='word_1_80' title='bbox 529 1072 631 1119; x_wconf 85' lang='lat'><strong>77)·‚</strong></span> <span class='ocrx_word' id='word_1_81' title='bbox 661 1071 709 1107; x_wconf 90' lang='lat' dir='ltr'>ad</span> <span class='ocrx_word' id='word_1_82' title='bbox 729 1083 787 1107; x_wconf 86' lang='lat' dir='ltr'>ar-</span> 
     </span>
     <span class='ocr_line' id='line_1_18' title="bbox 126 1126 788 1180; baseline -0.006 -14"><span class='ocrx_word' id='word_1_83' title='bbox 126 1133 336 1180; x_wconf 79' lang='lat' dir='ltr'>gumentum</span> <span class='ocrx_word' id='word_1_84' title='bbox 357 1129 450 1167; x_wconf 89' lang='lat' dir='ltr'>conf.</span> <span class='ocrx_word' id='word_1_85' title='bbox 476 1133 567 1165; x_wconf 86' lang='lat' dir='ltr'>nott.</span> <span class='ocrx_word' id='word_1_86' title='bbox 593 1128 640 1164; x_wconf 88' lang='lat' dir='ltr'>ad</span> <span class='ocrx_word' id='word_1_87' title='bbox 665 1127 728 1175; x_wconf 91' lang='grc' dir='ltr'>ΙΙΙ,</span> <span class='ocrx_word' id='word_1_88' title='bbox 751 1126 788 1167; x_wconf 87' lang='grc'>5.</span> 
     </span>
    </p>
   </div>
   <div class='ocr_carea' id='block_1_8' title="bbox 126 1201 792 1416">
    <p class='ocr_par' dir='ltr' id='par_1_10' title="bbox 126 1201 792 1416">
     <span class='ocr_line' id='line_1_19' title="bbox 183 1201 788 1261; baseline -0.005 -14"><span class='ocrx_word' id='word_1_89' title='bbox 183 1207 356 1259; x_wconf 83' lang='grc' dir='ltr'><em>κέραμος</em></span> <span class='ocrx_word' id='word_1_90' title='bbox 407 1203 587 1261; x_wconf 77' lang='grc' dir='ltr'><em>ἐσάγεται</em></span> <span class='ocrx_word' id='word_1_91' title='bbox 634 1201 788 1258; x_wconf 81' lang='grc' dir='ltr'><em>πλήρης</em></span> 
     </span>
     <span class='ocr_line' id='line_1_20' title="bbox 128 1263 791 1317; baseline -0.009 -12"><span class='ocrx_word' id='word_1_92' title='bbox 128 1265 257 1316; x_wconf 86' lang='grc' dir='ltr'><em>οἴνου]</em></span> <span class='ocrx_word' id='word_1_93' title='bbox 282 1263 452 1317; x_wconf 80' lang='grc' dir='ltr'><em>κέραμος</em></span> <span class='ocrx_word' id='word_1_94' title='bbox 468 1264 653 1302; x_wconf 86' lang='lat' dir='ltr'>collective</span> <span class='ocrx_word' id='word_1_95' title='bbox 670 1264 727 1300; x_wconf 85' lang='lat' dir='ltr'>hic</span> <span class='ocrx_word' id='word_1_96' title='bbox 743 1264 791 1300; x_wconf 88' lang='lat' dir='ltr'>de</span> 
     </span>
     <span class='ocr_line' id='line_1_21' title="bbox 126 1321 790 1373; baseline -0.006 -13"><span class='ocrx_word' id='word_1_97' title='bbox 126 1324 225 1360; x_wconf 82' lang='lat' dir='ltr'>vasis</span> <span class='ocrx_word' id='word_1_98' title='bbox 235 1322 393 1373; x_wconf 73' lang='lat' dir='ltr'>figlinz&#39;S,</span> <span class='ocrx_word' id='word_1_99' title='bbox 423 1323 471 1359; x_wconf 91' lang='lat' dir='ltr'>de</span> <span class='ocrx_word' id='word_1_100' title='bbox 490 1321 655 1358; x_wconf 78' lang='lat' dir='ltr'>cadorum</span> <span class='ocrx_word' id='word_1_101' title='bbox 670 1333 698 1356; x_wconf 91' lang='lat' dir='ltr'>s.</span> <span class='ocrx_word' id='word_1_102' title='bbox 722 1321 790 1356; x_wconf 91' lang='lat' dir='ltr'>do-</span> 
     </span>
     <span class='ocr_line' id='line_1_22' title="bbox 128 1376 792 1416; baseline -0.006 0"><span class='ocrx_word' id='word_1_103' title='bbox 128 1380 256 1416; x_wconf 90' lang='lat' dir='ltr'>liorum</span> <span class='ocrx_word' id='word_1_104' title='bbox 276 1392 414 1415; x_wconf 80' lang='lat' dir='ltr'>numero</span> <span class='ocrx_word' id='word_1_105' title='bbox 436 1391 463 1415; x_wconf 94' lang='lat' dir='ltr'>s.</span> <span class='ocrx_word' id='word_1_106' title='bbox 487 1376 713 1414; x_wconf 73' lang='lat' dir='ltr'>multitudine</span> <span class='ocrx_word' id='word_1_107' title='bbox 734 1376 792 1412; x_wconf 89' lang='lat' dir='ltr'>in-</span> 
     </span>
    </p>
   </div>
   <div class='ocr_carea' id='block_1_9' title="bbox 128 1433 794 1485">
    <p class='ocr_par' dir='ltr' id='par_1_11' title="bbox 128 1433 794 1485">
     <span class='ocr_line' id='line_1_23' title="bbox 128 1433 794 1485; baseline -0.011 -11"><span class='ocrx_word' id='word_1_108' title='bbox 128 1436 379 1485; x_wconf 84' lang='lat' dir='ltr'>telligendum.</span> <span class='ocrx_word' id='word_1_109' title='bbox 417 1435 500 1472; x_wconf 90' lang='lat' dir='ltr'>Hoc</span> <span class='ocrx_word' id='word_1_110' title='bbox 525 1447 610 1471; x_wconf 88' lang='lat' dir='ltr'>vero</span> <span class='ocrx_word' id='word_1_111' title='bbox 634 1447 678 1471; x_wconf 85' lang='lat' dir='ltr'>ex</span> <span class='ocrx_word' id='word_1_112' title='bbox 698 1433 794 1478; x_wconf 85' lang='lat' dir='ltr'>loco,</span> 
     </span>
    </p>
   </div>
   <div class='ocr_carea' id='block_1_10' title="bbox 126 1490 794 1882">
    <p class='ocr_par' dir='ltr' id='par_1_12' title="bbox 126 1490 794 1882">
     <span class='ocr_line' id='line_1_24' title="bbox 128 1490 793 1543; baseline -0.006 -14"><span class='ocrx_word' id='word_1_113' title='bbox 128 1493 265 1543; x_wconf 88' lang='lat' dir='ltr'>optime</span> <span class='ocrx_word' id='word_1_114' title='bbox 286 1496 459 1529; x_wconf 82' lang='lat' dir='ltr'>monente</span> <span class='ocrx_word' id='word_1_115' title='bbox 484 1491 642 1528; x_wconf 90' lang='lat' dir='ltr'>Heeren.</span> <span class='ocrx_word' id='word_1_116' title='bbox 669 1490 793 1527; x_wconf 89' lang='lat' dir='ltr'>Ideen.</span> 
     </span>
     <span class='ocr_line' id='line_1_25' title="bbox 126 1547 790 1599; baseline -0.008 -13"><span class='ocrx_word' id='word_1_117' title='bbox 126 1549 156 1595; x_wconf 94' lang='lat' dir='ltr'>l,</span> <span class='ocrx_word' id='word_1_118' title='bbox 178 1551 204 1588; x_wconf 82' lang='lat'><strong>2</strong></span> <span class='ocrx_word' id='word_1_119' title='bbox 222 1562 257 1599; x_wconf 89' lang='lat' dir='ltr'>p.</span> <span class='ocrx_word' id='word_1_120' title='bbox 286 1550 361 1587; x_wconf 77' lang='lat'>121</span> <span class='ocrx_word' id='word_1_121' title='bbox 387 1553 425 1585; x_wconf 91' lang='lat' dir='ltr'>et</span> <span class='ocrx_word' id='word_1_122' title='bbox 447 1547 492 1594; x_wconf 87' lang='grc' dir='ltr'>ΙΙ,</span> <span class='ocrx_word' id='word_1_123' title='bbox 511 1551 536 1587; x_wconf 81' lang='lat'>2</span> <span class='ocrx_word' id='word_1_124' title='bbox 557 1561 593 1597; x_wconf 88' lang='lat' dir='ltr'>p.</span> <span class='ocrx_word' id='word_1_125' title='bbox 615 1548 709 1592; x_wconf 76' lang='lat'><strong>382,</strong></span> <span class='ocrx_word' id='word_1_126' title='bbox 734 1547 790 1582; x_wconf 89' lang='lat' dir='ltr'>in-</span> 
     </span>
     <span class='ocr_line' id='line_1_26' title="bbox 126 1604 793 1654; baseline -0.004 -11"><span class='ocrx_word' id='word_1_127' title='bbox 126 1605 325 1654; x_wconf 85' lang='lat' dir='ltr'>telligitur,</span> <span class='ocrx_word' id='word_1_128' title='bbox 356 1618 535 1654; x_wconf 79' lang='lat' dir='ltr'>quaenam</span> <span class='ocrx_word' id='word_1_129' title='bbox 552 1617 609 1641; x_wconf 91' lang='lat' dir='ltr'>res</span> <span class='ocrx_word' id='word_1_130' title='bbox 629 1616 650 1640; x_wconf 88' lang='lat' dir='ltr'>a</span> <span class='ocrx_word' id='word_1_131' title='bbox 670 1604 793 1640; x_wconf 79' lang='lat' dir='ltr'>Phoe-</span> 
     </span>
     <span class='ocr_line' id='line_1_27' title="bbox 126 1660 791 1712; baseline -0.006 -13"><span class='ocrx_word' id='word_1_132' title='bbox 126 1663 267 1700; x_wconf 88' lang='lat' dir='ltr'>nicibus</span> <span class='ocrx_word' id='word_1_133' title='bbox 290 1662 327 1698; x_wconf 89' lang='lat' dir='ltr'>in</span> <span class='ocrx_word' id='word_1_134' title='bbox 345 1661 554 1712; x_wconf 82' lang='lat' dir='ltr'>Aegyptum</span> <span class='ocrx_word' id='word_1_135' title='bbox 566 1689 577 1707; x_wconf 92' lang='lat'>‚</span> <span class='ocrx_word' id='word_1_136' title='bbox 606 1665 692 1697; x_wconf 90' lang='lat' dir='ltr'>tnnc</span> <span class='ocrx_word' id='word_1_137' title='bbox 708 1660 791 1696; x_wconf 91' lang='lat' dir='ltr'>viti-</span> 
     </span>
     <span class='ocr_line' id='line_1_28' title="bbox 128 1717 791 1764; baseline -0.003 -8"><span class='ocrx_word' id='word_1_138' title='bbox 128 1721 197 1757; x_wconf 89' lang='lat' dir='ltr'>bus</span> <span class='ocrx_word' id='word_1_139' title='bbox 224 1723 430 1764; x_wconf 84' lang='lat' dir='ltr'>carentem,</span> <span class='ocrx_word' id='word_1_140' title='bbox 461 1718 691 1755; x_wconf 84' lang='lat' dir='ltr'>introductae</span> <span class='ocrx_word' id='word_1_141' title='bbox 712 1717 791 1754; x_wconf 90' lang='lat' dir='ltr'>fue-</span> 
     </span>
     <span class='ocr_line' id='line_1_29' title="bbox 128 1775 791 1825; baseline -0.006 -12"><span class='ocrx_word' id='word_1_142' title='bbox 128 1777 221 1822; x_wconf 87' lang='lat' dir='ltr'>rint,</span> <span class='ocrx_word' id='word_1_143' title='bbox 253 1780 505 1825; x_wconf 81' lang='lat' dir='ltr'>quantumque</span> <span class='ocrx_word' id='word_1_144' title='bbox 522 1775 596 1811; x_wconf 68' lang='lat' dir='ltr'>vini</span> <span class='ocrx_word' id='word_1_145' title='bbox 615 1785 791 1811; x_wconf 90' lang='lat' dir='ltr'>commer-</span> 
     </span>
     <span class='ocr_line' id='line_1_30' title="bbox 129 1831 794 1882; baseline -0.006 -12"><span class='ocrx_word' id='word_1_146' title='bbox 129 1833 221 1870; x_wconf 87' lang='lat' dir='ltr'>cium</span> <span class='ocrx_word' id='word_1_147' title='bbox 236 1832 397 1869; x_wconf 81' lang='lat' dir='ltr'>floruerit</span> <span class='ocrx_word' id='word_1_148' title='bbox 408 1832 516 1869; x_wconf 88' lang='lat' dir='ltr'>hasce</span> <span class='ocrx_word' id='word_1_149' title='bbox 532 1844 599 1882; x_wconf 88' lang='lat' dir='ltr'>per</span> <span class='ocrx_word' id='word_1_150' title='bbox 612 1831 794 1880; x_wconf 80' lang='lat' dir='ltr'>regiones.</span> 
     </span>
    </p>
   </div>
   <div class='ocr_carea' id='block_1_11' title="bbox 127 1906 796 2921">
    <p class='ocr_par' dir='ltr' id='par_1_13' title="bbox 127 1906 795 2921">
     <span class='ocr_line' id='line_1_31' title="bbox 186 1906 794 1961; baseline -0.007 -10"><span class='ocrx_word' id='word_1_151' title='bbox 186 1910 255 1951; x_wconf 84' lang='grc' dir='ltr'><em>καὶ</em></span> <span class='ocrx_word' id='word_1_152' title='bbox 297 1911 344 1950; x_wconf 65' lang='grc' dir='ltr'><em>ἓν</em></span> <span class='ocrx_word' id='word_1_153' title='bbox 391 1906 582 1961; x_wconf 80' lang='grc' dir='ltr'><em>κεράμιον</em></span> <span class='ocrx_word' id='word_1_154' title='bbox 633 1906 794 1960; x_wconf 84' lang='grc' dir='ltr'><em>οἰνηρὸν</em></span> 
     </span>
     <span class='ocr_line' id='line_1_32' title="bbox 131 1963 791 2020; baseline -0.006 -13"><span class='ocrx_word' id='word_1_155' title='bbox 131 1963 296 2020; x_wconf 67' lang='grc' dir='ltr'><em>ἀριθμῷ</em></span> <span class='ocrx_word' id='word_1_156' title='bbox 319 1983 353 2006; x_wconf 87' lang='grc' dir='ltr'>κ.</span> <span class='ocrx_word' id='word_1_157' title='bbox 380 1982 412 2006; x_wconf 87' lang='grc' dir='ltr'><em>τ.</em></span> <span class='ocrx_word' id='word_1_158' title='bbox 443 1967 494 2018; x_wconf 82' lang='grc' dir='ltr'>λ.]</span> <span class='ocrx_word' id='word_1_159' title='bbox 534 1968 556 2004; x_wconf 89' lang='lat' dir='ltr'>i.</span> <span class='ocrx_word' id='word_1_160' title='bbox 588 1980 619 2005; x_wconf 95' lang='lat' dir='ltr'>e.</span> <span class='ocrx_word' id='word_1_161' title='bbox 651 1968 791 2011; x_wconf 86' lang='lat' dir='ltr'>Quam-</span> 
     </span>
     <span class='ocr_line' id='line_1_33' title="bbox 131 2023 794 2074; baseline -0.005 -12"><span class='ocrx_word' id='word_1_162' title='bbox 131 2038 240 2074; x_wconf 85' lang='lat' dir='ltr'>quam</span> <span class='ocrx_word' id='word_1_163' title='bbox 276 2029 336 2061; x_wconf 87' lang='lat' dir='ltr'>tot</span> <span class='ocrx_word' id='word_1_164' title='bbox 373 2024 471 2061; x_wconf 89' lang='lat' dir='ltr'>dolia</span> <span class='ocrx_word' id='word_1_165' title='bbox 519 2025 604 2060; x_wconf 88' lang='lat' dir='ltr'>vino</span> <span class='ocrx_word' id='word_1_166' title='bbox 652 2023 794 2074; x_wconf 87' lang='lat' dir='ltr'>repleta</span> 
     </span>
     <span class='ocr_line' id='line_1_34' title="bbox 130 2081 793 2131; baseline -0.003 -13"><span class='ocrx_word' id='word_1_167' title='bbox 130 2082 329 2131; x_wconf 80' lang='lat' dir='ltr'>quotannis</span> <span class='ocrx_word' id='word_1_168' title='bbox 360 2081 397 2117; x_wconf 90' lang='lat' dir='ltr'>in</span> <span class='ocrx_word' id='word_1_169' title='bbox 418 2081 626 2130; x_wconf 83' lang='lat' dir='ltr'>Aegyptum</span> <span class='ocrx_word' id='word_1_170' title='bbox 655 2081 793 2130; x_wconf 89' lang='lat' dir='ltr'>impor-</span> 
     </span>
     <span class='ocr_line' id='line_1_35' title="bbox 129 2137 793 2185; baseline -0.005 -10"><span class='ocrx_word' id='word_1_171' title='bbox 129 2143 272 2184; x_wconf 86' lang='lat' dir='ltr'>tantur,</span> <span class='ocrx_word' id='word_1_172' title='bbox 303 2142 426 2174; x_wconf 85' lang='lat' dir='ltr'>tamen</span> <span class='ocrx_word' id='word_1_173' title='bbox 448 2150 496 2174; x_wconf 92' lang='lat' dir='ltr'>ne</span> <span class='ocrx_word' id='word_1_174' title='bbox 517 2150 626 2174; x_wconf 90' lang='lat' dir='ltr'>unum</span> <span class='ocrx_word' id='word_1_175' title='bbox 646 2137 793 2185; x_wconf 88' lang='lat' dir='ltr'>quidem</span> 
     </span>
     <span class='ocr_line' id='line_1_36' title="bbox 129 2193 795 2243; baseline -0.005 -11"><span class='ocrx_word' id='word_1_176' title='bbox 129 2196 281 2232; x_wconf 89' lang='lat' dir='ltr'>istorum</span> <span class='ocrx_word' id='word_1_177' title='bbox 297 2194 476 2231; x_wconf 85' lang='lat' dir='ltr'>doliorum</span> <span class='ocrx_word' id='word_1_178' title='bbox 501 2193 707 2242; x_wconf 88' lang='lat' dir='ltr'>figlinorum</span> <span class='ocrx_word' id='word_1_179' title='bbox 727 2205 795 2243; x_wconf 74' lang='lat' dir='ltr'>per</span> 
     </span>
     <span class='ocr_line' id='line_1_37' title="bbox 127 2250 795 2302; baseline -0.006 -13"><span class='ocrx_word' id='word_1_180' title='bbox 127 2251 337 2302; x_wconf 85' lang='lat' dir='ltr'>Aegyptum</span> <span class='ocrx_word' id='word_1_181' title='bbox 365 2251 490 2289; x_wconf 88' lang='lat' dir='ltr'>videre</span> <span class='ocrx_word' id='word_1_182' title='bbox 513 2250 608 2287; x_wconf 87' lang='lat' dir='ltr'>licet.</span> <span class='ocrx_word' id='word_1_183' title='bbox 668 2250 795 2293; x_wconf 84' lang='lat' dir='ltr'>Quare</span> 
     </span>
     <span class='ocr_line' id='line_1_38' title="bbox 129 2306 793 2357; baseline -0.005 -13"><span class='ocrx_word' id='word_1_184' title='bbox 129 2308 208 2346; x_wconf 95' lang='lat' dir='ltr'>iure</span> <span class='ocrx_word' id='word_1_185' title='bbox 228 2307 451 2357; x_wconf 83' lang='lat' dir='ltr'>quaesieris,</span> <span class='ocrx_word' id='word_1_186' title='bbox 482 2307 570 2357; x_wconf 89' lang='lat' dir='ltr'>quid</span> <span class='ocrx_word' id='word_1_187' title='bbox 591 2307 667 2343; x_wconf 90' lang='lat' dir='ltr'>istis</span> <span class='ocrx_word' id='word_1_188' title='bbox 689 2306 793 2342; x_wconf 87' lang='lat' dir='ltr'>doliis</span> 
     </span>
     <span class='ocr_line' id='line_1_39' title="bbox 129 2363 793 2414; baseline -0.005 -12"><span class='ocrx_word' id='word_1_189' title='bbox 129 2365 216 2412; x_wconf 86' lang='lat' dir='ltr'>fiat,</span> <span class='ocrx_word' id='word_1_190' title='bbox 255 2377 449 2414; x_wconf 87' lang='lat' dir='ltr'>quamnam</span> <span class='ocrx_word' id='word_1_191' title='bbox 472 2365 521 2400; x_wconf 88' lang='lat' dir='ltr'>ad</span> <span class='ocrx_word' id='word_1_192' title='bbox 544 2376 619 2400; x_wconf 90' lang='lat' dir='ltr'>rem</span> <span class='ocrx_word' id='word_1_193' title='bbox 639 2363 793 2400; x_wconf 86' lang='lat' dir='ltr'>adhibe-</span> 
     </span>
     <span class='ocr_line' id='line_1_40' title="bbox 129 2421 793 2459; baseline -0.003 -1"><span class='ocrx_word' id='word_1_194' title='bbox 129 2429 236 2458; x_wconf 86' lang='lat' dir='ltr'>antur</span> <span class='ocrx_word' id='word_1_195' title='bbox 260 2422 312 2458; x_wconf 86' lang='lat' dir='ltr'>ita</span> <span class='ocrx_word' id='word_1_196' title='bbox 338 2426 376 2458; x_wconf 89' lang='lat' dir='ltr'>ut</span> <span class='ocrx_word' id='word_1_197' title='bbox 407 2434 451 2459; x_wconf 78' lang='lat' dir='ltr'>ex</span> <span class='ocrx_word' id='word_1_198' title='bbox 480 2421 668 2457; x_wconf 88' lang='lat' dir='ltr'>hominum</span> <span class='ocrx_word' id='word_1_199' title='bbox 705 2433 793 2457; x_wconf 90' lang='lat' dir='ltr'>con-</span> 
     </span>
     <span class='ocr_line' id='line_1_41' title="bbox 131 2476 794 2528; baseline -0.005 -13"><span class='ocrx_word' id='word_1_200' title='bbox 131 2482 259 2528; x_wconf 88' lang='lat' dir='ltr'>spectu</span> <span class='ocrx_word' id='word_1_201' title='bbox 284 2491 433 2528; x_wconf 88' lang='lat' dir='ltr'>prorsus</span> <span class='ocrx_word' id='word_1_202' title='bbox 454 2481 689 2514; x_wconf 82' lang='lat' dir='ltr'>evanescant.</span> <span class='ocrx_word' id='word_1_203' title='bbox 736 2476 794 2512; x_wconf 89' lang='lat' dir='ltr'>Ad</span> 
     </span>
     <span class='ocr_line' id='line_1_42' title="bbox 130 2533 794 2583; baseline -0.002 -13"><span class='ocrx_word' id='word_1_204' title='bbox 130 2533 224 2571; x_wconf 90' lang='lat' dir='ltr'>hanc</span> <span class='ocrx_word' id='word_1_205' title='bbox 271 2535 519 2583; x_wconf 83' lang='lat' dir='ltr'>quaestionem</span> <span class='ocrx_word' id='word_1_206' title='bbox 538 2561 549 2579; x_wconf 90' lang='lat'>,</span> <span class='ocrx_word' id='word_1_207' title='bbox 604 2534 641 2570; x_wconf 92' lang='lat' dir='ltr'>in</span> <span class='ocrx_word' id='word_1_208' title='bbox 684 2546 794 2582; x_wconf 90' lang='lat' dir='ltr'>qnam</span> 
     </span>
     <span class='ocr_line' id='line_1_43' title="bbox 131 2590 794 2640; baseline 0 -14"><span class='ocrx_word' id='word_1_209' title='bbox 131 2603 423 2640; x_wconf 87' lang='lat' dir='ltr'>unumquemque</span> <span class='ocrx_word' id='word_1_210' title='bbox 457 2595 590 2640; x_wconf 83' lang='lat' dir='ltr'>sponte</span> <span class='ocrx_word' id='word_1_211' title='bbox 632 2590 794 2627; x_wconf 81' lang='lat' dir='ltr'>incidere</span> 
     </span>
     <span class='ocr_line' id='line_1_44' title="bbox 131 2647 794 2696; baseline -0.002 -13"><span class='ocrx_word' id='word_1_212' title='bbox 131 2652 415 2684; x_wconf 88' lang='lat' dir='ltr'>consentaneum</span> <span class='ocrx_word' id='word_1_213' title='bbox 441 2652 518 2693; x_wconf 91' lang='lat' dir='ltr'>est,</span> <span class='ocrx_word' id='word_1_214' title='bbox 547 2647 620 2683; x_wconf 89' lang='lat' dir='ltr'>iam</span> <span class='ocrx_word' id='word_1_215' title='bbox 642 2659 794 2696; x_wconf 85' lang='lat' dir='ltr'>respon-</span> 
     </span>
     <span class='ocr_line' id='line_1_45' title="bbox 132 2702 793 2751; baseline -0.003 -11"><span class='ocrx_word' id='word_1_216' title='bbox 132 2703 197 2740; x_wconf 86' lang='lat' dir='ltr'>det</span> <span class='ocrx_word' id='word_1_217' title='bbox 219 2703 455 2751; x_wconf 82' lang='lat' dir='ltr'>Hemdotns,</span> <span class='ocrx_word' id='word_1_218' title='bbox 486 2716 588 2740; x_wconf 83' lang='lat' dir='ltr'>usum</span> <span class='ocrx_word' id='word_1_219' title='bbox 615 2702 793 2740; x_wconf 85' lang='lat' dir='ltr'>doliorum</span> 
     </span>
     <span class='ocr_line' id='line_1_46' title="bbox 132 2759 795 2810; baseline 0 -16"><span class='ocrx_word' id='word_1_220' title='bbox 132 2759 181 2795; x_wconf 81' lang='lat' dir='ltr'>ad</span> <span class='ocrx_word' id='word_1_221' title='bbox 209 2772 321 2808; x_wconf 77' lang='lat' dir='ltr'>aquas</span> <span class='ocrx_word' id='word_1_222' title='bbox 350 2773 417 2810; x_wconf 90' lang='lat' dir='ltr'>per</span> <span class='ocrx_word' id='word_1_223' title='bbox 447 2760 593 2797; x_wconf 86' lang='lat' dir='ltr'>deserta</span> <span class='ocrx_word' id='word_1_224' title='bbox 626 2760 795 2797; x_wconf 86' lang='lat' dir='ltr'>ferendas</span> 
     </span>
     <span class='ocr_line' id='line_1_47' title="bbox 134 2815 793 2865; baseline 0 -14"><span class='ocrx_word' id='word_1_225' title='bbox 134 2815 319 2862; x_wconf 80' lang='lat' dir='ltr'>indicans3</span> <span class='ocrx_word' id='word_1_226' title='bbox 358 2830 509 2865; x_wconf 88' lang='lat' dir='ltr'>quorum</span> <span class='ocrx_word' id='word_1_227' title='bbox 541 2816 720 2853; x_wconf 91' lang='lat' dir='ltr'>doliorum</span> <span class='ocrx_word' id='word_1_228' title='bbox 750 2815 793 2851; x_wconf 87' lang='lat' dir='ltr'>fi-</span> 
     </span>
     <span class='ocr_line' id='line_1_48' title="bbox 133 2871 796 2921; baseline 0 -13"><span class='ocrx_word' id='word_1_229' title='bbox 133 2871 315 2921; x_wconf 84' lang='lat' dir='ltr'>glinorum</span> <span class='ocrx_word' id='word_1_230' title='bbox 346 2871 426 2910; x_wconf 92' lang='lat' dir='ltr'>loco</span> <span class='ocrx_word' id='word_1_231' title='bbox 463 2886 559 2910; x_wconf 89' lang='lat' dir='ltr'>nunc</span> <span class='ocrx_word' id='word_1_232' title='bbox 587 2886 695 2910; x_wconf 88' lang='lat' dir='ltr'>nemo</span> <span class='ocrx_word' id='word_1_233' title='bbox 731 2885 796 2909; x_wconf 89' lang='lat' dir='ltr'>ne—</span> 
     </span>
    </p>
   </div>
   <div class='ocr_carea' id='block_1_12' title="bbox 430 699 1453 761">
    <p class='ocr_par' dir='ltr' id='par_1_14' title="bbox 430 699 1453 761">
     <span class='ocr_line' id='line_1_49' title="bbox 430 699 1453 761; baseline -0.005 -14"><span class='ocrx_word' id='word_1_234' title='bbox 430 708 512 748; x_wconf 89' lang='grc' dir='ltr'>κοῦ</span> <span class='ocrx_word' id='word_1_235' title='bbox 557 706 687 761; x_wconf 74' lang='grc' dir='ltr'><em>δῆτα,</em></span> <span class='ocrx_word' id='word_1_236' title='bbox 734 704 846 746; x_wconf 83' lang='grc' dir='ltr'><em>εἴποι</em></span> <span class='ocrx_word' id='word_1_237' title='bbox 875 719 941 754; x_wconf 88' lang='grc' dir='ltr'>τις</span> <span class='ocrx_word' id='word_1_238' title='bbox 978 701 1058 756; x_wconf 71' lang='grc' dir='ltr'><em>ὀὲν,</em></span> <span class='ocrx_word' id='word_1_239' title='bbox 1099 704 1236 745; x_wconf 87' lang='grc' dir='ltr'><em>ταῦτα</em></span> <span class='ocrx_word' id='word_1_240' title='bbox 1278 699 1453 743; x_wconf 84' lang='grc' dir='ltr'><em>ἀναισι-</em></span> 
     </span>
    </p>
   </div>
   <div class='ocr_carea' id='block_1_13' title="bbox 844 829 1522 2924">
    <p class='ocr_par' dir='ltr' id='par_1_15' title="bbox 845 829 1512 926">
     <span class='ocr_line' id='line_1_50' title="bbox 846 829 1512 882; baseline -0.005 -13"><span class='ocrx_word' id='word_1_241' title='bbox 846 832 915 869; x_wconf 84' lang='lat' dir='ltr'>scit</span> <span class='ocrx_word' id='word_1_242' title='bbox 945 831 1111 869; x_wconf 87' lang='lat' dir='ltr'>adhiberi</span> <span class='ocrx_word' id='word_1_243' title='bbox 1146 844 1168 869; x_wconf 94' lang='lat' dir='ltr'>a</span> <span class='ocrx_word' id='word_1_244' title='bbox 1198 829 1512 882; x_wconf 84' lang='lat' dir='ltr'>proficiscentibus</span> 
     </span>
     <span class='ocr_line' id='line_1_51' title="bbox 845 893 958 926; baseline 0.009 -1"><span class='ocrx_word' id='word_1_245' title='bbox 845 893 958 926; x_wconf 78' lang='lat' dir='ltr'>utres.</span> 
     </span>
    </p>

    <p class='ocr_par' dir='ltr' id='par_1_16' title="bbox 844 940 1518 2013">
     <span class='ocr_line' id='line_1_52' title="bbox 903 940 1513 997; baseline -0.008 -13"><span class='ocrx_word' id='word_1_246' title='bbox 903 941 1096 997; x_wconf 79' lang='grc' dir='ltr'><em>κεράμιον</em></span> <span class='ocrx_word' id='word_1_247' title='bbox 1144 940 1311 994; x_wconf 76' lang='grc' dir='ltr'><em>οἰνηρὸν</em></span> <span class='ocrx_word' id='word_1_248' title='bbox 1362 956 1406 981; x_wconf 84' lang='lat' dir='ltr'>ex</span> <span class='ocrx_word' id='word_1_249' title='bbox 1442 943 1513 980; x_wconf 90' lang='lat' dir='ltr'>hoc</span> 
     </span>
     <span class='ocr_line' id='line_1_53' title="bbox 844 1001 1511 1050; baseline -0.004 -12"><span class='ocrx_word' id='word_1_250' title='bbox 844 1001 922 1040; x_wconf 90' lang='lat' dir='ltr'>loco</span> <span class='ocrx_word' id='word_1_251' title='bbox 952 1003 1067 1039; x_wconf 85' lang='lat' dir='ltr'>citant</span> <span class='ocrx_word' id='word_1_252' title='bbox 1098 1001 1230 1039; x_wconf 82' lang='lat' dir='ltr'>Pollux</span> <span class='ocrx_word' id='word_1_253' title='bbox 1248 1001 1328 1047; x_wconf 81' lang='lat' dir='ltr'>Vll,</span> <span class='ocrx_word' id='word_1_254' title='bbox 1365 1002 1439 1040; x_wconf 79' lang='lat'>161</span> <span class='ocrx_word' id='word_1_255' title='bbox 1474 1013 1511 1050; x_wconf 89' lang='lat' dir='ltr'>p.</span> 
     </span>
     <span class='ocr_line' id='line_1_54' title="bbox 847 1056 1514 1108; baseline -0.006 -12"><span class='ocrx_word' id='word_1_256' title='bbox 847 1061 930 1099; x_wconf 76' lang='lat'>802</span> <span class='ocrx_word' id='word_1_257' title='bbox 950 1072 1027 1108; x_wconf 87' lang='lat' dir='ltr'>seq.</span> <span class='ocrx_word' id='word_1_258' title='bbox 1046 1058 1280 1104; x_wconf 85' lang='lat' dir='ltr'>Hemsterh.,</span> <span class='ocrx_word' id='word_1_259' title='bbox 1310 1057 1372 1093; x_wconf 86' lang='lat' dir='ltr'>ubi</span> <span class='ocrx_word' id='word_1_260' title='bbox 1393 1058 1437 1093; x_wconf 85' lang='lat' dir='ltr'>ef.</span> <span class='ocrx_word' id='word_1_261' title='bbox 1455 1056 1514 1093; x_wconf 89' lang='lat' dir='ltr'>in-</span> 
     </span>
     <span class='ocr_line' id='line_1_55' title="bbox 846 1113 1514 1165; baseline -0.006 -12"><span class='ocrx_word' id='word_1_262' title='bbox 846 1120 977 1165; x_wconf 80' lang='lat' dir='ltr'>terprr.</span> <span class='ocrx_word' id='word_1_263' title='bbox 1012 1120 1049 1153; x_wconf 85' lang='lat' dir='ltr'>et</span> <span class='ocrx_word' id='word_1_264' title='bbox 1086 1115 1208 1152; x_wconf 86' lang='lat' dir='ltr'>Lexic.</span> <span class='ocrx_word' id='word_1_265' title='bbox 1239 1113 1404 1162; x_wconf 87' lang='lat' dir='ltr'>Segnier.</span> <span class='ocrx_word' id='word_1_266' title='bbox 1426 1126 1514 1164; x_wconf 86' lang='lat' dir='ltr'>pag.</span> 
     </span>
     <span class='ocr_line' id='line_1_56' title="bbox 851 1167 1514 1225; baseline -0.011 -13"><span class='ocrx_word' id='word_1_267' title='bbox 851 1175 945 1219; x_wconf 78' lang='lat'>110,</span> <span class='ocrx_word' id='word_1_268' title='bbox 959 1175 1023 1212; x_wconf 75' lang='lat'>32.</span> <span class='ocrx_word' id='word_1_269' title='bbox 1052 1172 1098 1210; x_wconf 67' lang='grc' dir='ltr'>ἓν</span> <span class='ocrx_word' id='word_1_270' title='bbox 1121 1167 1281 1225; x_wconf 77' lang='grc' dir='ltr'><em>άριθμῷ</em></span> <span class='ocrx_word' id='word_1_271' title='bbox 1303 1171 1514 1218; x_wconf 73' lang='lat' dir='ltr'>(‚,71eunum</span> 
     </span>
     <span class='ocr_line' id='line_1_57' title="bbox 848 1227 1514 1280; baseline -0.005 -14"><span class='ocrx_word' id='word_1_272' title='bbox 848 1229 985 1280; x_wconf 67' lang='lat' dir='ltr'>quidem</span> <span class='ocrx_word' id='word_1_273' title='bbox 1020 1230 1214 1277; x_wconf 76' lang='lat' dir='ltr'>numero“)</span> <span class='ocrx_word' id='word_1_274' title='bbox 1254 1241 1328 1264; x_wconf 91' lang='lat' dir='ltr'>non</span> <span class='ocrx_word' id='word_1_275' title='bbox 1364 1227 1514 1276; x_wconf 91' lang='lat' dir='ltr'>quidem</span> 
     </span>
     <span class='ocr_line' id='line_1_58' title="bbox 848 1284 1516 1333; baseline -0.006 -9"><span class='ocrx_word' id='word_1_276' title='bbox 848 1286 1103 1333; x_wconf 84' lang='lat' dir='ltr'>abundanter,</span> <span class='ocrx_word' id='word_1_277' title='bbox 1145 1286 1210 1323; x_wconf 92' lang='lat' dir='ltr'>sed</span> <span class='ocrx_word' id='word_1_278' title='bbox 1248 1284 1439 1333; x_wconf 83' lang='lat' dir='ltr'>gravitatis</span> <span class='ocrx_word' id='word_1_279' title='bbox 1476 1287 1516 1321; x_wconf 90' lang='lat' dir='ltr'>et</span> 
     </span>
     <span class='ocr_line' id='line_1_59' title="bbox 849 1340 1516 1391; baseline -0.004 -12"><span class='ocrx_word' id='word_1_280' title='bbox 849 1344 1053 1380; x_wconf 83' lang='lat' dir='ltr'>sententiae</span> <span class='ocrx_word' id='word_1_281' title='bbox 1070 1343 1264 1391; x_wconf 84' lang='lat' dir='ltr'>augendae</span> <span class='ocrx_word' id='word_1_282' title='bbox 1282 1353 1391 1378; x_wconf 86' lang='lat' dir='ltr'>causa</span> <span class='ocrx_word' id='word_1_283' title='bbox 1409 1340 1516 1377; x_wconf 89' lang='lat' dir='ltr'>addi-</span> 
     </span>
     <span class='ocr_line' id='line_1_60' title="bbox 847 1397 1516 1450; baseline -0.003 -14"><span class='ocrx_word' id='word_1_284' title='bbox 847 1405 926 1437; x_wconf 84' lang='lat' dir='ltr'>tum</span> <span class='ocrx_word' id='word_1_285' title='bbox 963 1404 1064 1450; x_wconf 88' lang='lat' dir='ltr'>puto.</span> <span class='ocrx_word' id='word_1_286' title='bbox 1122 1399 1232 1435; x_wconf 83' lang='lat' dir='ltr'>Conf.</span> <span class='ocrx_word' id='word_1_287' title='bbox 1269 1397 1423 1435; x_wconf 84' lang='lat' dir='ltr'>Weiske</span> <span class='ocrx_word' id='word_1_288' title='bbox 1456 1397 1516 1434; x_wconf 89' lang='lat' dir='ltr'>De</span> 
     </span>
     <span class='ocr_line' id='line_1_61' title="bbox 849 1452 1513 1507; baseline 0 -14"><span class='ocrx_word' id='word_1_289' title='bbox 849 1456 1087 1507; x_wconf 85' lang='lat' dir='ltr'>pleonasmm.</span> <span class='ocrx_word' id='word_1_290' title='bbox 1117 1454 1161 1493; x_wconf 91' lang='lat' dir='ltr'>L.</span> <span class='ocrx_word' id='word_1_291' title='bbox 1189 1455 1255 1494; x_wconf 89' lang='lat' dir='ltr'>Gr.</span> <span class='ocrx_word' id='word_1_292' title='bbox 1286 1468 1322 1504; x_wconf 89' lang='lat' dir='ltr'>p.</span> <span class='ocrx_word' id='word_1_293' title='bbox 1353 1452 1419 1493; x_wconf 87' lang='grc'>45.</span> <span class='ocrx_word' id='word_1_294' title='bbox 1447 1452 1513 1493; x_wconf 88' lang='grc'>46.</span> 
     </span>
     <span class='ocr_line' id='line_1_62' title="bbox 849 1509 1518 1563; baseline -0.003 -13"><span class='ocrx_word' id='word_1_295' title='bbox 849 1526 897 1550; x_wconf 90' lang='lat' dir='ltr'>ne</span> <span class='ocrx_word' id='word_1_296' title='bbox 919 1512 1034 1563; x_wconf 85' lang='lat' dir='ltr'>plura.</span> <span class='ocrx_word' id='word_1_297' title='bbox 1077 1512 1148 1548; x_wconf 85' lang='lat' dir='ltr'>Pro</span> <span class='ocrx_word' id='word_1_298' title='bbox 1169 1509 1330 1550; x_wconf 80' lang='grc' dir='ltr'><em>ἰδέσθαι</em></span> <span class='ocrx_word' id='word_1_299' title='bbox 1354 1511 1439 1547; x_wconf 86' lang='lat' dir='ltr'>edd.</span> <span class='ocrx_word' id='word_1_300' title='bbox 1458 1523 1518 1548; x_wconf 89' lang='lat' dir='ltr'>re-</span> 
     </span>
     <span class='ocr_line' id='line_1_63' title="bbox 850 1565 1515 1619; baseline -0.005 -13"><span class='ocrx_word' id='word_1_301' title='bbox 850 1573 960 1607; x_wconf 90' lang='lat' dir='ltr'>centt.</span> <span class='ocrx_word' id='word_1_302' title='bbox 980 1573 1064 1619; x_wconf 86' lang='lat' dir='ltr'>post</span> <span class='ocrx_word' id='word_1_303' title='bbox 1074 1568 1303 1618; x_wconf 82' lang='lat' dir='ltr'>Stephanum</span> <span class='ocrx_word' id='word_1_304' title='bbox 1324 1565 1515 1605; x_wconf 78' lang='grc' dir='ltr'><em>εἰόέσθαι.</em></span> 
     </span>
     <span class='ocr_line' id='line_1_64' title="bbox 850 1623 1516 1673; baseline -0.006 -10"><span class='ocrx_word' id='word_1_305' title='bbox 850 1626 911 1663; x_wconf 90' lang='lat' dir='ltr'>Tu</span> <span class='ocrx_word' id='word_1_306' title='bbox 931 1627 1026 1663; x_wconf 87' lang='lat' dir='ltr'>conf.</span> <span class='ocrx_word' id='word_1_307' title='bbox 1050 1625 1076 1669; x_wconf 86' lang='grc' dir='ltr'>Ι,</span> <span class='ocrx_word' id='word_1_308' title='bbox 1103 1626 1156 1665; x_wconf 84' lang='grc'>88</span> <span class='ocrx_word' id='word_1_309' title='bbox 1177 1625 1265 1673; x_wconf 84' lang='lat' dir='ltr'>ibiq.</span> <span class='ocrx_word' id='word_1_310' title='bbox 1284 1628 1377 1660; x_wconf 80' lang='lat' dir='ltr'>nott.</span> <span class='ocrx_word' id='word_1_311' title='bbox 1417 1623 1516 1660; x_wconf 87' lang='lat' dir='ltr'>Infra</span> 
     </span>
     <span class='ocr_line' id='line_1_65' title="bbox 849 1680 1517 1730; baseline 0 -11"><span class='ocrx_word' id='word_1_312' title='bbox 849 1683 923 1729; x_wconf 88' lang='grc' dir='ltr'>ΙΙΙ,</span> <span class='ocrx_word' id='word_1_313' title='bbox 958 1684 1009 1722; x_wconf 82' lang='grc'>12</span> <span class='ocrx_word' id='word_1_314' title='bbox 1040 1681 1176 1720; x_wconf 81' lang='grc' dir='ltr'><em>ἴδοιτο.</em></span> <span class='ocrx_word' id='word_1_315' title='bbox 1226 1680 1298 1717; x_wconf 83' lang='lat' dir='ltr'>Pro</span> <span class='ocrx_word' id='word_1_316' title='bbox 1329 1680 1517 1730; x_wconf 81' lang='grc' dir='ltr'><em>κείμενον</em></span> 
     </span>
     <span class='ocr_line' id='line_1_66' title="bbox 851 1736 1517 1789; baseline -0.002 -13"><span class='ocrx_word' id='word_1_317' title='bbox 851 1740 881 1789; x_wconf 93' lang='lat' dir='ltr'>(i</span> <span class='ocrx_word' id='word_1_318' title='bbox 905 1752 937 1776; x_wconf 90' lang='lat' dir='ltr'>e.</span> <span class='ocrx_word' id='word_1_319' title='bbox 958 1739 1162 1789; x_wconf 76' lang='lat' dir='ltr'>repositum)</span> <span class='ocrx_word' id='word_1_320' title='bbox 1181 1736 1321 1787; x_wconf 86' lang='lat' dir='ltr'>aliquot</span> <span class='ocrx_word' id='word_1_321' title='bbox 1338 1737 1417 1774; x_wconf 90' lang='lat' dir='ltr'>libri</span> <span class='ocrx_word' id='word_1_322' title='bbox 1441 1751 1517 1775; x_wconf 79' lang='grc' dir='ltr'><em>κει-</em></span> 
     </span>
     <span class='ocr_line' id='line_1_67' title="bbox 850 1792 1516 1843; baseline -0.008 -9"><span class='ocrx_word' id='word_1_323' title='bbox 850 1792 924 1835; x_wconf 78' lang='grc' dir='ltr'>νόν</span> <span class='ocrx_word' id='word_1_324' title='bbox 956 1797 998 1843; x_wconf 84' lang='grc' dir='ltr'>(ἰ.</span> <span class='ocrx_word' id='word_1_325' title='bbox 1029 1809 1060 1834; x_wconf 94' lang='lat' dir='ltr'>e.</span> <span class='ocrx_word' id='word_1_326' title='bbox 1091 1807 1244 1832; x_wconf 81' lang='lat' dir='ltr'>vacuum</span> <span class='ocrx_word' id='word_1_327' title='bbox 1270 1807 1317 1830; x_wconf 90' lang='lat' dir='ltr'>sc.</span> <span class='ocrx_word' id='word_1_328' title='bbox 1350 1793 1516 1842; x_wconf 66' lang='lat' dir='ltr'>(lolium),</span> 
     </span>
     <span class='ocr_line' id='line_1_68' title="bbox 850 1850 1516 1904; baseline -0.002 -16"><span class='ocrx_word' id='word_1_329' title='bbox 850 1853 951 1902; x_wconf 85' lang='lat' dir='ltr'>quod</span> <span class='ocrx_word' id='word_1_330' title='bbox 966 1865 1161 1904; x_wconf 85' lang='lat' dir='ltr'>perperam</span> <span class='ocrx_word' id='word_1_331' title='bbox 1180 1852 1319 1901; x_wconf 86' lang='lat' dir='ltr'>recepit</span> <span class='ocrx_word' id='word_1_332' title='bbox 1330 1850 1516 1888; x_wconf 86' lang='lat' dir='ltr'>Schaefer.</span> 
     </span>
     <span class='ocr_line' id='line_1_69' title="bbox 850 1907 1517 1955; baseline -0.004 -8"><span class='ocrx_word' id='word_1_333' title='bbox 850 1909 947 1947; x_wconf 84' lang='lat' dir='ltr'>Nam</span> <span class='ocrx_word' id='word_1_334' title='bbox 967 1923 988 1947; x_wconf 91' lang='lat' dir='ltr'>e</span> <span class='ocrx_word' id='word_1_335' title='bbox 1005 1909 1143 1947; x_wconf 89' lang='lat' dir='ltr'>scholio</span> <span class='ocrx_word' id='word_1_336' title='bbox 1155 1913 1280 1945; x_wconf 87' lang='lat' dir='ltr'>natum</span> <span class='ocrx_word' id='word_1_337' title='bbox 1301 1907 1455 1955; x_wconf 82' lang='lat' dir='ltr'>videtur,</span> <span class='ocrx_word' id='word_1_338' title='bbox 1479 1911 1517 1945; x_wconf 86' lang='lat' dir='ltr'>ut</span> 
     </span>
     <span class='ocr_line' id='line_1_70' title="bbox 851 1964 1338 2013; baseline -0.006 -10"><span class='ocrx_word' id='word_1_339' title='bbox 851 1971 952 2004; x_wconf 88' lang='lat' dir='ltr'>recte</span> <span class='ocrx_word' id='word_1_340' title='bbox 972 1967 1115 2003; x_wconf 89' lang='lat' dir='ltr'>monuit</span> <span class='ocrx_word' id='word_1_341' title='bbox 1134 1964 1338 2013; x_wconf 79' lang='lat' dir='ltr'>Schweigh.</span> 
     </span>
    </p>

    <p class='ocr_par' dir='ltr' id='par_1_17' title="bbox 850 2015 1522 2924">
     <span class='ocr_line' id='line_1_71' title="bbox 908 2015 1517 2073; baseline -0.005 -12"><span class='ocrx_word' id='word_1_342' title='bbox 908 2024 984 2061; x_wconf 80' lang='grc' dir='ltr'>κοῦ</span> <span class='ocrx_word' id='word_1_343' title='bbox 1013 2023 1114 2073; x_wconf 81' lang='grc' dir='ltr'><em>δῆτα</em></span> <span class='ocrx_word' id='word_1_344' title='bbox 1134 2043 1184 2049; x_wconf 89' lang='grc'>-</span> <span class='ocrx_word' id='word_1_345' title='bbox 1207 2023 1331 2059; x_wconf 82' lang='grc' dir='ltr'><em>ταῦτα</em></span> <span class='ocrx_word' id='word_1_346' title='bbox 1362 2015 1517 2059; x_wconf 74' lang='grc' dir='ltr'><em>ἄναισι-</em></span> 
     </span>
     <span class='ocr_line' id='line_1_72' title="bbox 850 2077 1518 2129; baseline -0.009 -11"><span class='ocrx_word' id='word_1_347' title='bbox 850 2077 1035 2129; x_wconf 85' lang='grc' dir='ltr'><em>μοῦνται]</em></span> <span class='ocrx_word' id='word_1_348' title='bbox 1078 2079 1109 2115; x_wconf 92' lang='grc' dir='ltr'>Ε</span> <span class='ocrx_word' id='word_1_349' title='bbox 1143 2077 1357 2115; x_wconf 88' lang='lat' dir='ltr'>Florentino</span> <span class='ocrx_word' id='word_1_350' title='bbox 1400 2088 1518 2126; x_wconf 86' lang='lat' dir='ltr'>nuper</span> 
     </span>
     <span class='ocr_line' id='line_1_73' title="bbox 850 2130 1518 2186; baseline -0.006 -14"><span class='ocrx_word' id='word_1_351' title='bbox 850 2140 1037 2186; x_wconf 84' lang='lat' dir='ltr'>receptum</span> <span class='ocrx_word' id='word_1_352' title='bbox 1057 2130 1392 2185; x_wconf 81' lang='grc' dir='ltr'><em>άναισιμοῦνται,</em></span> <span class='ocrx_word' id='word_1_353' title='bbox 1411 2133 1518 2170; x_wconf 85' lang='lat' dir='ltr'>addi-</span> 
     </span>
     <span class='ocr_line' id='line_1_74' title="bbox 852 2189 1519 2239; baseline -0.006 -10"><span class='ocrx_word' id='word_1_354' title='bbox 852 2196 957 2230; x_wconf 85' lang='lat' dir='ltr'>cente</span> <span class='ocrx_word' id='word_1_355' title='bbox 987 2205 1060 2229; x_wconf 89' lang='lat' dir='ltr'>uno</span> <span class='ocrx_word' id='word_1_356' title='bbox 1083 2192 1249 2228; x_wconf 88' lang='lat' dir='ltr'>Parisino</span> <span class='ocrx_word' id='word_1_357' title='bbox 1278 2194 1391 2239; x_wconf 89' lang='lat' dir='ltr'>atque</span> <span class='ocrx_word' id='word_1_358' title='bbox 1416 2189 1519 2226; x_wconf 86' lang='lat' dir='ltr'>Aldi-</span> 
     </span>
     <span class='ocr_line' id='line_1_75' title="bbox 850 2242 1517 2299; baseline -0.004 -13"><span class='ocrx_word' id='word_1_359' title='bbox 850 2262 918 2292; x_wconf 86' lang='lat' dir='ltr'>na,</span> <span class='ocrx_word' id='word_1_360' title='bbox 973 2262 1040 2299; x_wconf 90' lang='lat' dir='ltr'>pro</span> <span class='ocrx_word' id='word_1_361' title='bbox 1083 2248 1180 2297; x_wconf 84' lang='lat' dir='ltr'>vulg.</span> <span class='ocrx_word' id='word_1_362' title='bbox 1223 2242 1517 2296; x_wconf 65' lang='grc' dir='ltr'><em>ἀναισιμοῦται.</em></span> 
     </span>
     <span class='ocr_line' id='line_1_76' title="bbox 852 2303 1519 2354; baseline -0.003 -13"><span class='ocrx_word' id='word_1_363' title='bbox 852 2305 949 2342; x_wconf 89' lang='lat' dir='ltr'>Satis</span> <span class='ocrx_word' id='word_1_364' title='bbox 972 2307 1067 2343; x_wconf 88' lang='lat' dir='ltr'>enim</span> <span class='ocrx_word' id='word_1_365' title='bbox 1086 2310 1211 2341; x_wconf 84' lang='lat' dir='ltr'>notum</span> <span class='ocrx_word' id='word_1_366' title='bbox 1228 2305 1328 2354; x_wconf 88' lang='lat' dir='ltr'>apud</span> <span class='ocrx_word' id='word_1_367' title='bbox 1348 2303 1519 2340; x_wconf 82' lang='lat' dir='ltr'>Herodo-</span> 
     </span>
     <span class='ocr_line' id='line_1_77' title="bbox 851 2360 1519 2412; baseline -0.004 -13"><span class='ocrx_word' id='word_1_368' title='bbox 851 2368 929 2399; x_wconf 85' lang='lat' dir='ltr'>tum</span> <span class='ocrx_word' id='word_1_369' title='bbox 950 2363 1100 2400; x_wconf 87' lang='lat' dir='ltr'>verbum</span> <span class='ocrx_word' id='word_1_370' title='bbox 1118 2361 1259 2412; x_wconf 83' lang='lat' dir='ltr'>plurale</span> <span class='ocrx_word' id='word_1_371' title='bbox 1280 2360 1434 2397; x_wconf 86' lang='lat' dir='ltr'>subinde</span> <span class='ocrx_word' id='word_1_372' title='bbox 1455 2373 1519 2396; x_wconf 88' lang='lat' dir='ltr'>se-</span> 
     </span>
     <span class='ocr_line' id='line_1_78' title="bbox 852 2416 1519 2469; baseline -0.003 -14"><span class='ocrx_word' id='word_1_373' title='bbox 852 2419 914 2467; x_wconf 84' lang='lat' dir='ltr'>qui</span> <span class='ocrx_word' id='word_1_374' title='bbox 944 2424 1072 2455; x_wconf 78' lang='lat' dir='ltr'>neutra</span> <span class='ocrx_word' id='word_1_375' title='bbox 1095 2417 1247 2469; x_wconf 88' lang='lat' dir='ltr'>pluralia</span> <span class='ocrx_word' id='word_1_376' title='bbox 1274 2418 1326 2464; x_wconf 73' lang='lat' dir='ltr'>(v,</span> <span class='ocrx_word' id='word_1_377' title='bbox 1352 2430 1383 2454; x_wconf 87' lang='lat' dir='ltr'>c.</span> <span class='ocrx_word' id='word_1_378' title='bbox 1403 2416 1432 2463; x_wconf 90' lang='grc' dir='ltr'>Ι,</span> <span class='ocrx_word' id='word_1_379' title='bbox 1452 2417 1519 2456; x_wconf 87' lang='grc'>76.</span> 
     </span>
     <span class='ocr_line' id='line_1_79' title="bbox 852 2473 1520 2525; baseline -0.004 -13"><span class='ocrx_word' id='word_1_380' title='bbox 852 2475 898 2520; x_wconf 88' lang='grc' dir='ltr'>ΙΙ,</span> <span class='ocrx_word' id='word_1_381' title='bbox 921 2478 999 2515; x_wconf 80' lang='grc'>128</span> <span class='ocrx_word' id='word_1_382' title='bbox 1030 2475 1100 2512; x_wconf 89' lang='lat' dir='ltr'>alia</span> <span class='ocrx_word' id='word_1_383' title='bbox 1123 2475 1248 2525; x_wconf 90' lang='lat' dir='ltr'>plura,</span> <span class='ocrx_word' id='word_1_384' title='bbox 1288 2487 1384 2522; x_wconf 89' lang='lat' dir='ltr'>quae</span> <span class='ocrx_word' id='word_1_385' title='bbox 1416 2473 1520 2509; x_wconf 82' lang='lat' dir='ltr'>dabit</span> 
     </span>
     <span class='ocr_line' id='line_1_80' title="bbox 851 2530 1519 2580; baseline -0.004 -12"><span class='ocrx_word' id='word_1_386' title='bbox 851 2533 1013 2570; x_wconf 88' lang='lat' dir='ltr'>Fischer.</span> <span class='ocrx_word' id='word_1_387' title='bbox 1042 2532 1089 2568; x_wconf 91' lang='lat' dir='ltr'>ad</span> <span class='ocrx_word' id='word_1_388' title='bbox 1116 2530 1262 2569; x_wconf 82' lang='lat' dir='ltr'>VVeller.</span> <span class='ocrx_word' id='word_1_389' title='bbox 1283 2530 1347 2577; x_wconf 88' lang='grc' dir='ltr'>ΙΙΙ,</span> <span class='ocrx_word' id='word_1_390' title='bbox 1377 2542 1409 2565; x_wconf 90' lang='lat' dir='ltr'>a.</span> <span class='ocrx_word' id='word_1_391' title='bbox 1431 2542 1519 2580; x_wconf 85' lang='lat' dir='ltr'>pag.</span> 
     </span>
     <span class='ocr_line' id='line_1_81' title="bbox 854 2587 1520 2637; baseline -0.009 -9"><span class='ocrx_word' id='word_1_392' title='bbox 854 2587 967 2637; x_wconf 79' lang='lat'>343).</span> <span class='ocrx_word' id='word_1_393' title='bbox 999 2589 1138 2626; x_wconf 91' lang='lat' dir='ltr'>Sensus</span> <span class='ocrx_word' id='word_1_394' title='bbox 1161 2587 1229 2624; x_wconf 89' lang='lat' dir='ltr'>loci</span> <span class='ocrx_word' id='word_1_395' title='bbox 1249 2592 1327 2624; x_wconf 83' lang='lat' dir='ltr'>est:</span> <span class='ocrx_word' id='word_1_396' title='bbox 1360 2599 1520 2635; x_wconf 79' lang='lat' dir='ltr'>quonam,</span> 
     </span>
     <span class='ocr_line' id='line_1_82' title="bbox 851 2643 1521 2696; baseline -0.006 -14"><span class='ocrx_word' id='word_1_397' title='bbox 851 2646 874 2681; x_wconf 91' lang='lat' dir='ltr'>i.</span> <span class='ocrx_word' id='word_1_398' title='bbox 898 2658 929 2682; x_wconf 89' lang='lat' dir='ltr'>e.</span> <span class='ocrx_word' id='word_1_399' title='bbox 950 2658 1128 2696; x_wconf 77' lang='lat' dir='ltr'>quemnam</span> <span class='ocrx_word' id='word_1_400' title='bbox 1151 2657 1234 2681; x_wconf 81' lang='lat' dir='ltr'>sane</span> <span class='ocrx_word' id='word_1_401' title='bbox 1263 2646 1300 2680; x_wconf 78' lang='lat' dir='ltr'>in</span> <span class='ocrx_word' id='word_1_402' title='bbox 1316 2656 1417 2679; x_wconf 84' lang='lat' dir='ltr'>usum</span> <span class='ocrx_word' id='word_1_403' title='bbox 1436 2643 1521 2679; x_wconf 75' lang='lat' dir='ltr'>haec</span> 
     </span>
     <span class='ocr_line' id='line_1_83' title="bbox 852 2700 1520 2739; baseline -0.006 -1"><span class='ocrx_word' id='word_1_404' title='bbox 852 2701 948 2739; x_wconf 74' lang='lat' dir='ltr'>dolia</span> <span class='ocrx_word' id='word_1_405' title='bbox 971 2704 1193 2739; x_wconf 80' lang='lat' dir='ltr'>insumantur</span> <span class='ocrx_word' id='word_1_406' title='bbox 1220 2714 1249 2737; x_wconf 89' lang='lat' dir='ltr'>s.</span> <span class='ocrx_word' id='word_1_407' title='bbox 1275 2700 1520 2737; x_wconf 76' lang='lat' dir='ltr'>adhibeantur.</span> 
     </span>
     <span class='ocr_line' id='line_1_84' title="bbox 852 2756 1520 2808; baseline -0.003 -12"><span class='ocrx_word' id='word_1_408' title='bbox 852 2758 940 2796; x_wconf 90' lang='lat' dir='ltr'>Non</span> <span class='ocrx_word' id='word_1_409' title='bbox 965 2759 1072 2796; x_wconf 90' lang='lat' dir='ltr'>valde</span> <span class='ocrx_word' id='word_1_410' title='bbox 1093 2759 1240 2808; x_wconf 88' lang='lat' dir='ltr'>dispar,</span> <span class='ocrx_word' id='word_1_411' title='bbox 1270 2756 1419 2806; x_wconf 89' lang='lat' dir='ltr'>quodl,</span> <span class='ocrx_word' id='word_1_412' title='bbox 1441 2756 1520 2794; x_wconf 85' lang='lat'>179</span> 
     </span>
     <span class='ocr_line' id='line_1_85' title="bbox 853 2808 1522 2879; baseline -0.004 -28"><span class='ocrx_word' id='word_1_413' title='bbox 853 2814 1006 2863; x_wconf 89' lang='lat' dir='ltr'>legitur.</span> <span class='ocrx_word' id='word_1_414' title='bbox 1038 2816 1101 2854; x_wconf 81' lang='grc' dir='ltr'>δεῖ</span> <span class='ocrx_word' id='word_1_415' title='bbox 1116 2829 1162 2865; x_wconf 80' lang='grc' dir='ltr'>με</span> <span class='ocrx_word' id='word_1_416' title='bbox 1177 2808 1413 2879; x_wconf 73' lang='grc' dir='ltr'><em>ἐπιφράσαι,</em></span> <span class='ocrx_word' id='word_1_417' title='bbox 1436 2828 1448 2850; x_wconf 88' lang='grc' dir='ltr'><em>ι</em></span> <span class='ocrx_word' id='word_1_418' title='bbox 1460 2826 1483 2849; x_wconf 90' lang='grc' dir='ltr'>ν</span> <span class='ocrx_word' id='word_1_419' title='bbox 1497 2826 1522 2848; x_wconf 88' lang='grc' dir='ltr'><em>α</em></span> 
     </span>
     <span class='ocr_line' id='line_1_86' title="bbox 854 2862 1522 2924; baseline -0.009 -13"><span class='ocrx_word' id='word_1_420' title='bbox 854 2870 897 2911; x_wconf 76' lang='grc' dir='ltr'>ἐκ</span> <span class='ocrx_word' id='word_1_421' title='bbox 917 2873 989 2923; x_wconf 77' lang='grc' dir='ltr'><em>τῆς</em></span> <span class='ocrx_word' id='word_1_422' title='bbox 1008 2867 1166 2924; x_wconf 82' lang='grc' dir='ltr'><em>τάφρου</em></span> <span class='ocrx_word' id='word_1_423' title='bbox 1186 2887 1212 2922; x_wconf 81' lang='grc' dir='ltr'><em>η</em></span> <span class='ocrx_word' id='word_1_424' title='bbox 1230 2872 1284 2922; x_wconf 78' lang='grc' dir='ltr'>γῆ</span> <span class='ocrx_word' id='word_1_425' title='bbox 1302 2862 1522 2919; x_wconf 76' lang='grc' dir='ltr'><em>οἷναισιμω·</em></span> 
     </span>
    </p>
   </div>
  </div>
 </body>
</html>
