1904 3304
259 542 335 597 ..ks

429 243 483 283 12

823 236 1293 277 HERODOTI

428 356 558 396 τοῦτο
598 350 643 394 δὲ
683 347 865 398 ποιέων,
910 345 1120 390 ἐπικαλέει
1158 344 1238 390 τόν
1276 361 1320 388 τε
1357 343 1582 389 Διόνυσον
1618 345 1693 389 καὶ

400 422 514 479 3τὴν
546 419 780 476 Οὐρανίην.
839 418 1160 468 ἐπιτελέσαντος
1197 416 1243 460 δὲ
1278 415 1442 459 τούτου
1478 421 1641 468 ταῦτα,
1672 415 1748 460 (325

428 493 504 544 τὰς
531 494 672 541 πίστις
700 488 995 546 ποιησάμενος
1025 493 1139 532 τοῖσι
1166 489 1332 543 φίλοισι
1362 491 1586 555 παρεκζιζᾶ
1614 486 1694 531 τὸν

429 566 595 617 ξεῖνον,
623 561 652 619 ἢ
680 562 753 605 καὶ
781 560 860 604 τόν
890 559 1050 611 ἀστὸν,
1080 558 1136 616 ἢν
1165 558 1277 614 πρός
1309 557 1444 603 άστόν
1473 559 1692 615 ποιέηται·

439 637 482 678 οἱ
511 634 557 678 δὲ
587 635 706 689 φίλοι
736 632 806 675 καὶ
837 630 962 675 αὐτοὶ
991 631 1067 682 τὰς
1086 632 1226 682 πίστις
1244 632 1459 674 δικαιεῦσι
1480 629 1695 686 σέβεσθαι.

401 703 660 748 4Διόνυσον
687 703 733 746 δὲ
762 701 872 746 θεὸν
890 707 1062 758 μοῦνον
1092 703 1165 746 καὶ
1193 701 1272 758 τὴν
1294 699 1518 758 Οὐρανίην
1538 699 1694 758 ἡγεῦν-

428 792 499 818 ται
515 772 639 818 εἶναι·
668 774 742 817 καὶ
761 778 850 818 τῶν
866 778 1024 831 τριχῶν
1042 773 1123 830 τὴν
1141 773 1310 830 κουρήν
1329 774 1553 827 κείρεσθαί
1571 783 1695 828 φασι,

429 843 619 900 κατάπερ
660 843 796 889 αὐτόν
831 845 910 889 τόν
937 845 1161 890 Διόνυσον
1190 843 1425 900 κεκάρθαι·
1473 844 1752 899 κείρονται30

308 911 399 982 *7²*
429 917 475 960 δὲ
505 915 808 982 περιτρόχαλα,
837 919 1171 974 περιξυροῦντες
1194 915 1299 968 τοὺς
1326 913 1593 972 κροτάφους.
1623 911 1695 958 οὐ·

373 1075 450 1108 ctus
481 1070 675 1117 habeatur,
712 1069 799 1107 inde
827 1068 864 1106 in
896 1069 1032 1106 confir-

374 1128 515 1165 mandis
562 1126 771 1163 iuramentis
816 1125 1033 1163 adhibentur

375 1182 537 1232 symbola
555 1182 812 1234 septemplicia.
852 1182 934 1219 Vid.
955 1182 1035 1219 Wi-

373 1253 450 1277 ner.
487 1239 625 1276 Simon.
651 1239 742 1276 Lex.
769 1238 927 1275 manual.
948 1251 1033 1288 pag.

374 1295 468 1336 941.
485 1317 540 1322 —
569 1295 628 1332 Ad
646 1308 723 1333 voc.
745 1293 1036 1341 ἐπιτελέσαντος

374 1353 469 1389 conf.
490 1352 536 1399 II,
557 1353 608 1392 63
633 1352 720 1402 ibiq.
747 1356 840 1388 nott.

415 1465 614 1517 κείρονται
629 1461 669 1503 δὲ
683 1460 954 1517 περιτρόχαλα,
969 1477 1034 1502 πε-

375 1523 627 1573 ριξυροῦντες
662 1535 756 1565 τους
785 1517 1032 1572 κροτάφους]

375 1578 571 1628 Perperam
592 1578 622 1613 F
626 1578 825 1614 Iorentinus
854 1591 934 1615 cum
958 1577 1035 1614 aliis

376 1634 616 1683 quibusdam:
667 1629 957 1684 υποτρόχαλα,
998 1638 1036 1670 et

375 1691 485 1741 paulo
541 1694 626 1740 post
681 1690 866 1727 Sancrosti
925 1689 1034 1726 liber:

375 1759 493 1785 vno:
476 1748 624 1797 ζυροῦι
628 1760 699 1792 τες.
776 1741 1036 1797 περιτρόχαλα

376 1802 483 1839 affert
510 1815 658 1850 quoque
681 1802 831 1839 Photius
857 1804 892 1839 in
912 1802 1035 1839 Lexic.

376 1872 412 1909 p.
433 1860 513 1897 366
535 1858 651 1895 Dobr.
675 1858 774 1895 hoc
767 1872 846 1909 ipso
872 1872 916 1896 ex
944 1858 1035 1895 loco.

375 1914 443 1951 Est
454 1927 538 1951 vero
551 1911 808 1965 περιτρόχαλα
820 1915 1036 1965 κείρεσθαιε

377 1973 414 2007 in
446 1970 552 2006 orbem
583 1971 736 2018 tonderi,
788 1971 896 2022 plane
928 1976 968 2008 ut
999 1972 1036 2007 in

377 2026 558 2064 Plutarch.
587 2027 729 2064 Morall.
757 2028 829 2076 (II)
848 2041 932 2078 pag.
954 2030 1031 2067 261

376 2083 421 2119 F.
447 2083 527 2130 (ubi
557 2084 626 2120 vid.
647 2083 903 2132 Wyttenbach.
924 2083 1034 2121 Torn-

376 2138 442 2175 vll
474 2144 565 2188 part.
592 2142 609 2178 1
633 2153 668 2190 p.
684 2142 767 2189 17.)
787 2142 886 2191 apud
905 2139 1035 2189 Agath.

378 2195 393 2231 1
415 2209 451 2245 p.
476 2197 520 2233 11
545 2196 600 2241 C.,
623 2197 685 2232 ubi
706 2197 837 2233 Franc.
860 2198 1038 2246 περίτρο-

377 2266 448 2301 χον
471 2247 703 2301 κειρόμενοι.
762 2253 885 2302 Atque
912 2253 1038 2290 Pollux

378 2307 424 2353 II,
447 2308 499 2345 29
512 2307 604 2343 inter
620 2314 788 2346 tonsurae
807 2322 942 2357 genera
962 2322 1038 2345 me-

378 2367 496 2400 morat
555 2376 701 2412 quoqne
758 2362 1037 2415 περιτρόχαλα;

379 2419 478 2468 quod
506 2432 620 2467 genus
643 2420 791 2457 Athenis
818 2422 951 2457 dictum
981 2421 1036 2457 fu-

379 2476 451 2511 isse
480 2476 676 2522 σκαφίον,
727 2490 770 2513 ex
797 2477 981 2525 Hesychio
1008 2490 1037 2513 s.

379 2544 411 2567 v.
432 2532 607 2580 σκαφίον
629 2533 809 2569 discimus.
871 2534 927 2569 Ad
947 2533 1039 2570 hanc

379 2600 465 2624 vero
487 2593 673 2625 tonsuram
691 2587 870 2625 Arabibus
891 2602 1039 2638 quoque

379 2643 584 2681 hominibus
620 2646 788 2682 usitatam
821 2645 1037 2693 Wesseling.

380 2701 492 2737 refert
530 2700 701 2739 Ieremiae
730 2702 843 2738 verba
868 2702 931 2747 IX,
964 2704 1037 2741 26:

380 2766 467 2807 περ,
483 2765 599 2809 ’ξῆκῆ
620 2758 658 2800 (i.
672 2771 703 2794 e.
723 2760 953 2803 circumcisos,
967 2761 1036 2794 cir-

381 2816 572 2849 cumtonsus
611 2816 737 2862 capitis
773 2814 905 2863 angulo
939 2827 968 2850 s.
1003 2816 1039 2851 in

381 2869 564 2907 rotundam
598 2872 726 2920 capitis
758 2883 888 2909 comam
915 2870 1038 2908 adton-

1090 1068 1173 1117 sos).
1220 1067 1271 1104 Et
1299 1068 1396 1113 iure,
1427 1067 1457 1103 si
1477 1065 1624 1115 quidem
1646 1063 1756 1115 pleri-

1090 1138 1162 1175 que
1189 1124 1363 1162 Ieretniac
1391 1125 1609 1173 interpretes
1632 1126 1668 1159 et
1690 1134 1753 1159 ve-

1089 1187 1186 1219 teres
1210 1186 1246 1218 et
1267 1181 1485 1218 recentiores
1506 1180 1557 1216 sic
1578 1191 1622 1216 ea
1640 1178 1753 1215 verba

1090 1237 1300 1288 accipienda
1345 1249 1426 1274 esse
1462 1236 1606 1273 docent.
1642 1234 1752 1271 Conf.

1089 1292 1355 1331 Rosenmiiller.
1377 1292 1499 1330 Schol.
1522 1293 1570 1328 ad
1591 1292 1625 1328 h.
1644 1290 1667 1327 I.
1687 1289 1753 1341 (P.

1089 1350 1173 1387 VIII
1192 1349 1272 1386 Vol.
1292 1349 1306 1385 I
1328 1362 1365 1399 p.
1391 1350 1493 1398 303)
1517 1352 1552 1385 et
1571 1347 1669 1384 Iahn.
1684 1347 1754 1383 Ar-

1090 1405 1276 1455 chaeolog.
1300 1405 1367 1444 I.2
1397 1419 1432 1456 p.
1449 1407 1538 1446 106.
1587 1404 1755 1448 Quocum

1092 1463 1170 1500 Ioco
1196 1463 1368 1500 Ieremiae
1389 1462 1419 1498 si
1452 1461 1572 1511 (quod
1595 1473 1653 1498 me
1678 1472 1756 1496 mo-

1091 1520 1168 1557 nuit
1187 1519 1232 1556 F.
1259 1519 1404 1567 Hitzig,
1447 1519 1500 1554 vir
1522 1517 1754 1554 doctissimus

1091 1576 1251 1624 mihique
1267 1573 1524 1624 amicissimus)
1541 1586 1756 1624 comparan-

1091 1637 1150 1669 tur
1170 1632 1331 1669 eiusdem
1352 1632 1552 1682 prophetae
1571 1630 1689 1678 XXV,
1699 1631 1754 1669 23

1092 1694 1128 1726 et
1146 1688 1282 1734 XLIX,
1302 1690 1367 1734 32,
1387 1692 1555 1738 apparet,
1578 1687 1667 1725 haec
1680 1699 1755 1724 non

1093 1746 1162 1782 nisi
1186 1746 1231 1782 de
1248 1744 1430 1782 Arabibus
1455 1745 1638 1794 gentibus,
1659 1755 1756 1793 quae

1093 1803 1129 1838 in
1171 1802 1325 1838 desertis
1369 1801 1554 1848 habitant,
1601 1799 1756 1848 intelligi

1093 1871 1215 1909 posse.
1246 1857 1294 1894 Et
1307 1857 1445 1895 Arabes
1464 1870 1579 1907 usque
1591 1857 1638 1894 ad
1650 1869 1756 1893 suum

1093 1927 1217 1952 aevum
1235 1915 1393 1952 eundem
1412 1920 1584 1951 tonsurae
1604 1913 1755 1951 modum

1094 1983 1256 2008 servasse
1278 1976 1401 2007 monet
1421 1970 1612 2008 Scholiast.
1635 1970 1755 2007 Grae-

1093 2041 1154 2064 cus
1173 2027 1208 2063 in
1228 2026 1345 2064 Levit.
1367 2028 1466 2064 XIX.
1512 2027 1611 2074 Iam,
1643 2030 1685 2063 ut
1706 2025 1756 2063 ad

1092 2084 1322 2120 Herodotum
1347 2087 1530 2131 revertar,
1559 2083 1671 2121 verba
1689 2095 1755 2121 πε-

1096 2142 1349 2191 ριξυροῦντες
1389 2137 1483 2185 τούς
1527 2134 1756 2189 κροτάφους

1095 2199 1243 2244 (circum
1269 2200 1420 2245 tempora
1449 2196 1598 2245 capillos
1629 2194 1753 2231 raden-

1096 2257 1164 2299 tes,
1206 2252 1400 2300 tondentes)
1435 2252 1559 2289 addita
1586 2252 1756 2288 videntur

1097 2311 1144 2346 ‹le
1184 2309 1386 2354 industria,
1442 2309 1579 2359 quippe
1623 2308 1754 2357 quibus

1095 2370 1220 2401 auctor
1263 2365 1517 2402 antecedentia
1555 2364 1756 2402 accuratius

1095 2421 1260 2471 explicet.
1319 2421 1443 2464 Quare
1463 2422 1609 2459 minime
1634 2433 1677 2458 ex
1699 2421 1756 2458 in-

1094 2483 1382 2527 terpretamento
1424 2483 1550 2514 natum
1598 2477 1757 2529 περιξυ-

1097 2535 1280 2584 ροῦντες,
1328 2535 1451 2584 prouti
1487 2535 1630 2571 videtur
1668 2533 1756 2570 Val-

1096 2591 1221 2635 cken.·,
1251 2603 1318 2627 nec
1338 2592 1453 2640 magis
1475 2590 1608 2640 opinor
1625 2603 1755 2628 neces-

1096 2647 1227 2682 sarium
1246 2675 1257 2693 ,
1308 2648 1438 2685 eodem
1478 2647 1555 2683 viro
1595 2650 1756 2694 auctore,

1095 2703 1252 2739 scribere
1270 2701 1380 2750 πέριξ
1408 2704 1636 2754 ξυρεῦντες,
1672 2715 1754 2741 cum

1095 2760 1399 2809 περιξυροῦντες
1437 2773 1511 2797 non
1551 2760 1596 2796 sit
1636 2760 1754 2797 forma

1094 2814 1228 2852 Ionica.
1253 2816 1310 2852 Ad
1329 2829 1430 2853 usum
1444 2816 1540 2854 vocis
1559 2814 1670 2867 πέριξ
1690 2815 1754 2854 Tu

1095 2872 1190 2909 conf.
1210 2871 1255 2920 V,
1271 2873 1336 2912 87.
1365 2873 1455 2915 115.
1485 2886 1533 2911 ne
1560 2872 1676 2924 plura.
1697 2893 1753 2901 —
