1904 3304
483 231 1052 272 MELPOMENE.
1111 231 1173 269 IV.
1382 232 1466 273 287

1521 345 1619 377 emto,
1638 343 1730 370 boves
1749 343 1799 371 ab·

1520 378 1638 412 egisse:
1689 381 1802 412 tempe-

1522 415 1600 438 state
1621 414 1705 444 orta,
1731 410 1800 437 dor-

1522 445 1627 472 mienti
1641 444 1801 472 subductos

1521 486 1633 514 equos:

165 355 282 391 3σαν
311 344 500 402 ἐρήμην,
539 342 597 401 ἦν
634 359 732 387 τινα
765 346 849 388 νῦν
877 341 1059 387 Σκύθαι
1096 340 1317 396 νέμονται.
1379 345 1462 398 Γη-

194 418 355 472 ρυόνεα
385 417 430 460 δὲ
460 415 641 467 οἰκέειν,
684 415 761 468 ἔξω
803 418 884 459 τοῦ
917 413 1097 460 Πόντου
1132 410 1463 468 κατοικημένον,

192 489 272 544 τήν
299 490 342 531 οἱ
359 486 563 545 Ἕλληνες
590 488 765 543 λέγουσι
793 485 1027 541 Ἐρύθειαν
1056 488 1219 541 νῆσον,
1251 483 1332 540 τὴν
1353 483 1464 538 πρὸς

195 562 237 601 Γ
232 560 444 614 ηδείροισι
485 565 599 603 τοῖσι
640 559 717 611 ἔξω
752 556 1027 613 Ἡρακληΐων
1066 555 1256 612 στηλέων
1294 555 1363 599 ἐπὶ
1401 558 1461 611 τῷ

160 628 400 688 4Ὠκεανῷ.
458 631 537 676 τὸν
576 631 622 676 δὲ
659 628 872 675 Ὠκεανὸν
910 628 1026 686 λόγῳ
1058 627 1137 685 μὲν
1167 626 1342 684 λέγουσι
1373 624 1460 671 ἀπὸ

854 791 1070 841 Bernhardy
1108 793 1156 829 ad
1187 792 1340 843 Dionys.
1373 792 1515 841 Perieg.

855 850 936 890 558
957 862 1043 899 pag.
1067 851 1160 889 678.

135 794 377 845 prehensione
395 795 668 846 perstrinxerit,
689 806 798 844 supra

135 851 206 888 iam
242 853 448 890 monuimus
479 856 590 901 atque
626 851 684 888 hic
717 851 797 900 ipse

135 908 233 945 locus
251 908 398 955 indicat,
423 910 460 946 in
480 922 552 957 quo
576 921 678 945 suam
697 920 796 945 eam·
910 904 1215 957 κατοικημένον]
1267 906 1385 943 activa
1423 905 1517 942 acci-

135 977 207 1014 que
218 965 400 1014 vulgatam
419 965 518 1016 apud
531 965 694 1002 Graecos
712 977 796 1001 sen-

134 1022 285 1059 tentiam
320 1022 367 1059 de
398 1022 579 1070 Geryonis
614 1021 794 1058 domicilio

134 1077 274 1115 Noster
294 1077 472 1126 consulto,
496 1084 534 1115 ut
558 1078 713 1124 videtur,
733 1090 795 1115 ex-

134 1134 251 1185 ponit,
282 1134 434 1172 alteram
456 1135 631 1172 Hecataei
653 1135 796 1185 opinio-

135 1203 219 1228 nem
257 1190 400 1229 silentio
429 1204 578 1242 prorsus
604 1204 794 1242 premens;

135 1260 358 1297 quamquam
387 1253 529 1286 veteres
557 1249 628 1285 iam
652 1249 699 1285 de
715 1249 794 1285 Ge-

135 1317 248 1352 ryone
269 1304 458 1354 insulaque
477 1305 629 1354 Erythia
651 1306 795 1342 dissen-

134 1361 244 1407 sisse,
275 1373 295 1398 e
326 1361 432 1398 Plinii
461 1361 540 1399 loco
573 1362 672 1398 Hist.
704 1361 792 1399 Nat.

133 1417 261 1463 1V‚36
283 1417 342 1455 fin.
358 1419 587 1455 manifestum
604 1423 679 1465 est,
700 1430 793 1467 quo-

132 1486 214 1511 cum
241 1475 335 1510 conf.
356 1474 527 1511 Strabon.
550 1474 571 1511 l.
603 1487 686 1511 mox
715 1474 793 1511 lau·

132 1530 295 1566 dandum
323 1543 365 1566 ac
396 1531 574 1580 Pompon.
605 1530 690 1567 Mel.
726 1530 791 1577 III,

132 1588 172 1631 6,
200 1585 273 1626 15:
304 1599 376 1635 quo
397 1592 543 1624 auctore
565 1587 739 1635 Erythia,
769 1599 791 1623 a

132 1642 308 1691 Geryone
334 1643 497 1680 habitata
526 1644 563 1680 in
584 1643 789 1690 Lusitania,

132 1711 345 1748 summaque
398 1700 558 1750 regionis
609 1700 789 1747 fertilitas,

131 1755 308 1793 Straboni
326 1769 476 1806 quoque
502 1756 683 1795 celebrata
710 1757 790 1795 loco

130 1811 280 1849 classico
298 1813 360 1860 III,
387 1813 411 1853 5
438 1812 475 1864 ἓ.
495 1812 520 1853 4
542 1826 627 1864 pag.
652 1816 731 1855 169
760 1827 790 1851 s.

132 1867 213 1909 257
226 1869 267 1906 C.
297 1868 469 1919 Namque
487 1870 641 1919 Erythia
659 1870 791 1917 insula,

130 1925 277 1962 minime
296 1925 356 1962 illa
376 1927 522 1975 quidem
543 1927 721 1973 fabulosa,
751 1931 793 1964 ut

131 1981 349 2030 quibusdam
381 1982 516 2032 placuit
550 1984 791 2032 (quamquam

130 2042 320 2087 poetarum
342 2039 500 2087 ingeniis
522 2040 608 2076 talia
631 2044 738 2077 aucta
753 2045 792 2077 et

131 2093 304 2144 ampliata
325 2108 405 2133 esse
427 2109 502 2133 non
521 2101 577 2134 est
598 2097 700 2146 quod
727 2108 793 2134 ne-

130 2149 296 2203 gemus),
348 2153 472 2190 media
526 2153 621 2190 inter
662 2153 790 2190 Gades

126 2206 224 2257 ipsas
245 2213 282 2245 et
300 2213 431 2246 terram
453 2210 700 2247 continentem
720 2210 790 2247 sita

127 2263 278 2302 dicitur:
310 2265 348 2302 id
370 2267 471 2314 quod
493 2268 662 2303 convenit
684 2266 720 2302 in
735 2265 790 2302 lo-

125 2332 230 2368 cum,
269 2322 325 2358 cui
350 2334 447 2359 nunc
487 2335 621 2360 nomen
654 2322 789 2359 Troca-

128 2375 232 2421 dero,-
274 2378 304 2414 si
335 2379 483 2427 quidem
520 2379 622 2429 ipsae
660 2379 787 2416 Gades

127 2431 212 2469 olim
231 2433 408 2482 insulam,
443 2447 537 2485 quae
559 2449 655 2473 nunc
676 2448 786 2473 voca-

127 2492 187 2524 tur
207 2488 264 2526 St.
285 2489 396 2539 Leon,
429 2492 670 2542 occupabant.
702 2492 787 2529 vid.

128 2542 300 2583 Mannert
318 2548 457 2596 Geogr.
481 2550 516 2585 d.
537 2549 602 2585 Gr.
628 2562 661 2586 u.
676 2548 785 2586 Rom.

128 2599 143 2634 Ῑ
165 2612 201 2648 P·
227 2603 306 2642 287
323 2616 377 2652 sq.
398 2606 481 2644 292
508 2605 566 2643 ed.
587 2609 671 2642 tert.
704 2605 784 2642 coll.

129 2655 299 2694 Gosselin
321 2660 368 2695 ad
388 2660 479 2700 Plin.
502 2661 523 2697 l.
543 2661 566 2698 l.
587 2674 676 2712 pag.
703 2663 784 2702 369

128 2723 206 2760 seq.
232 2711 290 2750 De
312 2713 463 2764 Erythia
482 2717 658 2762 fabulosa,
689 2731 786 2767 quae

128 2780 171 2804 ex
191 2767 275 2805 solis
296 2772 493 2810 occidentis
518 2774 630 2811 radiis
650 2787 784 2812 nomen

126 2824 316 2872 invenerit,
336 2827 428 2864 dixit
448 2828 474 2864 l.
494 2829 542 2867 H.
556 2831 649 2867 Voss
666 2830 785 2868 Welt-

126 2880 251 2918 kunde
268 2882 335 2919 der
352 2882 459 2921 Alten
480 2898 517 2935 p.
545 2886 645 2924 XXI.
683 2885 781 2925 Add.

852 963 1027 1013 piendum
1046 963 1208 1010 notione,
1232 975 1353 1013 neque
1371 966 1515 999 mutan-

852 1020 940 1057 dum
968 1020 1005 1056 in
1041 1018 1351 1070 κατοικημένην,
1397 1023 1439 1056 ut
1466 1019 1516 1056 ad

854 1079 982 1127 νῆσον
1021 1077 1209 1113 referatur.
1268 1077 1383 1114 Recte
1419 1076 1515 1114 enim

853 1134 903 1170 sic
935 1134 1109 1170 statuisse
1138 1134 1283 1171 videtur
1313 1132 1516 1178 Letronne,

850 1191 977 1226 Journ.
1008 1190 1043 1226 d.
1075 1190 1216 1227 Savans
1243 1192 1352 1231 1817
1387 1203 1423 1240 p.
1448 1190 1517 1237 46,

851 1247 951 1283 cuius
972 1247 1082 1284 verba
1121 1248 1264 1296 potiora
1298 1247 1368 1284 huc
1396 1251 1517 1283 trans-

851 1304 1027 1340 scribam:
1061 1303 1118 1349 „ll
1139 1316 1197 1340 me
1220 1304 1343 1353 paroit
1363 1303 1515 1348 certain,

851 1373 923 1409 que
959 1358 1249 1410 κατοικημένον
1282 1365 1338 1397 est
1369 1360 1414 1396 ici
1441 1372 1514 1397 une

850 1416 1064 1465 tautologie,
1077 1429 1124 1454 au
1138 1429 1270 1465 moyen
1290 1417 1336 1454 de
1348 1416 1382 1453 la
1394 1415 1514 1465 quelle

849 1473 1041 1510 He'rodote
1054 1475 1211 1523 reprend
1223 1474 1255 1510 le
1269 1486 1354 1510 sens
1368 1473 1417 1509 du
1428 1473 1514 1524 pre-

848 1530 980 1566 cedent
1002 1528 1159 1576 οἰκέειν,
1179 1534 1216 1567 et
1237 1534 1334 1567 cette
1354 1529 1514 1566 locution

847 1585 883 1622 n’
907 1598 928 1622 a
950 1587 1025 1623 rien
1058 1587 1106 1624 de
1129 1585 1212 1636 plus
1245 1585 1420 1635 singulier
1441 1599 1514 1635 que

847 1639 1027 1693 ἐχρέοντο
1049 1665 1095 1669 -
1113 1638 1316 1693 χρεόμενοι
1338 1642 1394 1688 11,
1430 1644 1511 1683 108

849 1703 885 1736 et
909 1696 1146 1751 αἱρεόμενον
1171 1720 1220 1727 -
1243 1698 1406 1738 ἑλέσθαι
1431 1699 1514 1747 VII,

853 1757 945 1795 1o.“
974 1755 1073 1793 Add.
1096 1756 1125 1820 J,
1156 1759 1223 1803 67,
1253 1757 1314 1793 ubi
1340 1751 1513 1810 ἐγεγόνε-

850 1824 924 1851 σαν
943 1836 993 1840 -—
1015 1827 1233 1865 γενομενοι.

906 1874 1008 1909 τοῖσι
1045 1869 1118 1917 ἔξω
1144 1867 1394 1921 Ἡρακληΐων
1422 1881 1513 1919 στη-

849 1923 965 1977 λέων]
1016 1927 1118 1964 Cave
1158 1927 1294 1963 scribas
1333 1925 1409 1964 ἔσω
1444 1938 1512 1976 pro

849 1981 934 2030 ἔξω.
965 1983 1048 2021 Vid.
1064 1987 1154 2020 nott.
1174 1984 1221 2020 ad
1242 1982 1287 2028 ll,
1306 1984 1372 2024 33.
1395 1981 1512 2020 Nam-

848 2052 920 2088 que
941 2039 1067 2077 Gades
1089 2044 1192 2078 extra
1214 2039 1400 2076 columnas
1412 2039 1511 2075 Her-

847 2095 968 2133 culeas
989 2097 1100 2134 fuisse
1128 2095 1217 2132 sitas
1249 2108 1357 2133 nemo
1380 2095 1510 2140 nescit,

848 2157 950 2189 extra
969 2153 1095 2190 orbem
1119 2157 1296 2189 terrarum
1311 2181 1322 2198 ,
1352 2156 1392 2188 ut
1413 2150 1510 2188 Livii

847 2213 930 2245 utar
948 2210 1066 2246 verbis
1085 2208 1257 2254 XXVIII,
1274 2210 1341 2255 32,
1361 2208 1511 2246 circum-

846 2267 964 2302 fusam
986 2266 1136 2303 Oceano
1161 2265 1326 2302 insulam.

902 2318 970 2361 τὸν
1009 2319 1052 2361 δὲ
1080 2317 1269 2361 Ὠκεανὸν
1302 2316 1406 2375 λόγῳ
1437 2317 1510 2372 μὲν

845 2377 1004 2431 λέγουσι
1033 2394 1068 2418 κ.
1098 2394 1129 2417 τ.
1160 2378 1204 2428 L]
1252 2378 1312 2416 De
1345 2378 1402 2415 his
1433 2378 1508 2415 vid.

845 2440 936 2472 nott.
975 2436 1023 2472 ad
1060 2435 1115 2482 ll,
1154 2437 1223 2475 21.
1260 2437 1325 2475 23.
1388 2435 1510 2472 Ukert

846 2492 984 2541 Geogr.
1008 2492 1044 2529 d.
1058 2492 1123 2528 Gr.
1145 2491 1173 2538 Ι,
1195 2495 1222 2533 2
1242 2504 1328 2542 pag.
1352 2493 1417 2531 10.
1440 2492 1506 2532 26.

843 2548 1073 2586 Hecataeum
1098 2548 1280 2585 Milesium
1299 2548 1355 2585 hic
1374 2547 1508 2598 respici

844 2605 921 2643 iure
939 2618 1086 2655 quoque
1103 2605 1234 2642 statuit
1254 2604 1429 2642 Klausen.
1458 2603 1507 2640 ad

843 2661 1019 2699 Hecataei
1040 2663 1211 2710 fragmm.
1234 2673 1320 2712 pag.
1341 2663 1408 2701 40.
1444 2659 1506 2698 Tu

843 2719 939 2755 conf.
979 2718 1087 2755 etiam
1124 2722 1218 2754 nott.
1258 2717 1305 2754 ad
1340 2717 1403 2764 lV,
1440 2718 1507 2756 36.

842 2773 895 2811 Ac
927 2775 1048 2823 tangit
1082 2774 1299 2812 Herodotea
1331 2772 1501 2810 Eustath.

842 2831 891 2868 ad
909 2830 1065 2880 Dionys.
1085 2830 1230 2878 Perieg.
1250 2828 1318 2876 41,
1336 2830 1397 2866 ubi
1414 2829 1503 2865 haec

840 2886 1031 2937 leguntur:
1054 2908 1110 2914 ——
1128 2882 1240 2926 καθά
1261 2885 1328 2925 καὶ
1344 2879 1502 2936 Ἡρόδο-
