1904 3304
625 210 971 253 THALIA.
1031 211 1094 250 ΙΙΙ.
1414 207 1499 249 205

228 344 318 373 νων
349 325 422 370 καὶ
450 328 538 368 τῶν
564 322 708 368 ἄλλων
736 322 988 378 ὑποζυγίων
1018 319 1071 364 τά
1099 318 1229 377 μέλεα
1259 315 1501 374 διαταμόν-

228 416 304 450 τας
334 398 393 449 ὥς
420 395 617 451 μέγιστα,
658 397 850 452 κομίζειν
887 394 930 445 ἐς
959 396 1094 436 ταῦτα
1124 389 1176 433 τὰ
1212 390 1370 445 χωρία·
1428 388 1502 431 καί

230 483 342 526 σφεα
370 469 528 517 θέντας
562 464 699 522 α’γχοῦ
728 470 816 509 τῶν
845 464 1099 514 νεοσσιέων,
1146 458 1502 504 ἀπαλλάσσεσθαι

229 543 328 592 ἑκὰς
367 537 552 583 αὐτέων·
600 538 676 589 τὰς
714 538 758 581 δὲ
806 537 989 591 ὄρνιθας
1028 531 1395 587 καταπετομένας,
1447 529 1501 573 τοὶ

227 618 316 658 τῶν
345 610 595 664 ὑποζυγίων
625 610 753 665 μέλεα
784 606 1051 663 ἀναφορέειν
1081 605 1149 649 ἐπὶ
1178 602 1255 655 τάς
1284 600 1499 652 νεοσσιάς·
1518 607 1559 641 15

227 684 304 735 τάς
335 683 403 732 δὲ,
442 680 495 724 οὐ
536 680 782 734 δυναμένας
822 682 974 735 ἴσχειν,
1016 674 1405 732 καταῤῥήγνυσθαι
1436 673 1504 716 ἐπὶ

228 760 335 812 γῆν·
394 752 498 803 τούς
530 753 596 800 δὲ,
627 749 851 802 ἐπιόντας,
884 748 1102 804 συλλέγειν
1135 746 1249 789 οὕτω
1279 746 1326 790 τό
1358 743 1503 789 κιννά-

233 841 402 883 μωμον·
448 822 763 879 συλλεγόμενον
793 822 838 866 δὲ
869 820 915 864 έκ
944 819 1115 863 τούτων
1149 816 1430 861 ἀπικνέεσθαι
1461 815 1504 867 ές

231 899 307 949 τοὶς
338 896 467 946 ἄλλοις
496 894 651 949 χώρας.
715 892 774 936 Τό
807 893 852 936 δὲ
881 891 934 948 δὴ
965 888 1179 946 λήδανον,
1208 887 1258 931 τὸ
1289 889 1713 959 καλέουσιὲοξωιιιζιωῃ
1731 896 1839 958 ἐὶειῖιιῖιέ

229 968 420 1024 Ἀράβιοι
456 966 669 1013 λάδανον,
710 965 769 1008 ἔτι
805 962 966 1006 τούτου
996 957 1371 1015 θωυμασιιότερον
1399 960 1506 1014 γίνε-
1563 941 1840 993 ciliihiulzndhaere-

232 1055 320 1084 ται·
361 1038 407 1082 έν
437 1036 521 1093 γάρ
562 1032 873 1091 δυσοδμοτάτῳ
911 1031 1169 1088 γινόμενον,
1211 1029 1509 1075 εὐωδέστατόν
1563 1033 1842 1063 ῑῑ“08“511·““””3

86 905 184 952 112

1564 1008 1662 1033 scens,
1673 999 1765 1026 veluti
1775 999 1840 1032 glu-

1566 1067 1698 1102 depastis
1724 1065 1842 1094 frutici-

204 1112 340 1155 Ξέστι.
397 1113 486 1153 τῶν
513 1108 596 1164 γάρ
629 1110 766 1164 αἰγῶν
794 1109 884 1149 τῶν
912 1102 1083 1159 τράγων
1110 1104 1157 1147 ἐν
1185 1108 1300 1146 τοῖσι
1329 1101 1510 1157 πώγωσι
1567 1101 1631 1129 ”¹¹⁸-

235 1180 476 1236 εὑρίσκεται
500 1179 801 1236 ἐγγινόμενον,
835 1173 933 1218 οἷον
962 1174 1131 1230 γλοιὸς,
1165 1173 1253 1218 dato*
1285 1176 1361 1229 τῆς
1389 1172 1508 1229 ὕλης.

236 1253 447 1309 χρήσιμον
478 1250 521 1294 δ’
553 1250 594 1301 ἐς
625 1248 764 1293 πολλοὶ
794 1251 882 1291 τῶν
913 1247 1066 1302 μύρων
1099 1247 1213 1290 ἐστί·
1252 1245 1446 1300 θυμιῶσί
1467 1259 1511 1288 τε

93 1329 191 1376 113
237 1322 420 1378 μάλιστα
460 1325 591 1365 τοῦτο
629 1319 833 1378 Ἀράβιοι.
897 1321 1097 1362 Τοσαῦτα
1137 1317 1216 1374 μὲν
1251 1314 1556 1371 θυωμάτωνὲὅ
1570 1310 1846 1373 ξῇζξξζυεξξξξῗῶξ

903 1467 1057 1505 rendum
1079 1465 1137 1512 sit,
1156 1477 1264 1502 mane
1284 1478 1327 1502 eo
1349 1464 1487 1501 ducunt
1507 1476 1569 1500 ca-

903 1537 990 1574 prns
1021 1523 1209 1567 hircosve,
1241 1534 1396 1570 quorum
1429 1520 1568 1557 barbae

904 1580 1024 1617 resina
1062 1578 1319 1624 adhaerescat,
1359 1577 1428 1613 hoc
1460 1577 1572 1614 modo

905 1636 1094 1686 capienda.
1150 1634 1201 1671 Et
1220 1635 1314 1671 hanc
1343 1633 1572 1682 colligendae

182 1463 376 1517 πετάομαι
400 1467 609 1505 recentioris
635 1468 765 1505 aetatis
787 1481 846 1506 es-

183 1538 222 1561 se
244 1525 480 1574 pronuntiant
492 1524 672 1560 Matthiae
690 1530 723 1562 et
735 1526 845 1561 Butt-

181 1593 303 1618 mann.
342 1579 455 1617 Panlo
475 1585 558 1629 post
579 1594 656 1616 curn
678 1581 845 1630 Schwgh.

184 1643 219 1675 et
234 1637 350 1673 Gaisf.
376 1637 501 1686 scripsi
521 1638 598 1674 τῶν
619 1634 848 1689 ὑποζυγίων

183 1689 230 1732 τά
266 1691 380 1744 μέλεα
402 1706 488 1743 pro:
536 1688 670 1731 αὐτῶν
705 1691 751 1732 τά
784 1692 850 1744 με’-

186 1753 253 1789 lm
271 1751 350 1788 τῶν
370 1747 596 1801 ὑποζυγίων
616 1755 651 1786 et
663 1750 772 1800 paulo
794 1752 850 1787 in-

188 1808 243 1843 fra
292 1805 455 1843 voculam
495 1802 567 1857 μὲν
607 1812 691 1856 post
732 1803 850 1855 οὕτω,

188 1876 297 1911 quam
346 1863 467 1913 plures
517 1863 624 1900 codd.
665 1863 851 1913 ignorant,

188 1919 313 1956 abieci.

388 1975 419 2012 c
433 1988 453 2012 a
464 1989 501 2026 p.
536 1975 651 2012 exn.

251 2042 301 2085 T&
322 2043 363 2085 δὲ
392 2043 442 2096 δή
473 2042 677 2097 λήδανον,
708 2042 751 2084 τό
783 2061 852 2084 κα-

190 2100 320 2142 λέουσι
343 2098 523 2153 Ἀράβιοι
546 2099 738 2153 λάδανον]
761 2102 852 2139 Vul-

189 2173 257 2209 go:
285 2154 464 2210 Ἀράβιοι
490 2158 689 2198 καλέουσι.
742 2157 853 2203 Quod

190 2229 256 2253 nos
283 2217 463 2262 dedimus,
494 2229 514 2254 e
542 2216 754 2253 Florentino
784 2217 854 2252 ssu-

190 2273 251 2309 xit.
290 2272 347 2309 De
369 2272 494 2309 ledano
514 2273 597 2309 hine
616 2272 782 2309 Eustath.
804 2272 854 2308 ad

190 2328 341 2366 Homer.
364 2343 400 2379 p.
417 2329 574 2375 1147‚3
593 2343 622 2365 s.
646 2330 766 2374 1199,
788 2331 853 2369 37.

194 2383 289 2421 Add.
311 2384 516 2422 Dioscorid.
538 2386 565 2432 l,
589 2387 678 2425 128.
698 2385 851 2422 Plin.H.

194 2439 243 2477 N.
264 2441 345 2487 ΧΠ,
371 2443 432 2481 17.
453 2442 587 2492 λῆδος,
622 2455 651 2479 s.
673 2438 852 2492 λήδανον

198 2501 284 2553 (1:5¹7
299 2528 350 2534 ·—
369 2496 481 2559 0075)
502 2511 642 2548 resinae
661 2515 715 2548 est
736 2523 853 2559 genus

199 2563 293 2600 bene
312 2563 460 2611 olentis,
490 2579 584 2614 quae
609 2568 644 2603 in
663 2568 853 2604 frondibus

202 2620 282 2654 cisti
311 2619 449 2666 Cretici,
479 2623 576 2670 sive,
607 2628 646 2660 ut
672 2623 749 2660 aliis
777 2623 856 2674 pla-

202 2678 279 2719 cet,
309 2677 390 2711 cisti
408 2675 627 2728 Laclamjferz'
647 2677 857 2730 (utrumque

202 2730 296 2766 enim
320 2730 613 2779 distinguendum
631 2749 711 2774 esse
731 2740 857 2773 monet

201 2785 316 2833 Miot)
343 2787 544 2836 invenitur,
573 2804 741 2842 quaeque
769 2792 854 2829 solis

200 2842 309 2879 radiis
340 2855 387 2880 ne
419 2851 648 2885 consumatur
678 2861 757 2887 cum
792 2862 855 2887 ve-

906 1693 1049 1730 resinae
1080 1691 1258 1728 rationem
1287 1690 1489 1739 antiquitus
1518 1690 1570 1726 ita

904 1749 1063 1786 valuisse
1085 1748 1223 1793 dicunt,
1242 1751 1280 1783 ut
1292 1747 1478 1784 verissime
1491 1746 1572 1784 No-

907 1810 982 1843 ster
1003 1804 1169 1842 retulisse
1189 1803 1302 1840 videri
1324 1803 1469 1841 debeat.
1528 1802 1569 1839 ln

907 1863 1047 1900 oriente
1092 1861 1285 1898 adhibetur
1317 1859 1365 1896 ad
1404 1871 1571 1909 unguen-

908 1924 1007 1965 tum,
1037 1931 1105 1955 nec
1132 1918 1251 1954 minor
1270 1918 1347 1954 eius
1368 1929 1452 1952 usus
1474 1917 1511 1952 in
1530 1928 1571 1953 re

908 1976 1060 2013 medica.
1100 1974 1183 2010 vid.
1213 1973 1375 2010 Heeren.
1406 1972 1517 2010 ldeen
1540 1971 1568 2018 1,

909 2036 936 2073 2
966 2044 1052 2081 pag.
1082 2032 1148 2069 99.
1179 2027 1446 2066 Rosenrniiller.
1473 2027 1569 2065 Bibl.

907 2086 1146 2135 Archaeolog.
1164 2085 1211 2131 ll,
1227 2088 1247 2125 1
1272 2097 1359 2135 pag.
1376 2085 1453 2124 156
1466 2097 1571 2133 seqq.

909 2143 1138 2182 Recentioris
1164 2142 1293 2178 aetatis
1320 2141 1577 2191 peregrinato-

909 2214 987 2237 rum
1009 2199 1149 2248 aliquot
1171 2197 1380 2235 testimonia
1406 2196 1574 2235 excitavit

908 2256 1082 2293 Larcher.
1136 2253 1234 2291 Italis
1269 2253 1387 2291 adhuc
1426 2257 1575 2291 vocatur

911 2313 1071 2350 lanciano
1090 2312 1165 2349 sive
1188 2310 1331 2348 ίαάαιιο.

964 2398 1046 2435 τῶν
1059 2394 1184 2447 αἰγῶν
1204 2397 1284 2434 τῶν
1301 2389 1474 2446 τράγων]
1488 2392 1572 2430 Ma-

908 2453 974 2490 luit
1019 2452 1238 2502 Wesseling.
1289 2452 1447 2488 scribere
1483 2447 1570 2489 καὶ

909 2512 988 2548 τῶν
1009 2505 1177 2560 τράγων,
1191 2509 1306 2547 5.·ιῶν
1324 2521 1374 2546 τε
1395 2502 1572 2559 τράγων,-

911 2579 984 2615 quo
1012 2570 1145 2603 neutro
1175 2578 1290 2615 opus,
1320 2577 1399 2601 cum
1429 2565 1458 2600 is
1489 2575 1572 2600 ver-

912 2623 1040 2660 borum
1070 2624 1118 2659 sit
1147 2623 1260 2659 ordo:
1291 2619 1333 2660 ἒν
1361 2623 1461 2659 τοῖσι
1490 2614 1572 2657 ποό-

913 2691 1011 2730 γωσι
1039 2681 1121 2716 τῶν
1150 2674 1305 2729 τράγων
1328 2679 1407 2715 τῶν
1433 2676 1570 2725 αι’γῶν.

913 2736 1022 2773 Conf.
1042 2735 1245 2783 Schweigh.
1266 2734 1410 2771 Daniel.
1423 2731 1569 2780 V111,5.

913 2793 950 2833 8.
973 2794 1040 2837 21,
1069 2792 1131 2828 ubi
1155 2795 1272 2828 exstat
1297 2788 1321 2828 ὁ
1343 2784 1486 2842 τράγος
1510 2786 1570 2826 αἰ·

911 2850 1005 2900 γῶν,
1035 2860 1062 2884 s.
1081 2849 1163 2886 τῶν
1186 2846 1324 2900 αἰγῶν.
