1904 3304
251 261 336 301 654
725 260 1278 300 EXCURSUSV

253 385 403 422 mosque
421 385 486 423 per
503 371 627 410 Asiam
649 376 763 410 artem
791 372 1010 409 metallorum
1030 371 1306 421 effodiendorum
1325 375 1526 413 exercuisse
1543 374 1678 420 videri;
1716 379 1758 410 ut

254 441 358 478 huius
380 440 445 477 viri
469 441 564 478 docti
587 441 718 478 iudicio
737 441 969 491 Gryphorum
989 452 1116 477 aurum
1137 439 1272 477 nullum
1293 439 1390 477 aliud
1409 442 1605 480 existimari
1624 442 1758 480 debeat

254 509 324 545 nisi
352 521 478 546 aurum
508 521 528 545 e
560 507 711 546 metallis
730 521 760 545 s.
778 509 913 546 fodinis
934 508 1162 558 acquisitum.
1207 508 1312 552 Quae
1334 522 1423 557 gens
1444 512 1596 549 maxime
1617 513 1757 548 remota

250 580 439 628 minusque
461 578 606 626 cognita
625 589 704 614 cum
723 577 847 623 suerit,
877 577 1024 623 sactum,
1055 580 1106 623 ut,
1136 588 1230 625 quae
1250 576 1296 613 de
1321 576 1387 613 hae
1411 580 1523 625 gente
1539 579 1628 615 mira
1649 589 1757 629 prae-

250 647 478 691 dicarentur,
509 657 590 682 cum
617 644 738 681 fabula
767 646 814 682 (le
838 645 897 682 avi
918 644 1071 694 Gryplio
1097 655 1180 680 mox
1209 644 1518 682 confunderentur
1540 650 1575 683 et
1595 647 1633 682 in
1650 656 1757 682 unam

251 713 403 750 eandem
430 713 536 761 quasi
566 711 810 749 coalescerent
835 711 993 749 fabulam
1006 713 1057 757 Ὀ.
1123 711 1176 748 Ac
1207 724 1295 748 sane
1326 723 1433 760 quam
1455 713 1608 750 maxime
1628 716 1756 750 tenen-

253 782 360 827 dum,
396 781 442 817 de
470 780 511 816 iis
543 779 601 816 hic
632 781 693 828 agi
724 780 850 826 terris,
880 791 975 828 quae
1002 779 1204 816 fabularum
1235 792 1301 829 per
1329 792 1472 817 omnem
1492 781 1568 818 sere
1585 780 1759 818 orientem

254 860 460 899 sparsarum
489 847 622 884 suerint
646 848 889 886 feracissimae
914 848 1081 896 adeoque
1099 850 1293 897 parentes,
1323 849 1443 895 unde,
1472 861 1567 898 quae
1590 848 1628 884 in
1649 847 1762 884 Indo-

254 929 333 952 rum
361 914 628 964 Persarumque
655 916 788 964 mythis
818 915 1065 966 reperiantur,
1098 914 1274 965 pleraque
1299 915 1370 952 sint
1399 916 1608 966 repetenda.
1663 914 1760 952 Nam

254 983 378 1021 fabula
401 984 448 1021 de
467 982 628 1032 Gryphis
650 983 697 1020 ad
727 984 876 1020 easdem
896 982 1004 1020 Asiae
1025 983 1192 1031 regiones
1221 983 1437 1032 pertinebit,
1471 985 1519 1021 ad
1542 995 1632 1032 quas
1656 983 1762 1019 fabu-

254 1051 326 1087 lam
346 1050 392 1088 de
412 1050 568 1087 formicis
591 1049 664 1095 ΙΙΙ,
697 1052 775 1092 102
802 1051 1038 1100 relegandam
1064 1051 1290 1097 censuimus,
1321 1051 1369 1087 ad
1395 1050 1473 1087 loca
1498 1053 1567 1089 ista
1593 1053 1762 1090 sabulosa

255 1118 505 1167 montiumque
535 1118 643 1167 iuga,
673 1131 767 1168 quae
801 1131 844 1156 ex
864 1119 1056 1156 Persarum
1084 1119 1307 1166 aliarumque
1329 1120 1478 1156 orientis
1500 1121 1660 1168 gentium
1683 1119 1763 1171 opi-

255 1187 364 1223 nione
385 1190 561 1224 terrarum
580 1187 706 1223 orbem
729 1186 897 1223 claudere
918 1189 956 1222 et
975 1185 1079 1234 quasi
1099 1185 1364 1223 conterminare
1383 1187 1617 1236 putabantur.
1656 1188 1765 1224 conf.

254 1253 416 1291 IIeeren.
447 1252 559 1290 Ideen
592 1253 630 1300 Ι,
665 1256 683 1292 1
716 1267 752 1304 p.
781 1256 833 1293 93
863 1266 966 1302 seqq.
997 1251 1090 1292 342.
1121 1253 1158 1300 Ι,
1190 1256 1216 1293 2
1243 1267 1279 1303 p·
1299 1255 1379 1294 286
1402 1267 1506 1304 seqq.
1533 1254 1610 1293 coll.
1630 1255 1765 1293 Ritter.

254 1320 427 1357 Vorhalle
455 1324 521 1357 etc.
552 1332 636 1370 pag.
658 1322 742 1361 226
771 1334 848 1371 seq.
896 1321 988 1359 Inde
1007 1320 1056 1357 nil
1073 1320 1224 1367 mirum,
1255 1320 1290 1357 in
1314 1322 1502 1360 ruderibus
1525 1322 1766 1373 Persepolita-

255 1388 310 1425 nis
331 1388 524 1438 Gryphum
552 1400 656 1425 avem
688 1389 872 1440 hodieque
900 1392 1214 1441 repraesentatam
1241 1390 1422 1439 conspici,
1452 1392 1596 1440 qualem
1620 1390 1766 1429 Ctesias

255 1455 277 1492 l.
311 1455 333 1492 l.
360 1456 572 1506 descripsit,
602 1456 786 1495 indicante
804 1459 965 1496 Heeren.
990 1458 1013 1495 l.
1038 1457 1060 1494 l.
1080 1457 1114 1504 l,
1149 1459 1166 1495 1
1198 1470 1235 1506 p.
1255 1458 1350 1497 239.
1389 1457 1629 1506 Maltebrun.‚
1659 1470 1768 1508 quem

256 1522 415 1560 fabulam
451 1523 498 1560 de
533 1524 691 1561 formicis
725 1538 843 1576 aeque
875 1540 917 1564 ac
954 1527 1001 1564 de
1033 1524 1184 1575 gryphis
1222 1525 1404 1574 copiosius
1446 1531 1623 1565 tractasse
1660 1539 1770 1578 supra

258 1591 433 1637 diximus,
474 1591 521 1629 de
542 1593 691 1642 gryphis
721 1594 826 1632 aliter
848 1607 997 1645 prorsus
1026 1593 1153 1630 statuit
1183 1591 1379 1637 (Nouvell.
1406 1592 1547 1631 Annall.
1569 1596 1604 1632 d.
1627 1594 1767 1644 Voyag.

260 1658 294 1695 ΙΙ
312 1670 399 1709 pag.
419 1661 500 1700 380
517 1661 652 1708 seqq.).
690 1660 862 1712 Namque
879 1664 914 1700 in
933 1662 1139 1706 montibus,
1169 1659 1229 1696 ubi
1250 1659 1328 1696 Indi
1345 1661 1443 1697 ssuvii
1463 1663 1533 1699 sint
1551 1662 1675 1701 sontes
1693 1676 1771 1701 me-

261 1726 422 1776 tallaque
442 1739 563 1774 aurea,
592 1728 729 1777 aquilas
748 1743 893 1780 quoque
913 1730 1023 1767 fuisse
1045 1731 1147 1778 putat
1158 1726 1389 1776 vulturesque
1412 1730 1568 1767 enormis
1586 1731 1771 1780 magnitu-

263 1795 378 1840 dinis,
402 1794 511 1831 Indos
529 1807 615 1831 vero
633 1795 811 1842 homines,
833 1799 943 1847 quiin
959 1797 1012 1834 his
1033 1794 1187 1833 metallis
1205 1807 1296 1844 opus
1316 1796 1488 1844 facerent,
1515 1798 1631 1836 multa
1651 1799 1698 1836 de
1713 1798 1770 1835 his

262 1862 389 1899 avibus
406 1874 592 1899 enarrasse
609 1863 811 1914 mirumque
829 1867 865 1902 in
881 1866 1026 1902 modum
1042 1875 1305 1913 exaggerasse3
1340 1877 1424 1901 mox
1444 1866 1576 1903 additis
1598 1866 1653 1912 iis,
1675 1877 1770 1915 quae

265 1930 312 1967 de
334 1929 501 1980 periculis
522 1930 707 1969 hominum
725 1933 762 1968 in
783 1933 850 1969 illis
872 1933 1024 1970 metallis
1044 1933 1286 1970 laborantium
1307 1935 1382 1970 sive
1400 1945 1466 1981 per
1485 1934 1628 1971 deserta
1646 1933 1681 1971 T
1685 1933 1772 1971 ibeti

263 2009 397 2047 parvae
427 2009 468 2034 ac
484 1998 687 2038 Buchariae
717 2001 1023 2050 proficiscentium
1043 2002 1089 2038 ab
1108 2000 1185 2037 istis
1208 2002 1296 2051 ipsis
1318 2000 1429 2038 beluis
1450 2001 1639 2038 ferrentur.
1690 2000 1774 2039 No-

264 2069 338 2101 stra
360 2065 453 2102 adeo
479 2068 652 2105 memoria
676 2069 712 2105 in
733 2069 897 2107 Siberiae
927 2068 1051 2106 insulis
1072 2069 1146 2106 avis
1176 2069 1360 2107 cuiusdam
1383 2069 1539 2118 ingentis
1562 2081 1647 2107 ossa
1669 2069 1772 2106 dete-

265 2136 323 2170 cta
352 2145 454 2179 esse3
493 2147 601 2183 quam
632 2135 716 2174 olim
747 2149 895 2186 quoque
922 2138 958 2173 in
979 2137 1069 2174 Imai
1097 2136 1282 2173 montibus
1305 2137 1503 2184 exstitisse,
1544 2137 1632 2174 nihil
1663 2137 1775 2174 abso-

264 2212 361 2237 num.
412 2200 537 2238 Linkii
568 2205 788 2242 sententiam
819 2204 988 2256 (Urwelt
1006 2217 1091 2256 pag.
1114 2206 1246 2253 259),
1283 2206 1355 2255 qua
1377 2204 1534 2242 fabulam
1560 2206 1607 2243 de
1625 2204 1774 2255 gryphis

265 2281 346 2304 cum
376 2269 497 2306 fabula
520 2269 567 2308 de
593 2272 749 2310 formicis
766 2277 852 2324 post
875 2275 1062 2311 confusam
1087 2285 1307 2322 omnemque
1331 2274 1368 2310 in
1392 2273 1520 2312 Indiae
1542 2277 1660 2311 terras
1682 2272 1773 2310 rele-

358 2432 440 2466 pag.
465 2421 564 2464 589.)
598 2421 757 2454 Vfflcker.
786 2422 807 2454 l.
832 2422 854 2455 l.
889 2433 966 2467 pag.
994 2422 1082 2465 189,
1116 2433 1204 2466 quae
1231 2421 1428 2455 Herodotus
1462 2421 1578 2454 tradat
1611 2421 1654 2454 de
1678 2421 1771 2465 Gry-

360 2478 437 2523 phis
462 2477 692 2523 Arimaspisve
720 2490 902 2524 eorumque
937 2491 1042 2519 auro,
1085 2490 1126 2512 ea
1157 2478 1320 2512 historico
1356 2478 1572 2511 fundamento
1605 2477 1704 2511 inniti
1739 2483 1774 2511 et

361 2534 434 2568 veri
455 2534 535 2579 quid
562 2535 734 2569 continere
760 2541 873 2578 ratus,
898 2538 982 2571 lianc
1007 2542 1133 2571 terram
1158 2537 1200 2569 ab
1224 2536 1276 2569 his
1299 2536 1458 2580 gentibus
1477 2534 1657 2576 incultam,
1684 2533 1774 2568 auri-

362 2594 487 2635 feram,
513 2594 600 2627 unde
625 2604 739 2626 aurum
765 2593 808 2626 ad
834 2593 988 2626 Graecos
1014 2593 1176 2627 Ponticos
1201 2593 1337 2627 allatum
1362 2592 1485 2633 fuerit,
1510 2591 1544 2625 in
1568 2592 1649 2626 Asia
1673 2604 1774 2637 supe-

362 2651 445 2685 riori
470 2651 564 2684 circa
587 2653 715 2684 montes
739 2650 827 2683 Altai
853 2651 969 2694 quaeri
996 2651 1079 2685 vult.

320 2721 353 2763 ⁸)
377 2720 466 2753 Hinc
492 2719 581 2753 Mela
606 2719 660 2760 ΙΙ,
687 2720 724 2759 1,
752 2720 810 2752 11:
844 2739 887 2742 —-
936 2725 1014 2761 „est
1038 2720 1133 2763 regio
1158 2719 1239 2753 ditis
1264 2717 1437 2751 admodum
1463 2717 1544 2758 soli,
1568 2716 1775 2750 inhabitabi-

363 2776 404 2810 lis
438 2781 565 2809 tamen:
608 2776 686 2821 quia
715 2774 853 2820 Gryplii
886 2787 1022 2810 saevum
1056 2788 1096 2810 ac
1128 2776 1285 2821 pertinax
1318 2775 1463 2808 serarum
1496 2785 1626 2818 genuS‚
1659 2784 1775 2807 aurum

364 2838 457 2867 terra
487 2833 620 2878 penitus
654 2838 805 2878 egestum
837 2833 921 2867 mire
951 2840 1064 2868 amant
1096 2834 1247 2877 mireque
1276 2832 1469 2867 custodiunt
1496 2837 1531 2865 et
1555 2836 1633 2864 sunt
1661 2830 1777 2864 infesti

367 2890 652 2935 attingentibus.“
