1904 3304
581 283 928 326 THALIA.
987 283 1048 322 111.

1390 283 1446 322 57

150 682 318 734 ἳλάσας
337 683 402 730 δὲ,
435 679 526 725 εἶπε
547 681 656 735 πρὸς
678 680 782 732 τούς
803 679 920 733 ἱρέας
935 694 943 703 ·
996 680 1084 728 ,,ᾩ,
1104 676 1234 721 κακαὶ
1252 676 1450 732 κεφαλαὶ,

179 758 375 798 τοιοῦτοι
416 753 514 796 θεοὶ
555 754 779 807 γίνονται,
824 750 994 806 ἔναιμοί
1022 765 1066 792 τε
1095 748 1169 793 καὶ
1199 745 1452 803 σαρκώδεες.
1464 753 1508 787 30

180 826 254 870 καὶ
283 826 508 877 ἐπαΐοντες
538 826 771 882 σιδηρίωνῑ
811 821 932 875 ἄξιος
951 821 1029 878 μὲν
1048 821 1300 876 Αἰγυπτίων
1323 816 1453 870 οὑτός

125 1014 207 1051 vol.
227 1014 252 1051 Ι.
273 1027 351 1064 cap.
365 1013 400 1053 5.
426 1011 460 1064 ἓ.
481 1016 506 1054 6
525 1027 559 1064 p.
572 1016 625 1054 29
645 1015 788 1064 seqq.)3

126 1071 261 1109 deinde
280 1071 449 1120 quoniam
468 1071 595 1120 Apidis
615 1073 788 1121 periodus

125 1127 381 1175 chronologica
397 1127 522 1176 viginti
542 1127 703 1177 quinque
723 1140 789 1165 an-

124 1197 253 1221 norum
287 1183 423 1220 inclusa
461 1189 538 1221 erat
571 1184 607 1220 in
636 1185 789 1235 periodo

124 1240 310 1292 phoenicis
325 1239 504 1277 MCCCC
522 1253 711 1277 annorum.
734 1241 791 1278 De

126 1297 181 1334 his
207 1297 368 1347 periodis
391 1296 462 1333 vid.
492 1296 693 1335 Marshami
717 1298 792 1334 Ca-

126 1366 211 1391 non.
233 1353 355 1390 chron.
377 1365 462 1403 pag.
488 1355 523 1392 9.
564 1354 792 1391 Dornedden

127 1409 398 1447 neue'l'heorie
425 1423 459 1459 p.
483 1409 534 1449 85
569 1414 604 1447 et
635 1410 790 1447 Iomard.

129 1467 166 1503 in
185 1465 311 1503 Descr.
333 1466 379 1503 de
402 1465 495 1514 l'Eg.
516 1466 625 1502 Votl
644 1467 792 1515 Antiqq.

129 1536 185 1574 cp.
206 1523 230 1562 5
253 1519 288 1571 §.
310 1522 334 1562 5
355 1535 390 1572 p.
410 1523 505 1561 28ss
548 1522 762 1559 Creuzer.

186 1577 251 1617 ἐπὶ
283 1575 324 1616 δὲ
355 1580 404 1632 τῇ
433 1574 590 1633 γλώσσῃ
623 1575 792 1618 κάνθα-

131 1633 218 1686 ρον]
259 1634 437 1684 Porphyr.
459 1637 556 1685 apud
576 1636 709 1673 Euseb.
732 1636 791 1673 Pr.

129 1692 271 1740 Evang.
302 1691 365 1736 ΙΙΙ,
397 1692 447 1732 13
482 1692 592 1730 habet
619 1688 717 1731 ’ὑπὸ
744 1693 794 1745 τῇ

130 1744 282 1802 γλώττῃ
310 1744 540 1796 κάνθαρος,
580 1762 646 1787 nec
673 1749 793 1795 aliter,

131 1818 238 1855 quem
253 1818 331 1842 cum
348 1804 408 1841 illo
430 1805 519 1842 citat
530 1805 698 1852 lVessel„
721 1805 795 1842 Pli-

131 1863 212 1899 nius
234 1861 281 1897 H.
295 1861 344 1898 N.
363 1861 460 1907 Vlll,
474 1860 567 1912 (71)
581 1862 656 1903 46;
687 1861 795 1909 „No-

133 1919 200 1955 dus
226 1919 288 1954 sub
321 1918 469 1966 lingua,
509 1932 615 1967 quem
644 1919 795 1956 cantha-

133 1988 213 2012 rum
233 1974 457 2024 adpellant.“
505 1975 617 2013 Unde
636 1989 717 2012 cum
739 1975 796 2011 la-

133 2031 303 2068 blonskio
322 2032 357 2066 in
371 2031 566 2069 Herodoto
585 2033 691 2068 scribi
714 2032 794 2081 quis

133 2144 281 2182 modum
316 2144 578 2193 interpretatus
616 2150 671 2181 est
703 2144 795 2181 Lar-

134 2201 280 2238 cherus:
320 2213 399 2235 sous
429 2200 467 2236 la
495 2201 637 2249 langue.
697 2201 797 2237 Can-

134 2257 276 2294 tharum
310 2262 430 2293 autem
458 2258 533 2294 sive
562 2258 796 2294 scarabaeum

134 2313 396 2364 Aegyptiorum
435 2314 470 2350 in
499 2314 666 2350 doctrina
697 2325 798 2350 sacra

136 2369 221 2406 solis
257 2383 299 2406 ac
345 2370 433 2407 lucis
477 2371 638 2419 indeque
681 2371 798 2406 omnis

137 2426 387 2475 generationis
434 2427 603 2475 vitaeque
653 2428 800 2475 symbo-

136 2482 210 2519 lum
245 2483 369 2520 haberi
402 2496 497 2520 nunc
525 2485 613 2520 satis
645 2487 797 2520 constat.

139 2539 212 2582 Qui
234 2539 329 2576 idem
349 2540 435 2577 inde
453 2541 488 2576 in
503 2540 703 2590 hypogaeis
723 2552 801 2576 rnu-

139 2595 263 2632 miisve
284 2597 464 2633 invenitur
491 2597 683 2645 frequens,
723 2596 800 2632 ani-

140 2663 220 2688 mae
234 2652 269 2688 in
284 2665 473 2702 corporum
494 2667 521 2688 s.
536 2654 707 2690 materiae
720 2666 799 2689 mu-

140 2707 279 2745 tatione
311 2721 384 2745 non
418 2709 616 2746 exstinctae
645 2710 799 2758 signum.

140 2763 300 2800 Plurima
326 2765 418 2802 hanc
445 2767 480 2802 in
511 2779 587 2803 rem
613 2766 743 2803 CreuZ.
767 2766 803 2802 in

143 2819 303 2867 Symbol.
325 2821 340 2856 Ι
369 2835 403 2871 p.
425 2822 506 2863 489
528 2835 630 2871 seqq.
690 2822 738 2859 At
763 2822 805 2858 li-

142 2876 196 2912 bri
217 2876 342 2926 seripti
362 2883 400 2914 et
423 2879 511 2915 editi
529 2892 655 2916 omnes
676 2879 806 2916 adver-

143 2937 290 2978 santur,
330 2933 460 2983 quibus
496 2935 615 2972 invitis
649 2935 734 2972 nihil
769 2936 806 2972 in

845 1013 978 1050 talibus
1007 1024 1142 1049 novare
1170 1011 1336 1048 audeam.
1364 1031 1419 1036 —
1449 1008 1509 1046 Ad

845 1070 956 1107 verba
974 1068 1137 1119 proxime
1155 1066 1413 1105 antecedentia
1439 1063 1510 1111 τοῖς

845 1127 979 1177 τρίχας
1020 1125 1163 1170 διπλοῖς
1194 1123 1400 1161 Larcherus
1431 1122 1510 1159 lau-

847 1185 912 1220 dat
933 1181 1124 1219 Scholiast.
1147 1181 1300 1218 Ptolem.
1322 1181 1357 1217 in
1379 1179 1512 1216 Tetra-

846 1239 932 1277 bibl.
953 1251 1038 1289 pag.
1061 1241 1108 1284 2,
1149 1238 1210 1287 qui
1234 1237 1334 1274 bovis
1356 1237 1510 1272 caudam

848 1296 1048 1334 secundum
1068 1295 1190 1332 lunam
1210 1306 1372 1331 crescere
1391 1297 1428 1330 et
1447 1293 1512 1330 de·

849 1364 1009 1391 crescere
1035 1352 1132 1388 dicit.

1043 1408 1152 1458 Cap.
1192 1407 1327 1444 XXIX.

895 1460 960 1504 οἷα
979 1460 1055 1503 ε’ω“ν
1076 1458 1514 1516 ὑπομαργότερος]

850 1523 872 1559 i.
897 1536 927 1559 e.
942 1521 1041 1558 haud
1056 1535 1202 1571 prorsus
1227 1522 1353 1557 mentis
1373 1533 1515 1570 compos.

850 1580 957 1616 Conf.
978 1577 1040 1623 ΙΙΙ,
1067 1577 1155 1619 145.
1178 1578 1241 1623 Vt,
1261 1576 1325 1617 75.
1353 1577 1516 1614 Descen-

850 1636 903 1672 dit
921 1647 943 1672 a
964 1630 1113 1685 μάργος
1141 1637 1322 1681 (vasatum,
1353 1633 1515 1682 avidus),

850 1692 897 1729 de
933 1704 1005 1740 quo
1032 1691 1238 1728 Blomfield.
1281 1691 1318 1727 in
1351 1690 1514 1727 Glossar.

850 1749 898 1785 ad
919 1747 1085 1796 Aeschyl.
1114 1747 1298 1785 Prometh.
1323 1748 1416 1787 909.
1457 1746 1517 1783 Ad

852 1800 1104 1854 σπεισάμενος
1129 1805 1223 1840 conf.
1248 1809 1339 1841 nott.
1364 1804 1411 1840 ad
1430 1803 1518 1841 Plu-

851 1861 964 1899 tarch.
986 1861 1208 1911 Philopoem.
1234 1874 1317 1911 pag.
1338 1861 1402 1900 26.

908 1918 1017 1956 παίει
1047 1914 1117 1955 *cdv
1145 1914 1290 1968 μηρόν]
1335 1917 1516 1965 Congruit

851 1974 1029 2011 Plutarch.
1051 1974 1108 2011 De
1126 1974 1212 2010 Isid.
1233 1979 1271 2012 et
1291 1973 1386 2010 Osir.
1406 1972 1441 2024 ἓ.
1461 1972 1516 2014 44

852 2045 889 2082 p.
909 2034 990 2072 368
1009 2031 1051 2067 F.
1086 2030 1224 2068 Aelian.
1252 2030 1294 2067 V.
1315 2030 1363 2066 H.
1382 2030 1445 2076 VI,
1468 2033 1516 2077 83

854 2088 901 2124 de
918 2087 1021 2124 Ocho
1040 2087 1154 2124 simile
1174 2088 1260 2136 quid
1279 2091 1518 2137 perpetrante

854 2144 950 2179 idem
972 2143 1184 2180 Plutarchus
1213 2144 1234 2180 l.
1256 2143 1275 2179 l.
1301 2141 1336 2193 ἓ.
1357 2144 1408 2182 31
1431 2157 1517 2193 pag.

854 2201 936 2240 363
966 2200 1006 2236 C.
1058 2199 1186 2236 Attulit
1224 2200 1313 2236 haec
1344 2198 1517 2236 Valcken.

855 2255 1005 2293 Darium
1015 2256 1214 2306 Hystaspis
1237 2256 1341 2293 aliter
1360 2257 1519 2293 sensisse

856 2325 1008 2349 monens
1040 2325 1059 2348 e
1090 2312 1243 2349 Diodor.
1268 2313 1305 2359 I,
1344 2311 1407 2352 95.
1445 2312 1520 2349 Po-

855 2369 970 2417 lyaen.
997 2368 1077 2415 VH,
1106 2373 1156 2409 10
1180 2366 1217 2418 ᾗ.
1239 2371 1274 2408 7.

912 2424 1116 2471 ἐπαΐοντες
1140 2423 1346 2476 σιδηρίων]
1365 2426 1386 2462 i.
1399 2439 1430 2463 e.
1444 2439 1522 2463 sen-

856 2484 980 2519 tientes
1010 2484 1117 2518 ictum
1137 2481 1242 2532 ferri.
1283 2482 1436 2521 ἐπαΐειν
1461 2495 1524 2520 ex-

858 2540 1006 2589 ponitur
1032 2552 1053 2575 a
1082 2539 1190 2576 schol.
1213 2539 1379 2589 Apollon.
1402 2539 1523 2575 Rhod.

857 2595 993 2641 11,195
1009 2595 1292 2635 αἰσθάνεσθαι.
1305 2595 1410 2631 -In
1421 2608 1523 2644 seqq.

857 2652 1014 2689 lVerfer.
1034 2652 1148 2699 (Actt.
1168 2653 1255 2703 phil.
1271 2652 1433 2689 Monacc.
1455 2652 1468 2688 l
1487 2665 1522 2702 p.

862 2710 934 2754 98)
965 2710 1128 2759 praefert
1157 2709 1368 2747 lectionem:
1415 2705 1525 2755 ἄξιος

863 2765 949 2815 μέν
978 2779 1032 2816 γε
1064 2765 1296 2816 Αἰγυπτίων
1331 2758 1452 2810 οὗτός
1482 2779 1525 2815 γε

863 2820 882 2860 ὁ
902 2816 1020 2869 θεός,
1051 2824 1241 2860 conferens
1264 2823 1293 2869 Ι,
1319 2823 1410 2863 187.
1443 2820 1524 2858 Nos

863 2878 1048 2927 vulgatam
1075 2875 1187 2927 ἄξιος
1220 2876 1312 2930 μὲν
1344 2878 1436 2930 Azy.
1466 2889 1523 2914 re-

864 2936 1045 2972 tinuimus.

53 409 119 453 29
176 401 322 455 τρίχας
351 399 526 447 διπλᾶς·
565 395 633 439 ἐπὶ
673 396 717 440 δὲ
755 399 808 452 τῇ
840 391 1034 451 γλώσσῃ,
1068 390 1312 445 κάνθαρον.
1367 388 1445 441 Ὡς
1502 392 1583 430 209

486 467 495 480 x
826 466 833 479 ι
947 462 958 477 ‹-
1132 462 1141 475 l
1291 458 1309 477 φ
1364 460 1376 476 ‚
1402 463 1409 473 .
1510 441 1658 469 Vulnerat
1693 441 1781 470 Carn-

180 472 226 515 δὲ
255 469 422 526 ἤγαγον
451 484 528 511 τον
547 467 676 510 ’Ἆπιν
708 468 750 510 οῖ
772 468 906 520 ῖρεες,
938 482 961 508 ο
986 465 1234 519 Καμβνσης,
1265 479 1337 505 οια
1359 469 1784 536 aewv25335523¹rf1121111223k

178 539 557 596 ὑπομαργότερος,
605 536 882 593 σπασάμενος
910 535 959 579 τὸ
991 535 1265 591 ἐγχειρίδιον,
1308 532 1455 576 θέλων
1510 517 1701 569 sab'erdo‘ies:
1739 541 1783 567 fe-

178 612 314 662 τύψαι
336 612 415 667 τὴν
441 609 630 666 γαστέρα
652 613 733 652 τοῦ
753 609 925 658 Ἄπιος,
953 608 1070 650 παίει
1090 606 1167 649 τὸν
1190 604 1354 661 μηρόν·
1386 620 1453 659 γε·

1509 581 1585 603 »itum
1636 584 1667 602 80

1511 612 1581 643 Apis

1612 610 1783 642 exstinctus,

1509 644 1586 671 clam
1610 644 1766 678 sepelitur.
