1904 3304
471 245 553 284 448
862 244 1322 283 HERODOTI

140 350 244 378 lunoni
295 350 416 378 Samiae

139 384 286 442 pleturam
332 384 414 412 dedi-

140 425 174 443 ca
192 438 197 444 .

472 351 622 408 ἡσθεὶς
650 355 701 408 τῇ
731 353 895 407 σχεδίῃ,
943 351 1020 394 τὸν
1050 351 1325 408 ἀρχιτέκτονα
1355 352 1488 410 αὐτῆς
1517 356 1720 407 Μανδρο-

443 422 579 466 Ξκλέα
614 420 691 465 τὸν
728 420 903 476 Σάμιον
940 421 1186 478 ἐδωρήσατο
1226 427 1331 466 πᾶσι
1370 423 1481 467 δέκα.
1540 424 1614 468 ἀπ’
1659 420 1721 469 ὦν

471 492 524 548 δή
555 492 872 547 Μανδροκλέης
906 490 1120 548 ἀπαρχὴν,
1161 497 1247 546 ζῶα
1274 494 1550 549 γραψάμενος
1578 500 1722 539 πᾶσαν

469 564 546 619 τὴν
578 564 714 615 ζεῦξιν
743 566 823 605 τοῦ
852 562 1113 618 Βοσπόρου,
1145 564 1217 607 καὶ
1246 565 1422 620 βασιλέα
1454 581 1497 608 τε
1527 571 1721 621 Δαρεῖον

415 752 487 777 νον
519 731 660 776 καθότι
688 732 883 787 εἰσβάλλει
913 736 969 782 εἰς
994 734 1068 787 τήν

418 793 694 844 Προποντίδα·
741 795 863 831 ταῦτα
910 791 981 843 μὲν
1014 793 1069 832 εἰ-

417 846 501 889 δότι
535 862 597 889 σοι
623 848 731 901 λέγω.
786 850 880 886 Add.
914 849 1001 886 ibid.
1032 848 1068 900 ἓ.

417 904 482 946 25.
513 906 693 956 Anonym.
712 905 843 954 Peripl.
863 903 900 956 ὃ.
926 908 941 945 1
969 905 1068 955 (pag.

420 963 498 1003 140
517 962 563 1000 T.
580 962 628 998 Ill
648 963 705 1000 ed.
724 961 850 1008 Gaii),
872 961 953 1010 alia,
975 974 1069 1010 quae

416 1018 538 1056 attulit
563 1018 658 1055 Gail.
678 1018 710 1055 ΙΙ
739 1030 775 1068 p.
797 1018 889 1058 503.
930 1018 1068 1055 Osann.

415 1073 564 1124 Disput.
582 1074 629 1111 de
648 1075 774 1123 fragm.
791 1073 921 1123 Peripl.
938 1074 1069 1111 Graec.

417 1129 464 1168 T.
490 1130 539 1167 111
574 1143 611 1180 p.
641 1132 723 1170 288
751 1142 853 1177 seqq.
886 1129 942 1166 ed.
975 1129 1066 1166 Gail.

415 1185 493 1223 coll.
518 1184 733 1223 Tzschucke
758 1185 808 1221 ad
831 1184 916 1222 Mel.
945 1184 978 1230 1,
1018 1187 1067 1225 19

413 1254 498 1292 pag.
531 1242 611 1282 573
640 1240 739 1291 (Vol.
769 1239 817 1276 III
847 1240 888 1278 P.
912 1240 945 1287 Ι)
975 1244 1068 1278 nott.

414 1310 544 1346 exegg.
586 1296 632 1333 Et
655 1298 777 1334 confer
800 1296 849 1332 sis
871 1309 981 1346 supra
1003 1296 1066 1343 lv,

414 1353 479 1394 85.
511 1353 675 1392 Ciceron.
706 1353 742 1389 in
773 1351 875 1390 Verr.
899 1353 970 1399 lv,
1001 1353 1065 1393 57.

413 1409 511 1454 Quin
562 1409 830 1460 inscriptionem
875 1409 923 1445 ad
972 1408 1066 1446 Iovis

412 1465 491 1503 Urii
537 1477 640 1502 sacra
689 1468 914 1515 spectantem
951 1477 1066 1515 prope

412 1520 570 1558 Anadoli
613 1521 746 1558 Kavak
785 1534 828 1558 eo
862 1521 941 1570 ipso
972 1520 1065 1567 loco,

412 1577 473 1614 ubi
502 1576 673 1626 templum
699 1577 812 1623 Iovis,
842 1577 940 1613 cuius
969 1576 1065 1613 nulla

412 1632 529 1670 adhuc
553 1645 743 1683 superesse
768 1633 938 1669 dicuntur
956 1633 1066 1670 rude-

413 1701 475 1737 ra,
503 1693 722 1726 exstructum
747 1690 857 1726 fuisse
877 1689 1065 1739 probabile

413 1748 491 1791 est,
531 1745 720 1782 recentiori
745 1749 863 1782 aetate
883 1745 1065 1783 inventam

414 1813 495 1838 esse
527 1801 739 1851 accepimus.
783 1801 872 1838 Post
892 1801 1065 1838 Chishull.

413 1855 565 1906 Antiqq.
595 1856 727 1894 Asiatt.
761 1870 848 1907 pag.
880 1860 932 1898 39
967 1858 1066 1895 exhi-

414 1913 491 1949 buit
520 1913 640 1950 Kruse
670 1913 691 1950 I.
718 1915 742 1950 I.
777 1926 861 1962 pag.
887 1915 942 1954 37
975 1927 1066 1963 seq,

413 1980 455 2005 ac
490 1969 718 2018 potissimum
754 1969 892 2006 Osann.
917 1969 1066 2018 Sylloge

411 2024 589 2074 Inscriptt.
610 2039 646 2075 p.
665 2027 759 2066 228.
790 2024 886 2062 Add.
903 2038 995 2075 quos
1014 2027 1065 2063 ci-

411 2084 466 2117 tat
477 2081 609 2118 Schiill.
624 2081 719 2118 Hist.
737 2082 784 2119 de
800 2081 832 2118 la
844 2081 919 2118 Lit.
931 2082 1063 2131 Grecq.

411 2136 562 2187 lllpag.
587 2136 652 2178 45.
675 2136 740 2178 46.
781 2138 886 2181 Quae
915 2151 994 2175 cum
1013 2140 1064 2175 ita

411 2193 495 2240 sint,
515 2193 646 2240 locum,
671 2194 730 2230 ubi
747 2194 932 2244 Bosporus
952 2199 1063 2244 ponte

408 2249 476 2285 fuit
494 2249 635 2286 iunctus
653 2250 709 2286 vix
730 2250 837 2287 alium
855 2264 934 2288 esse
952 2257 1063 2300 atque

410 2317 505 2351 eum,
546 2305 604 2341 ubi
633 2318 728 2342 nunc
752 2306 787 2342 in
811 2307 980 2358 Europae
1001 2307 1064 2344 ora

409 2359 858 2409 Rumili—Eslcc'-Hz‘ssnr,
889 2364 925 2400 in
957 2362 1064 2401 Asiae

411 2416 517 2453 litore
555 2416 711 2453 Anatlolz‘
729 2439 746 2444 -
762 2418 858 2455 Eski
874 2441 890 2446 -
906 2419 1061 2463 His-sam·

412 2485 507 2522 quae
517 2485 615 2510 arces
627 2478 790 2512 vetustae
800 2476 976 2512 oblivionis
986 2479 1063 2511 tnr-

412 2541 465 2565 res
483 2527 590 2577 vulgo
604 2534 794 2575 vocantur;
817 2533 987 2580 quoniam
1001 2533 1061 2580 qui

413 2588 612 2635 perpetuae
649 2585 864 2634 captivitatis
905 2600 1060 2637 poenam

412 2640 511 2678 luere
536 2641 714 2687 debeant,
753 2641 820 2679 illic
851 2643 975 2680 inclusi
1006 2649 1062 2681 te-

411 2701 563 2743 nentur,
601 2709 734 2745 magna
759 2711 838 2735 cum
866 2700 1060 2749 probabili-

411 2757 488 2791 tate
508 2754 631 2790 statuit
650 2753 784 2800 Kruse,
810 2754 896 2791 alias
917 2768 1061 2804 quoque

412 2809 459 2846 ob
483 2822 608 2846 causas
631 2808 725 2847 hunc
741 2810 856 2848 Iocum
873 2812 921 2847 ad
943 2816 1061 2848 trans-

411 2866 566 2903 eundum
592 2866 745 2904 maxime
761 2867 931 2905 idoneum
953 2872 1061 2916 atque

1124 737 1394 773 accomodatum
1449 749 1528 774 esse
1579 750 1775 788 exponens.

1125 793 1233 830 Cuius
1256 792 1328 829 vid.
1356 793 1536 843 copiosam
1560 794 1777 845 disputatio-

1125 862 1207 885 nem
1238 861 1324 898 pag.
1356 850 1408 889 31
1438 870 1492 877 —-
1521 850 1586 890 38.
1621 851 1700 889 108
1727 870 1772 877 —

1128 903 1220 945 114.
1259 903 1427 954 Append.
1454 917 1537 954 pag.
1566 907 1601 945 9.
1628 909 1678 946 17
1698 918 1776 955 seq.

1262 961 1369 1011 Cap.
1400 961 1635 999 LXXXVIII.

1181 1013 1324 1066 ἡσθεὶς
1351 1019 1400 1070 τῇ
1435 1015 1593 1070 σχεδίῃ]
1620 1016 1777 1054 Ratibu:

1125 1080 1275 1122 pontem
1311 1074 1467 1110 iunctum
1507 1075 1616 1111 fuisse
1650 1080 1777 1124 patet3

1125 1128 1270 1166 minime
1304 1142 1389 1166 vero
1418 1129 1527 1178 illud,
1567 1142 1638 1178 quo
1671 1133 1775 1180 pacto

1124 1183 1193 1220 hae
1217 1188 1312 1221 rates
1338 1185 1471 1222 fuerint
1490 1186 1652 1232 iunctae,
1684 1197 1776 1235 quo-

1124 1252 1168 1277 ve
1211 1240 1356 1276 omnino
1392 1241 1501 1277 modo
1537 1253 1630 1290 pons
1671 1242 1779 1278 fuerit

1122 1300 1366 1342 constructu53
1392 1297 1460 1333 nisi
1476 1309 1570 1346 quae
1589 1298 1636 1335 de
1650 1301 1777 1347 ponte,

1123 1364 1196 1400 quo
1225 1351 1362 1390 Xerxes
1392 1352 1669 1403 Hellespontum
1698 1354 1777 1390 iun-

1122 1409 1186 1455 xit,
1212 1409 1412 1446 accuratius
1427 1409 1564 1446 tradita
1582 1410 1680 1460 apud
1697 1408 1777 1447 No-

1122 1467 1234 1501 strum
1255 1469 1420 1512 exstant,
1452 1466 1499 1502 ad
1519 1465 1614 1502 hunc
1631 1478 1777 1515 quoque

1121 1519 1221 1558 Darii
1239 1525 1386 1571 pontem
1401 1522 1537 1559 referre
1551 1523 1651 1559 velis.
1680 1521 1777 1559 Hinc

1121 1581 1217 1613 rates
1250 1577 1421 1613 CCXXX
1454 1590 1603 1615 numero
1641 1590 1776 1627 easque

1121 1637 1399 1682 pentecontoros
1436 1634 1546 1671 fuisse
1577 1634 1776 1684 suspicatur

1120 1688 1265 1735 Kruse,
1297 1702 1404 1737 quem
1438 1691 1574 1727 confer.
1597 1689 1619 1726 l.
1645 1690 1666 1727 I.
1687 1702 1772 1740 pag.

1125 1746 1215 1785 116.
1244 1747 1334 1785 117.

1178 1802 1276 1839 πᾶσι
1304 1799 1419 1851 δέκα]
1450 1801 1472 1838 ἰ.
1494 1814 1526 1839 e.
1557 1800 1654 1838 denis
1674 1801 1774 1839 rebus

1122 1857 1277 1894 omnibus
1310 1870 1336 1894 s.
1367 1857 1466 1894 deni.-
1497 1870 1539 1894 ωε
1569 1860 1688 1908 quovis
1712 1870 1773 1907 ge-

1120 1926 1211 1950 nere.
1240 1914 1335 1950 Hinc
1352 1918 1447 1951 recte
1457 1913 1564 1951 Italus
1577 1916 1773 1964 interpres:

1120 1969 1235 2015 „dono
1267 1970 1359 2006 diecc'
1381 1983 1453 2007 cose
1472 1970 1594 2019 ‹l’ogni
1610 1973 1774 2019 gcnere.“

1122 2026 1179 2063 Cf.
1201 2030 1292 2063 nott.
1312 2027 1358 2063 ad
1383 2026 1420 2074 1,
1452 2026 1517 2067 50.
1548 2027 1616 2073 Ill,
1650 2028 1711 2067 18.

1178 2083 1253 2129 ζῶα
1270 2078 1540 2134 γραψάμενος]
1561 2083 1653 2120 Cum
1672 2083 1773 2120 editt.

1120 2143 1270 2176 recentt.
1295 2139 1436 2176 seiunxi
1463 2139 1552 2177 haec
1578 2139 1689 2177 verba
1708 2151 1772 2176 au-

1119 2195 1286 2233 ctoritate
1308 2197 1413 2232 trium
1437 2196 1543 2232 codd.
1564 2200 1675 2244 atque
1694 2194 1770 2231 Eu-

1119 2251 1242 2288 stathii
1270 2252 1317 2288 ad
1352 2251 1452 2290 Iliad.
1487 2252 1534 2288 vl
1562 2264 1646 2301 pag.
1676 2253 1770 2297 626,

1121 2307 1175 2348 54
1209 2320 1238 2344 s.
1264 2307 1366 2353 481,
1395 2310 1432 2348 6.
1478 2306 1574 2344 Olim
1601 2309 1770 2358 ζωαγρα-

1120 2359 1301 2413 ψάμενος
1330 2363 1557 2400 coniunctim.
1604 2362 1653 2399 Et
1681 2376 1770 2400 sane

1119 2421 1233 2457 serior
1271 2423 1370 2456 aetas
1409 2419 1497 2455 dixit
1537 2420 1771 2471 ζωγραφεῖν,

1118 2490 1190 2525 quo
1211 2477 1289 2525 ipso
1311 2475 1420 2512 verbo
1436 2475 1548 2511 utitur
1560 2475 1769 2513 Eustathius

1118 2533 1154 2568 in
1173 2531 1388 2569 Herodotea
1414 2530 1480 2567 hac
1504 2530 1684 2570 locutione
1706 2544 1769 2570 ex-

1117 2587 1292 2639 plicanda.
1341 2586 1389 2623 At
1414 2591 1557 2624 veretur
1586 2588 1769 2626 Schaeser.

1118 2645 1163 2681 ad
1191 2643 1343 2691 Dionys.
1365 2642 1544 2680 Halicarn.
1586 2643 1642 2682 De
1669 2657 1768 2681 com-

1118 2713 1195 2750 pos.
1227 2700 1348 2736 verbb.
1379 2712 1463 2749 pag.
1489 2701 1593 2745 290,
1624 2704 1664 2736 ut
1681 2700 1767 2737 satis

1120 2756 1298 2793 Graecum
1337 2756 1383 2792 sit
1422 2758 1499 2802 ζῶα
1534 2751 1702 2807 γράφειν
1733 2771 1768 2794 τι

1118 2825 1184 2862 pro
1238 2808 1457 2862 ζωγράφειν
1506 2827 1562 2859 τι,
1612 2813 1769 2861 indeque

1118 2868 1298 2905 Herodoti
1335 2869 1371 2905 in
1397 2868 1496 2914 loco,
1539 2868 1768 2906 distincti0ne
