1904 3304
463 284 520 324 68

853 277 1328 317 HERoDoT1

464 390 642 436 ἐκείνων
672 389 913 446 διαβαίνειν
943 387 985 439 ἐς
1014 386 1095 444 τὴν
1132 387 1364 444 ἡμετέρην;
1414 385 1487 429 καὶ
1527 384 1611 429 dno
1653 385 1733 441 μὲν

464 459 656 504 σεωυτὸν
676 458 837 511 ὤλεσας
848 492 859 512 ,
893 463 968 515 τῆς
998 463 1192 503 σεωυτοῦ
1221 458 1432 513 πατρίδος
1461 461 1606 509 κακῶς
1633 471 1736 511 προ-

438 529 596 582 δστάς·
637 529 722 573 α’πὸ
753 531 798 574 δὲ
830 528 993 580 ὤλεσας
1022 533 1199 586 Κῦρον,
1231 528 1496 585 πειθόμενόν
1527 541 1605 572 σοι.
1646 525 1734 571 ἀλλ’

467 600 522 646 οὔ
551 618 591 645 τι
620 603 806 657 χαίρων·
855 600 947 644 ἐπεί
976 617 1044 644 τοι
1073 601 1145 644 καὶ
1174 600 1307 645 πάλαι
1343 601 1384 652 ἐς
1415 601 1460 644 σὲ
1490 597 1738 656 προφάσιός

439 682 545 717 6τευ
576 672 757 729 ἐδεόμην
786 670 1078 728 ἐπιλαβέσθαι.
1092 678 1113 695 “

469 747 574 801 βανε
605 744 653 787 τὸ
692 743 822 796 τόξον
862 743 920 794 ὥς
963 745 1290 796 κατατοξεύσων
1330 741 1476 787 αὐτόν.

1178 676 1323 716 Ταῦτα
1354 673 1398 716 δὲ
1430 674 1573 722 εἴπας,
1614 670 1738 725 ἐλάμ-

1547 745 1795 795 Κροῖσοςὸο

468 817 514 860 δὲ
545 814 814 871 ἀναδραμών
845 816 939 859 ἔθεε
969 816 1069 867 ἔξω·
1114 816 1136 858 ὁ
1159 816 1225 867 δὲ,
1261 816 1351 859 ἐπεί
1372 831 1415 857 τε
1436 815 1635 865 τοξεῦσαι
1657 810 1740 855 οὐκ

469 885 573 943 εἶχε,
605 887 841 930 ἐνετείλατο
872 893 984 930 τοῖσι
1004 885 1275 940 θεράπουσι,
1307 883 1522 941 λαβόντας
1542 900 1615 939 μιν
1639 882 1743 926 ἄπο-

440 964 653 1003 Ίκτεῖναι.
700 959 743 1000 οἱ
773 958 817 1001 δὲ
847 958 1132 1014 θεράποντες,
1165 956 1439 1013 ἐπιστάμενοι
1467 955 1547 999 τὸν
1574 954 1742 1010 τρόπον

471 1028 631 1079 αὐτοῦ,
666 1029 1018 1083 κατακρύπτουσι
1055 1029 1134 1072 τὸν
1166 1032 1385 1082 Κροῖσον·
1436 1027 1504 1070 ἐπὶ
1536 1029 1645 1087 τῷδε
1680 1028 1742 1082 τῷ

469 1097 605 1156 λόγῳ,
646 1100 753 1144 ὥστε
791 1103 828 1144 εἰ
865 1101 944 1156 μὲν
975 1100 1253 1156 μεταμελήσει
1290 1104 1349 1158 τῷ
1382 1097 1621 1155 Καμβύσῃ,
1669 1095 1798 1140 καὶ85

471 1169 711 1226 ἐπιζητήσει
739 1170 818 1214 τόν
847 1175 1069 1226 Κροῖσον,
1111 1174 1155 1214 οἱ
1183 1173 1251 1222 δὲ,
1293 1169 1560 1228 ἐκφήναντες
1592 1167 1742 1218 αὐτόν,

469 1244 591 1296 δῶρα
620 1241 867 1298 λάμψονται
897 1241 1084 1296 ζωάγρια
1114 1243 1332 1294 Κροίσου·
1372 1241 1427 1296 ἢν
1456 1241 1502 1284 δὲ
1533 1240 1590 1296 μὴ
1621 1256 1743 1294 μετα-

441 1313 677 1369 8μέληται,
706 1314 813 1369 μηδὲ
843 1317 964 1370 ποθῇ
995 1329 1095 1367 μιν,
1125 1311 1221 1355 τότε
1253 1316 1563 1368 καταχρῆσθαι.
1618 1308 1745 1354 Ἐπό-

471 1382 580 1440 θησέ
610 1399 655 1426 τε
686 1384 738 1439 δή
770 1383 792 1427 ὁ
825 1383 1067 1440 Καμβύσης
1097 1383 1174 1427 τόν
1192 1387 1389 1439 Κροῖσον
1418 1383 1471 1427 οὐ
1502 1387 1648 1439 πολλῷ
1676 1397 1746 1438 με·

470 1454 639 1498 τέπειτα
670 1452 814 1512 χρόνῳ
845 1454 1049 1510 ὕστερον·
1100 1455 1173 1500 καὶ
1205 1457 1249 1499 οἱ
1276 1454 1545 1511 θεράποντες
1574 1452 1802 1510 μαθόν-90

474 1603 562 1644 καὶ
625 1600 724 1643 α’πὸ
781 1602 853 1656 μὲν
912 1603 1083 1644 σεωυτὸν

419 1659 627 1712 ὤλεσας]
657 1662 763 1699 conf.
780 1666 872 1699 nott.
889 1663 936 1699 ad
951 1663 995 1709 ΙΙ,
1015 1665 1082 1708 39,

419 1724 456 1757 et
481 1719 529 1755 ad
569 1719 679 1755 verba
713 1714 774 1757 οὔ
801 1734 847 1757 τι
886 1720 1081 1770 χαίρων

419 1779 510 1812 nott.
535 1776 582 1812 ad
601 1775 663 1822 ΙΙΙ,
683 1778 748 1816 29.
779 1776 894 1813 Recte
916 1788 1012 1812 nunc
1028 1777 1082 1812 le-

421 1832 521 1881 gitur
539 1828 590 1870 οῧ
605 1846 654 1876 τι,
669 1832 768 1868 cuius
789 1832 868 1869 loco
885 1832 981 1869 male
998 1833 1083 1869 olim

422 1885 580 1928 οὗτοι.
640 1888 702 1925 Τιι
745 1889 815 1925 vid.
852 1889 1007 1926 Werfer.
1046 1890 1084 1925 in

420 1944 517 1981 Aett.
546 1944 683 1995 philon.
704 1944 869 1982 Monacc.
891 1945 905 1981 l
930 1959 966 1996 p.
988 1947 1084 1986 262.

422 2001 464 2038 ln
495 2013 598 2050 seqq.
632 1999 892 2052 ἐπιλαβέσθαι
927 1998 1084 2051 προφά-

424 2070 507 2103 σιος
525 2057 641 2095 valet:
684 2060 894 2095 occasionem
916 2061 1085 2109 arripere,

422 2116 605 2160 nancisci,
635 2118 675 2151 ut
693 2115 757 2162 Vl,
779 2118 841 2156 13.
862 2114 926 2157 49.

483 2166 581 2209 ὥστε
622 2169 658 2209 εἰ
698 2169 769 2221 μὲν
811 2167 1082 2222 μεταμελήσει]

424 2227 483 2265 De
520 2240 585 2264 usu
623 2228 822 2277 particulae
860 2224 958 2266 ὥστε
991 2231 1085 2266 conf.

426 2283 559 2320 Matth.
579 2283 643 2319 Gr.
665 2284 730 2320 Gr.
750 2297 835 2334 pag.
855 2287 984 2331 12863
1025 2287 1087 2334 qui

426 2340 521 2376 idern
550 2337 585 2390 ἓ.
609 2339 690 2380 524
719 2345 794 2376 not.
818 2343 842 2380 6
871 2354 954 2390 pag·
981 2344 1086 2382 1019

426 2395 567 2433 monuit
586 2396 633 2432 de
658 2396 830 2444 particula
852 2397 894 2434 εἰ
917 2395 1009 2447 μὲν,
1031 2399 1088 2434 cui

427 2452 628 2501 respondet
647 2448 704 2501 ἦν
727 2451 778 2490 δέ.
810 2451 907 2490 Add.
934 2454 1087 2491 Werfer.

428 2507 450 2546 l.
470 2508 490 2544 1.
515 2521 549 2557 p.
578 2510 680 2554 101,
721 2509 815 2545 idem
847 2510 1088 2547 consulendus

428 2578 463 2614 p.
483 2564 549 2605 95.
571 2566 623 2605 96
652 2565 698 2601 ad
733 2566 841 2601 verba
872 2565 912 2603 οἱ
942 2564 992 2604 δὲ
1022 2566 1088 2605 ἐκ-

430 2616 655 2672 φήναντες,
685 2622 744 2657 ubi
771 2618 810 2659 δὲ
833 2622 943 2670 priori
963 2624 999 2659 in
1024 2637 1090 2673 pe-

429 2677 534 2714 riodo
560 2678 724 2713 succedit
758 2678 793 2714 ἱιι
814 2677 929 2714 locum
957 2681 1090 2728 repeti-

431 2737 493 2770 tae
526 2733 727 2783 particulae
768 2732 850 2784 μέν.
928 2734 1089 2772 Verbum

432 2788 626 2839 ἐπιζητεῖν
659 2790 754 2826 idem
791 2790 995 2839 significare
1031 2796 1089 2828 at-

431 2858 503 2895 que
525 2849 671 2885 ποθεῐν
691 2851 826 2890 monet,
843 2853 996 2884 notante
1010 2847 1089 2894 Cr.,

431 2902 616 2940 Schaefer.
642 2903 689 2940 ad
716 2902 868 2952 Dionys.
892 2903 1009 2940 Halic.
1043 2905 1089 2942 de

1140 1620 1257 1656 comp.
1280 1605 1402 1642 verbb.
1422 1618 1457 1655 p.
1476 1607 1550 1645 113
1571 1603 1799 1641 c‹›ll.Melett.

1141 1664 1246 1700 Critt.
1276 1675 1361 1713 pag.
1385 1664 1488 1705 1063
1519 1674 1626 1710 quem
1655 1665 1802 1697 secutus

1139 1733 1206 1770 pro
1231 1721 1492 1769 μεταμελῆται
1523 1718 1651 1768 scripsi
1681 1731 1801 1766 μετα-

1140 1774 1313 1827 μὲληται.

1199 1859 1577 1910 καταχρῆσθαι]
1600 1859 1622 1895 i.
1642 1871 1673 1895 e.
1693 1860 1804 1895 inter-

1132 1919 1252 1969 ficere.
1282 1918 1365 1954 Vid.
1377 1921 1473 1953 nott.
1492 1916 1540 1953 ad
1561 1916 1588 1962 l,
1602 1918 1655 1957 82
1671 1920 1707 1952 et
1718 1915 1804 1952 add.

1142 1975 1286 2023 1,117.

1202 2054 1395 2112 οὕπολλῷ
1413 2056 1682 2108 μετέπειτα
1700 2051 1806 2109 χρό-

1145 2131 1167 2154 ν
1180 2131 1209 2170 ῳ
1232 2111 1258 2154 ὕ
1271 2127 1322 2154 στ
1334 2131 1350 2154 ε
1363 2131 1383 2164 ρ
1396 2116 1463 2165 ον]
1496 2114 1580 2152 Noli
1600 2114 1750 2152 haerere
1767 2115 1806 2151 in

1144 2173 1212 2210 hac
1242 2172 1416 2209 orationis
1450 2171 1677 2209 abundantia
1706 2170 1806 2208 haud

1144 2228 1303 2275 insolita,
1333 2241 1442 2278 quam
1464 2229 1638 2276 ignorans
1664 2227 1805 2265 Weisk.

1145 2286 1203 2323 De
1233 2285 1436 2322 Pleonasm.
1462 2298 1499 2335 p.
1517 2285 1572 2325 32
1596 2285 1709 2321 verba
1740 2297 1806 2334 με·

1144 2340 1298 2380 τέττειτα
1318 2337 1445 2392 χρόνῳ
1467 2353 1489 2377 a
1503 2340 1708 2390 glossatore
1719 2352 1808 2390 pro-

1145 2400 1242 2435 secta
1261 2411 1340 2435 esse
1356 2397 1594 2434 existimabat.
1635 2397 1712 2436 Sed
1733 2397 1804 2433 vid.

1145 2455 1299 2491 Werser.
1329 2455 1364 2490 in
1392 2453 1486 2490 Actt.
1514 2453 1611 2503 phin.
1637 2454 1805 2491 Monacc.

1146 2511 1159 2547 1
1182 2525 1217 2561 p.
1241 2512 1322 2551 268
1343 2509 1414 2546 alia
1436 2510 1471 2546 in
1500 2510 1656 2547 medium
1683 2511 1808 2562 profe-

1147 2580 1229 2604 rens
1249 2567 1424 2602 sermonis
1445 2566 1664 2604 abundantis
1684 2579 1807 2605 exem-

1145 2624 1225 2674 pla:
1258 2622 1330 2669 ΙΙΙ,
1360 2621 1426 2663 48.
1468 2622 1635 2670 Thucyd.
1663 2623 1718 2670 V,
1740 2625 1807 2664 61.

1146 2680 1282 2728 Hymn.
1314 2679 1349 2714 in
1378 2679 1501 2716 Cerer.
1532 2679 1625 2720 205.
1675 2679 1736 2718 Tu
1764 2690 1809 2716 ex

1146 2736 1338 2771 herodoto
1358 2736 1582 2784 potissimum
1610 2737 1705 2773 conf.
1726 2734 1807 2778 Vll,

1148 2795 1173 2832 7
1201 2786 1354 2842 (χρόνῳ
1387 2790 1615 2841 μετέπειτα)
1649 2792 1686 2838 1,
1716 2791 1805 2830 171.

1148 2848 1318 2894 111,123.
1345 2850 1433 2888 126.
1458 2851 1548 2889 129.
1572 2871 1622 2876 —-
1645 2849 1685 2884 In
1704 2857 1809 2894 seqq.

1148 2918 1228 2941 cum
1260 2904 1462 2953 Schweigh.
1500 2909 1535 2942 et
1570 2904 1686 2942 Gaiss.
1721 2901 1808 2939 dedi
