1904 3304
419 250 475 290 74

820 250 1294 291 HERODOTI

419 375 549 410 κατο,
585 358 767 415 πέμπων
805 375 849 403 τε
879 361 1022 414 δῶρα,
1059 362 1134 405 καὶ
1163 361 1395 417 δεκόμενος
1431 363 1540 408 ἄλλα
1578 364 1688 419 παρ’

389 437 411 471 3
423 429 603 474 ἐκείνου.

659 430 730 474 Ἐν
759 432 902 490 χρόνῳ
933 432 978 476 δὲ
1008 430 1139 490 ὀλίγῳ
1170 433 1326 477 αὐτίκα
1355 439 1436 478 τοῦ
1463 434 1745 491 Πολυκρά-ίω

419 519 514 554 τεος
541 503 594 546 τὰ
622 504 850 560 πρήγματα
881 502 1057 557 αὔξετο,
1089 504 1162 548 καὶ
1191 501 1246 562 ἦν
1275 506 1497 563 βεβωμένα
1531 506 1615 550 α’νά
1643 523 1688 550 τε

391 576 414 613 4
425 573 504 629 τὴν
540 573 706 631 Ἰωνίην
718 610 728 626 ,

781 576 856 619 καὶ
899 577 979 631 τήν
1026 574 1163 633 ἄλλην
1201 577 1391 621 Ἐλλάδα-

1453 576 1563 622 ὅκου
1601 579 1686 634 γάρ

419 643 585 690 ἰθύσειε
628 646 964 702 στρατεύεσθαι,
1013 647 1156 692 πάντα
1197 651 1240 692 οἱ
1278 650 1429 705 ἐχώρεε
1466 648 1688 705 εὐτυχέως.

416 715 567 774 ἔκτητο
612 719 658 762 δὲ
696 719 1066 777 πεντηκοντέρους
1110 736 1153 764 τε
1192 720 1370 770 ἑκατὸν,
1416 721 1489 764 καὶ
1523 723 1689 777 χιλίους

360 861 422 910 qui
453 861 522 898 hoc
551 873 700 911 quoque
728 860 808 898 loco
837 874 910 898 una
942 875 1023 899 cum

359 917 493 954 Aldina
510 918 654 955 exhibet
675 917 836 968 ξεινίην.
881 918 933 955 Ac
957 919 1024 955 ‹lu-

360 973 538 1011 bitaverat
555 975 602 1012 de
619 976 735 1012 forma
747 975 898 1025 ξεινηΐη
913 976 1023 1012 IVes-

358 1030 500 1079 seling.‚
530 1044 752 1080 quamquam
774 1044 898 1069 vocem
920 1047 1022 1071 πτω-

358 1087 451 1137 χηΐη
473 1087 499 1133 l,
516 1089 569 1127 80
591 1101 613 1124 a
630 1088 818 1124 Gronovio
839 1088 1022 1138 prolatam

359 1143 429 1180 huc
448 1145 568 1180 minus
588 1145 771 1195 pertinere
794 1149 892 1182 recte
916 1145 1021 1182 vide—

357 1204 416 1236 tur
445 1205 619 1238 statuere.
678 1200 739 1238 Tu
772 1202 869 1238 conf.
911 1203 1021 1238 etiam

357 1261 452 1293 nott.
483 1257 530 1293 ad
555 1257 584 1302 I,
609 1254 675 1298 54.
735 1257 846 1301 Quod
875 1258 911 1294 in
938 1259 1021 1295 Ste-

356 1313 468 1364 phani
488 1315 652 1362 margine
675 1312 806 1362 legitur
818 1315 969 1363 φιλίην,
983 1315 1019 1350 id

356 1382 423 1420 pro
435 1370 760 1420 interpretamento
774 1370 903 1415 habeo,
920 1371 1020 1419 quod

356 1426 466 1463 etiam
485 1425 593 1476 paulo
613 1430 699 1476 post
728 1431 814 1463 ante
845 1423 1019 1478 συνεθή-

356 1497 450 1521 κατο
463 1483 498 1519 in
508 1483 736 1531 quorundam
754 1483 924 1521 librorum
939 1488 1020 1522 tex-

355 1546 430 1576 tum
447 1539 601 1589 irrepsit.
614 1559 663 1567 ——
678 1540 736 1577 De
751 1540 885 1586 Amasi,
902 1542 1019 1578 Grae-

356 1608 481 1633 corum
527 1596 792 1633 studiosissimo
834 1598 928 1635 conf.
974 1598 1021 1645 ΙΙ,

359 1653 459 1697 178;
490 1652 537 1689 de
557 1657 743 1703 tempore,
775 1666 848 1702 quo
877 1655 1018 1701 vixerit,

356 1709 513 1745 diximus
533 1709 581 1745 ad
601 1708 629 1754 1,
650 1711 702 1749 30
721 1723 807 1760 pag.
827 1710 895 1751 74.
949 1712 1017 1748 Cui

355 1765 434 1814 regi
460 1765 705 1813 Pythagoram
735 1765 847 1803 literis
873 1768 1018 1817 scriptis

355 1822 631 1858 commendasse
643 1823 756 1859 fertur
767 1823 908 1860 Amasis
919 1825 1018 1875 apud

354 1877 515 1927 Diogen.
536 1878 658 1915 Laert.
683 1879 780 1927 VIII,
805 1882 841 1919 3.

411 1933 478 1973 καὶ
509 1929 561 1985 ἦν
590 1934 810 1987 βεβωμένα]
838 1937 859 1974 ἰ.
883 1951 913 1975 e.
943 1939 1018 1974 eius

355 2003 409 2028 res
429 2003 456 2028 s.
484 1992 666 2042 imperium
686 2006 748 2042 per
769 1993 909 2031 Ioniam
936 1996 1018 2031 reli-

355 2060 526 2098 quamque
573 2049 763 2086 Graeciam
810 2051 1018 2088 celebratum

354 2109 443 2142 erat.
504 2105 561 2143 De
598 2105 782 2144 locutione
815 2109 911 2146 conf.
955 2109 1017 2155 Vi,

358 2163 449 2201 131.
468 2162 568 2208 Vin,
599 2164 699 2205 1243
727 2165 775 2200 ad
798 2166 949 2201 sormam
969 2166 1015 2202 cf.

354 2223 449 2255 nott.
469 2219 516 2255 ad
537 2219 563 2264 l,
586 2222 648 2259 10.
680 2221 772 2257 Cum
796 2226 916 2258 autem
935 2222 968 2258 h.
992 2221 1015 2258 l.

353 2274 456 2311 Ionia
474 2274 634 2323 reliquae
646 2276 822 2314 Graeciae
836 2279 1016 2327 quodam-

353 2331 464 2367 modo
499 2336 732 2380 opponatur,
763 2334 852 2369 satis
885 2334 1016 2384 opinor

353 2387 440 2424 inde
473 2388 627 2437 perspici
652 2390 807 2437 poterit,
838 2396 1014 2438 quantum

352 2443 413 2479 illo
442 2449 607 2493 tempore
632 2444 700 2480 iam
724 2447 887 2483 floruerit
914 2446 1015 2483 Ionia

353 2504 389 2537 et
410 2513 498 2550 prae
519 2500 658 2548 reliqua
681 2501 835 2539 Graecia
854 2504 1015 2540 eminue-

352 2557 411 2592 rit.
450 2557 560 2600 Quod
583 2557 630 2592 ad
655 2557 812 2605 Samios,
832 2571 917 2596 vera
939 2559 1015 2596 He-

350 2613 521 2650 rodotum
573 2614 766 2651 memoriae
810 2615 1016 2665 prodidisse

353 2674 478 2707 monet
516 2668 685 2706 Panoska
713 2669 736 2707 l.
771 2670 793 2706 l.
825 2684 911 2720 pag.
946 2674 1013 2718 32,

353 2739 465 2775 quum
484 2725 591 2763 etiam
619 2731 714 2763 teste
733 2727 950 2776 Thucydide
973 2742 1015 2765 ac

352 2783 559 2829 Strabone,
589 2782 679 2819 alios
703 2787 742 2819 ut
760 2788 918 2830 taceam,
947 2785 1013 2821 sub

353 2838 553 2888 Polycratis
566 2838 719 2889 imperio
737 2840 941 2877 Samiorum
956 2854 1013 2878 res

353 2896 509 2934 maxime
523 2895 715 2945 viguerint.
746 2897 844 2941 Quin
862 2897 1014 2935 velante

1081 860 1283 911 Polycratis
1302 865 1460 900 aetatem
1479 862 1572 899 circa
1594 861 1742 913 Olymp.

1081 918 1255 954 XXXVII
1276 922 1313 955 et
1345 918 1414 955 XL
1431 919 1579 955 Samum
1602 919 1743 956 artibus

1079 979 1116 1012 et
1148 975 1362 1012 commercio
1392 975 1572 1022 floruisse,
1601 975 1650 1012 ad
1678 975 1743 1023 111,

1084 1033 1162 1072 139
1185 1032 1478 1068 monstrabimus.

1138 1083 1236 1127 ὅκου
1267 1084 1342 1139 γάρ
1381 1083 1587 1126 ἰθύσειε
1625 1100 1741 1139 στρα-

1078 1140 1283 1194 τεύεσθαι]
1313 1144 1335 1180 i.
1368 1159 1399 1183 e.
1424 1158 1624 1194 quocunque
1649 1147 1741 1182 enim

1080 1214 1156 1237 cum
1195 1203 1349 1237 exercitu
1392 1203 1672 1251 proficisceretur
1710 1215 1739 1239 s.

1077 1258 1331 1307 expeditionem
1346 1259 1559 1295 institueret.
1586 1257 1645 1295 Ad
1658 1272 1739 1296 ver-

1079 1315 1163 1350 bum
1195 1309 1331 1352 ἰθύειν
1356 1314 1506 1351 laudant
1526 1314 1552 1362 l,
1573 1315 1654 1355 204
1679 1315 1740 1352 fin.

1077 1370 1156 1417 Vn,
1178 1371 1202 1410 8
1235 1369 1272 1421 ᾗ.
1296 1373 1334 1410 2.

1137 1425 1314 1477 ἔκτητο
1347 1423 1389 1466 δὲ
1415 1441 1450 1465 κ.
1470 1442 1504 1465 τ.
1533 1427 1582 1477 λ.]
1613 1427 1738 1466 Plures

1078 1483 1160 1520 libri
1181 1482 1374 1533 ἐκέκτητο.
1432 1483 1512 1520 Nos
1532 1485 1737 1534 Schweigh.

1078 1545 1115 1577 et
1131 1541 1246 1577 Gaisf.
1269 1541 1382 1578 secuti
1400 1553 1534 1577 sumus.
1566 1542 1673 1578 Conf.
1693 1542 1737 1589 ll,

1082 1598 1172 1637 108.
1190 1597 1357 1634 Eustath.
1377 1598 1425 1633 ad
1436 1597 1586 1635 Homer.
1598 1597 1638 1634 ll.
1651 1611 1736 1650 pag.

1076 1653 1172 1701 759,
1191 1652 1239 1692 41
1266 1667 1293 1690 s.
1307 1656 1402 1701 662,
1423 1655 1486 1694 39.
1526 1654 1578 1690 Ac
1599 1655 1739 1692 monuit

1076 1710 1123 1747 de
1145 1710 1270 1747 Ionum
1290 1710 1358 1746 hac
1375 1711 1490 1747 forma
1508 1710 1668 1748 Fischer.
1687 1711 1736 1748 ad

1077 1766 1124 1802 W
1128 1765 1223 1804 eller.
1246 1767 1277 1803 II
1299 1778 1384 1817 pag.
1403 1768 1485 1807 288
1505 1772 1543 1804 et
1563 1768 1666 1815 (nam
1687 1768 1736 1804 ad

1076 1822 1216 1860 Atticos
1240 1836 1388 1872 quoque
1408 1824 1554 1860 transiit
1583 1825 1737 1874 scripto—

1076 1881 1154 1928 res)
1181 1880 1374 1917 Heindorf.
1402 1880 1450 1916 ad
1477 1879 1620 1917 Platon.
1644 1881 1738 1917 Pro-

1075 1940 1192 1986 tagor.
1225 1949 1310 1986 pag.
1336 1938 1429 1976 572,
1462 1935 1518 1974 De
1537 1941 1738 1987 pentecon-

1077 1994 1165 2031 teris
1196 1995 1292 2030 conf.
1314 1993 1340 2039 l,
1366 1995 1442 2033 163
1463 1993 1588 2042 ibique
1605 1997 1697 2031 nott.

1132 2050 1282 2101 χιλίους
1304 2044 1478 2100 τοξότας]
1512 2050 1583 2093 Qui
1607 2062 1737 2088 nume-

1074 2119 1133 2144 rus
1162 2108 1255 2144 iusto
1276 2108 1393 2144 minor
1412 2107 1557 2143 videtur
1573 2105 1734 2144 Larche-

1073 2176 1114 2199 ro
1143 2164 1190 2200 ob
1214 2177 1268 2208 ea,
1299 2176 1393 2212 quae
1414 2162 1478 2208 111,
1499 2163 1552 2203 45
1582 2175 1735 2200 narran-

1072 2224 1144 2267 tur,
1172 2234 1252 2257 cum
1274 2221 1398 2257 decem
1422 2219 1516 2256 mille
1535 2219 1735 2268 stipendia-

1073 2277 1145 2313 rios
1177 2276 1306 2313 milites
1336 2281 1527 2324 tyrannum
1558 2275 1729 2313 habuisse

1071 2332 1182 2369 multo
1199 2333 1246 2369 sit
1270 2331 1503 2382 probabilius.
1552 2331 1732 2380 Equidem

1072 2388 1127 2425 hic
1156 2390 1305 2426 eosdem
1336 2387 1489 2451 intelligi
1519 2392 1631 2437 puto,
1670 2389 1732 2437 qui

1072 2444 1137 2491 III,
1160 2446 1213 2486 45
1237 2449 1411 2481 vocantur
1433 2445 1496 2491 τοξ
1488 2440 1590 2482 όται
1619 2441 1732 2492 οἰκη-

1074 2507 1148 2546 ἰὀι,
1179 2502 1200 2537 i.
1221 2515 1252 2538 e
1277 2500 1446 2537 εαΙεΙΙιΐεε
1474 2503 1575 2549 r'egz'e,
1605 2501 1731 2549 quales

1071 2557 1219 2595 aliorum
1245 2563 1480 2606 tyrannorum
1509 2552 1733 2609 δορυφόροι

1070 2614 1181 2662 vulgo
1201 2620 1392 2651 occurrunt
1413 2614 1476 2660 (cf.
1492 2613 1616 2663 1‚59)‚
1638 2627 1730 2663 quos

1071 2670 1167 2707 mille
1199 2675 1341 2707 tantum
1368 2672 1480 2707 fuisse
1507 2683 1658 2708 numero
1685 2683 1731 2709 eo

1071 2728 1188 2775 magis
1219 2727 1304 2763 mihi
1333 2727 1373 2763 sit
1401 2727 1592 2774 credibile,
1631 2727 1731 2777 quod

1072 2789 1218 2832 praeter
1236 2783 1346 2821 hosce
1369 2778 1528 2830 τοξότας
1548 2784 1730 2834 οἰκηΐους

1071 2839 1130 2876 illo
1169 2839 1249 2878 loco
1283 2845 1612 2878 commemorantur
1648 2838 1730 2878 ἐπί-

1070 2911 1210 2949 κουροι
1242 2898 1458 2949 μισθωτοί,
1489 2898 1617 2934 milites
1649 2909 1728 2933 con-
