1904 3304
268 444 366 488 144

96 508 209 535 Adeunt
239 508 369 535 Persae:

94 541 289 568 Maeandrius
307 542 371 569 abi-

93 580 155 603 tum
173 575 309 610 spondet.

269 945 369 992 145

100 1011 259 1039 Charilam
303 1011 374 1046 quid

96 1046 276 1073 Maeandrio
287 1046 376 1073 fratri

96 1080 307 1113 exprobravit,
344 1083 374 1106 et

96 1114 169 1148 quid
196 1113 233 1140 ab
255 1122 291 1141 eo
322 1121 372 1149 pe-

96 1148 190 1176 tierit.

428 193 513 234 256

826 192 1297 231 HERODOTI

426 302 694 347 κατακτείνει
727 301 831 354 τούς
861 302 1081 357 δεσμώτας
1109 303 1286 355 πάντας.
1326 302 1381 347 οὐ
1411 302 1494 360 γάρ
1530 303 1607 360 δὴ,
1638 303 1700 354 ὦς

430 376 595 422 οἴκασι,
626 373 857 429 ἐβουλέατο
889 371 1001 418 εἶναι
1030 373 1267 428 ἐλεύθεροι.

534 445 703 500 Ἐπειδὴ
735 439 795 487 ῶν
825 443 1034 489 ἀπίκοντο
1077 446 1119 496 ἐς
1157 446 1238 502 τήν
1267 445 1424 501 Σάμον
1454 448 1497 490 οἱ
1528 446 1698 502 Πέρσαι

428 516 691 572 κατάγοντες
720 519 1012 567 Συλοσῶντα,
1055 516 1110 560 οὔ
1139 533 1183 560 τε
1219 518 1282 568 τίς
1321 529 1400 573 σφι
1438 522 1581 573 χεῖρας
1618 515 1723 560 οἷν-1

427 590 660 642 ταείρεται,
707 585 983 631 ὑπόσπονδοί
1021 604 1066 631 τε
1105 588 1274 644 ἔφασαν
1313 586 1423 632 εἶναι
1458 589 1625 644 ἑτοῖμοι
1655 589 1699 631 οἱ

427 664 509 703 τοῦ
539 660 827 712 [Μαιανδρίου
858 663 1114 711 στασιῶται,
1143 660 1217 703 καὶ
1247 659 1379 710 αὐτὸς
1408 659 1698 713 Μαιάνδριος,

398 730 670 786 Ξέκχωρῆσαι
701 730 747 773 ἐκ
776 734 852 787 τῆς
881 731 1031 788 νήσου.
1078 730 1411 782 καταινέσαντος
1438 729 1477 774 δ’
1504 731 1571 775 ἐπὶ
1599 730 1701 774 τού-

428 813 542 845 τοισι
584 801 768 846 Ὀτάνεω
808 804 881 847 καὶ
924 803 1238 859 σπεισαμένου,
1283 806 1372 846 τῶν
1412 803 1615 858 Περσέων
1656 804 1730 846 οῖ5

431 874 635 917 πλείστου
670 873 783 926 ἄξιοι
818 873 1015 928 θρόνους
1053 874 1256 929 θέμενοι,
1308 875 1588 918 κατεναντίον
1628 877 1704 931 τῆς

429 943 692 1000 ἀκροπόλιος
729 945 945 989 ἐκατέατο.
1004 949 1268 1004 Μαιανδρίῳ
1312 948 1356 990 δὲ
1395 952 1455 1006 τῷ
1497 947 1701 1005 τυράννῳ

431 1011 488 1072 ἦν
519 1015 726 1072 ἀδελφεὸς
755 1016 1135 1072 ὑπομαργότερος,
1176 1024 1237 1076 τῶ
1278 1019 1448 1076 οὔνομα
1485 1015 1541 1075 ἦν
1573 1020 1702 1073 Χαρί-

432 1091 558 1138 λεως·
609 1083 739 1140 οὗτος
769 1089 793 1131 ὅ
823 1105 863 1132 τι
894 1088 946 1145 δὴ
977 1089 1250 1145 ἐξαμαρτών,
1294 1090 1340 1133 ἐν
1379 1090 1578 1147 γοργύρῃ
1617 1091 1704 1134 ἐδέ-

434 1161 551 1201 δετο·
609 1160 682 1202 καὶ
722 1159 774 1216 δὴ
812 1160 908 1204 τότε
947 1160 1194 1212 ἐπακούσας
1233 1177 1277 1204 τε
1317 1161 1371 1204 τοὶ
1410 1162 1760 1218 πρησσόμενα,1ο

432 1230 506 1274 καὶ
537 1231 755 1282 διακύψας
788 1230 859 1274 διά
889 1234 965 1288 τῆς
995 1231 1238 1288 γοργύρης,
1280 1230 1338 1284 ῶς
1360 1232 1445 1277 εἶδε
1466 1234 1570 1286 τοὺς
1593 1234 1706 1289 Πέρ-

433 1313 512 1353 σας
542 1303 771 1358 εἰρηναίως
805 1301 1092 1358 κατημένους,
1135 1302 1241 1359 ἐβόα
1269 1320 1314 1347 τε
1342 1305 1415 1348 καὶ
1445 1305 1529 1362 ἔφη
1555 1305 1706 1361 λέγων,

403 1376 703 1434 ΞΜαιανδρίῳ
725 1375 873 1418 θέλειν
892 1374 1038 1418 ἐλθεῖν
1060 1374 1103 1425 ἐς
1125 1374 1296 1430 λόγους.
1339 1375 1586 1428 ἐπακούσας
1608 1377 1654 1421 δὲ
1681 1375 1705 1422 ὁ

431 1445 729 1501 Μαιάνδριος,
783 1444 1001 1496 λύσαντας
1046 1445 1184 1489 αύτόν
1229 1446 1396 1491 ἐκέλευε
1437 1447 1558 1503 ἄγειν
1597 1446 1706 1504 παρ’

433 1516 610 1560 ἑωυτόν.
659 1516 717 1568 ὥς
746 1518 791 1561 δὲ
823 1517 937 1574 ἄχθη
967 1517 1164 1572 τάχιστα,
1194 1519 1432 1573 λοιδορέων
1461 1536 1505 1563 τε
1535 1521 1608 1563 καὶ
1635 1537 1704 1563 κα·
1719 1525 1762 1560 15

430 1590 562 1640 κίζων
593 1605 687 1643 μιν,
719 1587 920 1631 ἀνέπειθε
950 1589 1180 1632 ἐπιθέσθαι
1209 1595 1321 1632 τοῖσι
1343 1591 1539 1646 Πέρσῃσι
1567 1590 1707 1645 λέγων

403 1656 605 1702 3τοιάδε·
638 1657 768 1714 ,,Ἐμὲ
797 1660 896 1715 μὲν,
929 1654 963 1703 ῶ
989 1658 1162 1703 κάκιστε
1194 1655 1392 1712 ἀνδρῶν,
1424 1659 1552 1702 ἐόντα
1575 1671 1707 1702 σεωυ-

432 1733 513 1774 τοῦ
543 1728 775 1786 ἀδελφεὸν,
815 1732 888 1775 καὶ
919 1730 1186 1788 ἀδικήσαντα
1216 1731 1346 1775 οὐδὲν
1375 1729 1498 1783 ἄξιον
1528 1732 1706 1785 δεσμοῦ,

434 1920 668 1972 ἐβουλὲατο]
710 1922 834 1969 ,,Νοῃ
864 1924 1045 1961 detrecta-

380 1979 472 2016 bant
503 1980 617 2016 Samii
652 1980 867 2027 libertatem,
896 1981 961 2017 sed
989 1984 1045 2017 ta-

380 2036 476 2081 lem,
506 2048 601 2084 quae
619 2037 739 2086 pactio
765 2041 864 2074 esset
893 2037 1046 2074 servitu-

383 2093 443 2138 tis,
472 2092 635 2142 (qualem
655 2092 789 2131 scilicet
818 2094 859 2130 iis
882 2093 1043 2139 offerret,

381 2163 409 2186 s.
421 2154 657 2199 proponeret,
670 2147 917 2200 Lycaretus)“
936 2149 1042 2187 Wess.

381 2226 437 2233 —-
447 2204 668 2255 ἐβουλὲατο,
681 2207 789 2256 plane
800 2211 837 2242 ut
849 2206 875 2252 1,
886 2204 937 2254 4.,
950 2206 1043 2243 Lar-

379 2262 530 2306 chaus,
573 2275 617 2299 ex
658 2262 794 2299 Pauwii
837 2263 1044 2300 coniectura

380 2319 431 2355 sic
443 2319 568 2355 vertit:
589 2318 638 2364 „il
662 2319 782 2367 parait
798 2319 880 2355 bion
902 2332 974 2366 que
990 2319 1041 2356 les

378 2374 546 2411 Samiens
569 2375 803 2422 regard‹›ient
820 2388 959 2411 comune
972 2388 1043 2412 une

379 2430 489 2467 chose
508 2431 658 2479 indigne
679 2430 765 2467 d'un
784 2430 929 2468 homme
940 2431 1043 2479 libre,

382 2486 522 2524 d’obe'ir
542 2488 563 2524 ὲ
585 2500 634 2523 un
654 2488 802 2535 tyran.“

558 2544 666 2592 Cap.
698 2541 865 2579 CXLIV.

440 2598 482 2638 οἱ
499 2601 571 2638 τοῦ
590 2602 646 2636 Μ.
669 2597 895 2648 στασιῶται]
917 2599 1043 2637 Plures

382 2656 462 2693 libri
499 2657 754 2707 στρατιῶται,
789 2656 890 2704 quod
919 2661 1045 2693 tamen

384 2725 513 2763 parum
571 2712 719 2750 differre
773 2716 870 2748 reete
917 2712 1045 2748 statuit

386 2769 521 2815 Wess„
543 2782 623 2806 cum
645 2781 770 2806 omnes
787 2768 949 2805 eiusdem
967 2768 1046 2804 fue-

384 2826 458 2864 rint
474 2824 870 2873 faetionis,1i1aeandrii
887 2823 1046 2863 ἐπίκου-

1098 1937 1161 1970 ροι
1182 1921 1245 1969 III,
1260 1919 1350 1962 145.
1369 1918 1446 1961 146
1465 1923 1502 1957 et
1522 1922 1616 1956 nott.
1635 1919 1683 1955 ad
1698 1918 1762 1964 IH,

1096 1979 1133 2018 4.
1162 2001 1218 2006 -—
1245 1978 1304 2014 Ad
1331 1978 1485 2015 sormam
1510 1973 1690 2015 ἐκατέατο
1714 1975 1760 2012 cf.

1095 2036 1143 2084 ΙΙ,
1169 2037 1235 2075 86.

1284 2090 1395 2138 Cap.
1427 2089 1575 2127 CXLV.
1613 2124 1616 2131 ,

1153 2142 1502 2198 ὑπομαργότερος]
1534 2146 1556 2182 i.
1577 2158 1607 2182 e.
1632 2147 1762 2194 „petu-

1102 2205 1238 2241 lantior
1272 2207 1304 2240 et
1334 2202 1581 2252 propemodum
1607 2201 1762 2237 vecors.“

1100 2262 1156 2299 lta
1176 2262 1295 2298 W'ess.
1309 2288 1319 2306 ,
1350 2259 1501 2295 laudans
1524 2258 1586 2304 Vl,
1609 2257 1676 2298 75.
1698 2257 1763 2303 Ill,

1103 2320 1156 2359 29
1178 2318 1258 2365 (nbi
1278 2329 1310 2352 v.
1322 2315 1435 2361 nott.)
1449 2314 1602 2364 Appian.
1621 2313 1662 2350 B.
1682 2314 1761 2350 Civ.

1101 2374 1225 2421 V,48.
1249 2371 1401 2408 Suidam
1418 2382 1493 2407 ΞΝ.
1516 2394 1566 2400 ψ-
1588 2369 1647 2407 De
1665 2383 1764 2407 com-

1100 2429 1255 2479 paratixi
1277 2441 1343 2465 usu
1360 2428 1452 2464 conf.
1471 2426 1602 2463 Matth.
1619 2426 1683 2463 Gr.
1695 2426 1763 2463 Gr.

1101 2484 1140 2537 ᾗ.
1168 2485 1250 2526 475
1290 2485 1338 2520 in.
1377 2478 1552 2534 γοργύρη
1585 2483 1764 2520 subterra-

1101 2555 1203 2578 neum
1221 2541 1357 2577 indicat
1369 2553 1549 2585 carcerem,
1561 2534 1764 2590 δεσμωτή-

1103 2613 1191 2649 ριον
1209 2592 1420 2647 ὑπόγαιον,
1453 2601 1494 2633 ut
1511 2596 1666 2634 Glossae
1684 2596 1763 2633 He-

1103 2655 1209 2691 rodd.
1248 2654 1296 2690 ad
1328 2653 1361 2689 h.
1394 2653 1416 2689 l.
1444 2658 1481 2690 et
1507 2653 1642 2690 Suidas
1669 2665 1698 2689 s.
1727 2665 1762 2688 v.

1103 2709 1162 2747 Ad
1193 2711 1345 2746 formum
1377 2706 1483 2760 ἄχθη
1511 2710 1606 2746 conf.
1630 2708 1762 2746 Matth.

1102 2767 1124 2803 l.
1147 2766 1168 2804 Ι.
1196 2779 1280 2815 pag.
1300 2764 1394 2807 430.
1424 2765 1484 2804 Ad
1512 2761 1617 2806 οὕτω
1639 2760 1690 2816 δή
1713 2779 1763 2812 τι,

1100 2823 1145 2861 cf.
1168 2823 1231 2871 111,
1260 2825 1322 2864 12.
