1904 3304
457 237 541 278 24}
857 236 1328 276 HERODOTI

458 345 781 402 στρατεύεσθαι·
804 344 1025 400 ἐπιθυμέω
1043 344 1141 400 γάρ,
1161 346 1275 406 λόγῳ
1297 345 1624 403 πυνθανομένη,
1645 349 1730 390 Λα·

459 419 613 467 καίνας
630 417 762 472 τέμοι
775 416 975 471 γενέσθαι
989 419 1260 470 θεραπαίνας
1275 419 1347 461 καὶ
1363 417 1552 474 Ἀργειάς
1568 418 1639 460 καὶ
1649 423 1730 461 Ατ-

405 496 449 529 10
462 487 580 539 andeg
607 489 676 531 καὶ
707 489 960 541 Κορινθίας.
1013 487 1120 542 ἔχεις
1148 487 1193 530 ὁὲ
1223 488 1362 543 ἄνδρα
1392 488 1730 544 ἐπιτηδειότατον

461 557 637 613 ἀνδρῶν
657 557 834 601 πάντων
856 558 972 607 δέξαι
992 575 1035 601 τε
1054 558 1212 602 ἕκαστα
1231 563 1306 614 τῆς
1323 559 1530 611 Ἑλλάδος
1559 560 1631 603 καὶ
1660 576 1731 603 κα·
1746 564 1787 598 15

459 630 753 686 τηγήσασθαι,
805 634 965 673 τοῦτον
1003 629 1051 680 ὅς
1090 641 1165 673 σευ
1211 629 1289 673 τόν
1327 629 1442 673 πόδα
1483 630 1728 686 έξιήσατο.“

408 701 690 756 11Ἀμείβεται
720 705 930 755 Δαρεῖος·
983 695 1039 743 ἶῼ
1068 699 1226 756 γύναι,
1258 702 1347 744 ἐπεὶ
1380 703 1533 744 τοίνυν
1563 718 1631 745 τοι
1663 704 1730 745 δο-

460 771 546 815 κέει
563 776 639 828 τῆς
665 771 869 823 Ἑλλάδος
898 770 1030 828 ἡμέας
1055 776 1208 825 πρῶτα
1229 771 1573 826 ἀποπειρᾶσθαι,
1605 790 1730 816 κατα-

457 841 652 893 σκόπους
681 860 756 897 μοι
787 843 928 886 δοκέει
947 843 1152 896 Περσέων
1181 847 1358 896 πρῶτον
1395 842 1573 899 ἄμεινον
1607 842 1787 894 εἶναι,Ξο

459 912 575 969 ὁμοῦ
605 913 748 972 τούτῳ
778 918 839 970 τῷ
869 914 923 957 σὺ
953 914 1111 968 λέγεις,
1161 912 1327 968 πέμψαι
1367 913 1409 965 ἐς
1449 912 1633 965 αὐτούς·
1688 916 1732 957 οἳ

458 984 673 1040 μαθόντες
714 986 786 1028 καὶ
823 984 990 1035 ἰδόντες
1027 985 1184 1027 ἕκαστα
1223 983 1388 1036 αὐτῶν,
1433 984 1730 1041 ἐξαγγελέουσι

454 1056 571 1112 ἡμῖν.
630 1057 704 1099 καὶ
744 1057 906 1108 ἔπειτα,
958 1055 1302 1109 ἐξεπιστάμενος,
1346 1052 1413 1097 ἐπ’
1448 1055 1610 1107 αὐτούς
1640 1055 1730 1111 τρέ-

296 1124 395 1169 135
456 1133 641 1182 ψομαι.“
707 1131 854 1169 Ταῦτα
886 1124 995 1169 εἶπε·
1040 1125 1112 1168 καὶ
1143 1126 1229 1182 ἅμα
1257 1126 1357 1177 ἔπος
1388 1143 1454 1179 τε,
1494 1128 1568 1170 καὶ
1601 1128 1730 1183 ἔργον

122 1188 267 1249 ῗῗιωὲῖἷῃ
288 1189 400 1250 ξ’)ᾙῖῗ
458 1199 610 1242 ἐποίεε.
667 1197 759 1240 ἐπεί
796 1214 840 1241 τε
879 1196 961 1252 γὰρ
998 1195 1175 1252 τάχιστα
1214 1196 1351 1254 ἡμέρη
1382 1198 1615 1253 ἐπέλαμψε,
1655 1204 1786 1241 στα-95

123 1257 197 1283 cede
236 1258 265 1283 in
304 1258 327 1283 G
334 1266 399 1284 rae-

123 1291 147 1316 ci
152 1297 199 1316 am
222 1290 400 1330 specuIato-

123 1331 172 1351 res
190 1324 359 1352 mittuntur.

455 1270 583 1320 λέσας
619 1268 824 1322 Περσέων
855 1267 1018 1323 ἄνδρας
1046 1270 1253 1322 δοκίμους
1283 1271 1611 1320 πεντεκαίδεκα,
1648 1269 1732 1312 ένε-

457 1340 626 1384 τέλλετό
667 1351 766 1395 σφι,
816 1338 1055 1395 ἑπομένους
1084 1339 1357 1396 Δημοκήδεϊ,
1406 1341 1638 1391 διεξελθεῖν
1674 1340 1729 1383 τά

456 1409 796 1466 παραθαλάσσια
825 1415 902 1468 τῆς
927 1409 1154 1462 Ἑλλάδος·
1206 1410 1318 1462 ὅκως
1347 1426 1392 1454 τε
1420 1409 1478 1467 μὴ
1509 1409 1730 1467 διαδρήσε-

570 1572 679 1623 Cap.
710 1573 896 1610 CXXXV.
1121 1574 1218 1619 VIII,
1244 1573 1269 1614 5
1292 1573 1362 1609 alia
1385 1574 1422 1610 id
1442 1586 1570 1621 genus.
1630 1573 1787 1611 Forma-

457 1626 527 1666 καὶ
551 1623 632 1678 ἅμα
658 1629 751 1675 ἔπος
777 1629 870 1679 ete.]
912 1631 1064 1667 Comma

401 1691 486 1735 post
503 1683 596 1731 ἔπος
615 1699 652 1723 τε
674 1686 821 1732 illatum,
839 1687 971 1723 indicio
984 1700 1064 1724 esse

402 1742 527 1788 debet,
546 1754 591 1778 ne
614 1743 694 1790 quis
722 1742 935 1780 vocabulum
958 1742 1063 1790 ἔπος,

401 1799 503 1847 quod
524 1799 559 1834 in
580 1799 802 1836 nominativo
822 1800 981 1849 positum
995 1804 1064 1846 est,

401 1855 530 1903 cuique
542 1861 664 1892 mente
673 1856 760 1893 addi
782 1861 904 1906 potest
925 1850 991 1905 ἦν,
1006 1829 1064 1893 veI

402 1910 517 1948 simile
545 1911 657 1960 quid,
699 1912 819 1949 trahat
849 1913 897 1949 ad
934 1911 1062 1952 ἐποίεε

399 1972 574 2016 tanquam
585 1969 838 2005 accusativum.
865 1969 1063 2007 Caeterum

399 2025 436 2060 in
467 2024 502 2061 h.
531 2024 554 2060 l.
588 2025 712 2074 scripti
745 2024 824 2062 libri
854 2025 961 2063 valde
993 2028 1063 2062 flu-

400 2083 545 2127 ctuant,
587 2093 740 2129 quorum
776 2081 939 2118 nonnulli
977 2086 1065 2132 post

406 2135 499 2183 ἔπος
536 2138 701 2174 inserunt
744 2138 820 2175 sive
860 2133 945 2176 εἶπε
987 2139 1065 2176 sive

404 2191 494 2241 ἔφα.
552 2193 637 2238 Quo
664 2197 796 2231 neutro
831 2207 946 2244 opus,
983 2208 1064 2232 eum

401 2249 638 2299 proverbialis
658 2250 704 2286 sit
728 2250 876 2296 locutio,
897 2250 1005 2299 plane
1025 2255 1065 2287 ut

401 2304 596 2342 Latinum:
628 2306 780 2353 (lictum,
802 2306 960 2356 facium.
1003 2307 1063 2344 Cf.

400 2361 533 2398 Matth.
564 2361 629 2397 Gr.
660 2362 728 2398 Gr.
756 2376 791 2412 p.
815 2364 933 2402 1195.
981 2362 1063 2401 Nec

401 2430 492 2467 opus
531 2418 729 2455 rescribere
759 2432 839 2455 cum
871 2418 1060 2466 Valcken„

399 2473 584 2524 probante
611 2475 773 2522 quamvis
796 2475 994 2512 Ξοὴιθίενο
1014 2477 1061 2512 ad

401 2529 555 2578 Diony.s
566 2530 683 2566 Halic.
706 2530 753 2567 de
764 2544 924 2580 compos.
937 2532 1062 2568 v.erbb

401 2598 439 2636 1)-
458 2587 524 2630 33,
544 2587 667 2623 ταῦτα
680 2581 782 2624 εἶπε·
815 2584 896 2636 α’μα
917 2601 955 2625 τε
968 2587 1063 2633 ἔπος

405 2640 526 2690 ἔφατο
555 2641 623 2680 καὶ
656 2641 770 2693 ε’ργον
806 2641 954 2681 gavise.-
992 2646 1063 2679 ista

403 2697 519 2744 dt'xzt,
558 2702 590 2735 et
621 2699 725 2734 sunu!
761 2702 867 2748 atque
903 2699 1062 2747 dixisset,

403 2767 473 2791 rem
501 2755 791 2803 aggrediebatur.
851 2756 949 2792 Idem
976 2756 1063 2792 Val-

403 2811 506 2848 cken.
533 2812 689 2848 conferri
708 2811 781 2848 vuIt
803 2812 849 2848 ob
870 2811 1059 2848 locuti0n³s

404 2868 672 2906 similitudinem
695 2869 725 2916 1,
754 2870 844 2908 112.
873 2867 943 2914 IV,
966 2869 1056 2908 150.

1122 1631 1177 1668 lae
1197 1631 1347 1667 fundum
1360 1630 1591 1667 Homericum
1606 1643 1687 1668 esse
1705 1632 1785 1680 qui-

1119 1688 1172 1723 vis
1195 1687 1341 1724 sentiet.
1374 1688 1430 1723 Cf.
1455 1686 1553 1723 Iliad.
1574 1687 1783 1734 X1X‚242‚

1119 1744 1181 1780 ubi
1198 1744 1334 1779 (ludum
1347 1743 1603 1780 animadvertit
1616 1743 1783 1781 Eustath.

1120 1813 1156 1849 p-
1185 1801 1304 1845 1182,
1316 1801 1370 1839 30
1393 1814 1420 1836 s.
1450 1798 1556 1840 1248
1577 1800 1636 1835 fin.
1660 1800 1784 1836 Hero-

1120 1857 1230 1892 dotea
1244 1860 1411 1903 tangens.
1444 1856 1538 1891 Add.
1559 1856 1665 1892 Pind.
1677 1855 1783 1905 Pyth.

1121 1913 1183 1958 lv,
1206 1912 1285 1953 185
1306 1925 1382 1961 seq.
1411 1910 1533 1962 (105)
1555 1908 1647 1950 ον’τε
1671 1911 1784 1963 ἔργον

1121 1964 1209 2007 οὔτ’
1231 1967 1325 2014 ἔπος
1349 1963 1592 2017 εὐτραπελον
1616 1969 1783 2007 κείνοισι

1121 2021 1272 2073 ειπών,
1310 2025 1373 2062 ubi
1404 2024 1567 2062 Boeckh.
1596 2029 1684 2076 apte
1716 2026 1785 2063 ad-

1121 2082 1261 2119 monuit
1279 2081 1484 2119 Herodotei
1504 2080 1585 2118 loci.
1620 2124 1624 2131 „

1177 2168 1396 2221 ἐπέλαμψε]
1412 2170 1512 2208 Idem
1521 2170 1670 2208 verbum
1683 2170 1714 2206 Υ
1718 2169 1782 2216 III,

1124 2225 1300 2268 14.130.
1332 2227 1440 2264 Conf.
1462 2228 1490 2273 l,
1515 2228 1608 2273 190,
1638 2226 1700 2263 ubi
1728 2230 1784 2264 est

1119 2282 1147 2322 v‘
1160 2299 1189 2322 π
1200 2282 1218 2322 έ
1230 2286 1251 2321 λ
1263 2299 1287 2321 α
1297 2299 1323 2334 μ
1336 2298 1363 2321 π
1377 2297 1404 2322 ε.

1176 2357 1280 2407 ὅκως
1301 2376 1341 2400 τε
1360 2357 1429 2411 μή]
1464 2360 1575 2404 Quod
1598 2374 1665 2411 pro
1693 2372 1782 2400 σκο-

1119 2421 1232 2465 πεῖν,
1265 2431 1291 2454 s.
1316 2415 1491 2466 φυλάξαι
1513 2413 1615 2465 ὅκως
1637 2414 1692 2468 μή
1710 2419 1782 2455 dici

1119 2479 1243 2511 monet
1262 2474 1394 2510 Matth.
1422 2475 1486 2509 Gr.
1508 2474 1573 2510 Gr.
1599 2488 1636 2524 p.
1661 2476 1781 2522 1037,

1120 2531 1182 2567 ubi
1200 2531 1246 2567 de
1259 2535 1438 2566 structura
1459 2530 1561 2567 huius
1576 2530 1657 2567 loci.
1686 2531 1783 2567 Scri·

1119 2588 1254 2636 psimus
1276 2599 1360 2622 vero
1379 2600 1457 2623 cum
1484 2591 1636 2624 reeentt.
1656 2587 1741 2625 edd.
1761 2599 1782 2624 e

1119 2643 1348 2692 quorundam
1369 2642 1539 2679 librorum
1561 2644 1782 2680 auctoritate

1120 2695 1373 2749 διαδρήσεται
1411 2705 1446 2736 et
1483 2694 1682 2745 ἀπάξουσι
1713 2711 1781 2748 pro

1119 2751 1380 2805 διαδρήσηται
1415 2760 1453 2793 et
1474 2751 1666 2802 ἅπαξωσι.
1720 2754 1781 2792 Tu

1117 2813 1212 2848 conf.
1243 2811 1305 2857 III,
1335 2814 1398 2853 56.
1436 2811 1523 2853 140.
1583 2812 1646 2848 Sic
1669 2810 1779 2860 paulo

1116 2874 1202 2918 post
1229 2866 1354 2907 ἐδέετο
1385 2863 1513 2907 αὐτοῦ
1535 2863 1640 2913 όκως
1659 2887 1714 2894 —
1734 2862 1782 2916 ἥ·
