1904 3304
413 224 498 266 176
807 222 1275 264 HERODOTI

74 333 230 397 proportio
241 353 250 367 ‚
287 335 350 361 tre-

95 368 202 403 ecupm
215 367 351 395 Herod&
407 331 701 391 βαλλεόμενον
746 332 964 376 τάλαντον
1011 332 1179 387 γίνεται
1238 331 1556 388 τεσσεράκοντα
1607 333 1681 379 καὶ

75 403 262 437 ²5⁸⁸¹¹¹P⁰¹⁸²
281 401 349 428 ⁸⁰¹³·
377 403 677 449 Ξπεντακόσια
706 403 779 446 καὶ
809 404 1090 459 εἰνακισχίλια
1119 402 1320 447 τάλαντα.
1360 402 1408 447 τό
1431 405 1476 448 δὲ
1496 406 1681 462 χρυσίον

75 436 165 464 ducta
235 443 349 462 summa

75 470 207 532 ‘r'ffifum
225 469 352 497 “imm’‘
410 473 872 531 τρισκαιδεκαστάσιον
900 474 1203 531 λογιζόμενον,
1231 474 1279 519 τό
1311 479 1462 541 &figure
1492 476 1738 532 εὑρίσκε-9ο

407 564 479 591 ται
512 546 585 591 ἐὰν
615 544 868 603 Εὐβοεικῶν
896 544 1123 590 ταλάντων
1155 544 1407 602 ὀγδώκοντα
1435 546 1508 589 καὶ
1538 545 1682 598 ἑξακο-

382 622 526 663 3σίων
555 619 627 662 καὶ
656 619 1017 674 τετρακισχιλίων.
1084 615 1250 661 τούτων
1283 612 1345 660 ὦν
1374 615 1550 660 πάντων
1584 628 1682 660 συν-

411 690 650 746 τιθεμένων
678 687 727 732 τὸ
758 692 947 746 πλῆθος,
978 686 1195 745 Εὐβοεικὰ
1225 686 1412 732 τάλαντα
1432 686 1681 744 συνελέγετο

414 761 458 813 ἐς
497 760 577 804 τόν
614 759 802 803 ἐπέτειον
845 758 993 816 φόρον
1032 761 1206 817 Δαρείῳ
1243 759 1383 815 μύρια
1422 759 1495 802 καὶ
1537 775 1682 814 τετρα-

413 833 601 888 κισχίλια
621 832 692 875 καὶ
722 831 986 876 πεντακόσια
1006 831 1079 875 καὶ
1110 829 1340 888 ἑξήκοντα·
1373 829 1421 874 τό
1446 829 1482 875 δ’
1504 832 1566 876 ἔτι
1583 829 1740 876 τού-95

356 996 510 1040 τούτων
528 998 708 1047 ἔλασσον,
741 995 872 1046 οἷπιεὶς
892 994 942 1039 ου’
961 996 1020 1038 λε’-

355 1072 425 1110 γω.
468 1057 563 1093 Utut
580 1061 651 1104 est,
680 1057 861 1095 Herodoti
880 1056 1019 1094 talenta

358 1113 514 1160 14560,
541 1118 691 1151 notante
714 1114 874 1151 Heeren.
905 1113 1017 1150 ldeen

355 1169 385 1217 I,
412 1172 431 1210 1
459 1182 496 1220 p.
517 1167 599 1210 480
618 1175 780 1220 aequant
800 1171 913 1208 ferme
934 1182 1022 1206 cen-

356 1227 424 1263 ties
451 1226 719 1275 quinquaginta
747 1226 803 1264 vel
830 1227 1020 1275 sexaginta

355 1286 514 1321 centena
534 1282 645 1319 millia
665 1283 916 1333 imperialium.

410 1335 455 1377 τό
485 1336 527 1377 ὁὲ
557 1339 720 1389 χρυσίον
748 1339 1019 1390 τρισκαιδεκα-

356 1391 519 1434 στάσιον
536 1411 614 1434 na.
628 1394 676 1446 λ.]
696 1396 1020 1447 computationem

355 1453 490 1489 iustam
527 1465 608 1490 esse
640 1465 747 1490 nemo
787 1466 862 1490 non
900 1453 1020 1498 videt3

356 1521 442 1546 nam
479 1510 563 1551 360
600 1509 738 1547 talenta
773 1513 1020 1547 ramentorum

355 1566 434 1603 auri
455 1578 522 1615 pro
542 1566 683 1603 ratione
701 1566 915 1616 tredecupla
935 1578 1022 1603 con-

357 1621 484 1658 ficiunt
504 1635 592 1659 sane
605 1622 714 1663 4680
727 1622 866 1659 talenta
885 1634 1020 1671 argen-

357 1678 387 1715 ti
419 1677 594 1715 Euboica.
652 1678 705 1715 Ac
738 1679 874 1715 variam
909 1679 1020 1715 fuisse

360 1735 436 1771 auri
463 1735 512 1770 ad
535 1739 727 1783 argentum
754 1736 930 1772 rationem
953 1748 1021 1784 pro

358 1791 489 1828 minori
509 1791 567 1828 vel
588 1792 714 1828 maiori
733 1792 809 1829 eius
831 1792 1023 1829 abundan-

358 1847 412 1884 tia
438 1851 564 1885 monet
587 1847 811 1896 Wesseling.
860 1848 914 1885 lta
934 1862 967 1885 v.
990 1861 1020 1885 c.

359 1902 525 1941 Platonis
548 1908 670 1942 aetate
696 1904 928 1954 duodecupla
953 1905 1021 1941 suit

360 1959 453 2008 (vid.
475 1960 676 2011 Hipparch.
697 1974 732 2011 p.
745 1963 826 2002 231
849 1961 915 2010 D.)
941 1960 1022 1998 Me-

360 2017 494 2054 nandri
519 2018 644 2055 comici
674 2022 796 2055 aetate
821 2015 911 2068 (vid.
937 2017 1022 2054 Pol-

358 2072 418 2110 lux
437 2073 501 2121 lX,
524 2074 598 2123 76)
625 2073 790 2124 decupla.
838 2075 1022 2111 Constan-

357 2131 424 2167 tini
445 2134 568 2168 aetate
590 2130 637 2167 ad
651 2130 933 2181 quindecuplam
955 2131 1023 2167 ad-

356 2187 521 2233 scendit,
550 2187 616 2223 sub
640 2186 855 2224 Theodosio
881 2188 1022 2225 iuniore

357 2244 405 2280 ad
428 2242 726 2293 octodecuplam3
757 2245 856 2295 apud
884 2244 1023 2281 Roma-

357 2312 426 2336 nos
449 2299 543 2337 inter
560 2299 728 2336 Caesaris
751 2305 787 2337 et
806 2300 1023 2337 Diocletiani

358 2360 528 2405 tempora
556 2355 784 2405 duodecupla
812 2369 838 2392 s.
860 2357 1022 2393 undecu-

360 2411 423 2462 pla
450 2412 518 2449 fuit
547 2415 585 2448 et
606 2411 716 2461 paulo
745 2417 830 2449 ante
855 2413 1023 2450 tredecu-

359 2467 432 2518 pla.
492 2467 618 2511 Qualis
648 2468 768 2505 medio
798 2481 887 2505 aevo
916 2469 1025 2506 suerit

361 2524 475 2570 ratio,
505 2537 599 2560 nunc
627 2524 825 2570 mittimus3
856 2526 890 2560 in
914 2538 1022 2574 prae-

362 2580 479 2617 sentia
509 2593 575 2630 per
597 2580 755 2617 Galliam
780 2581 1024 2631 quindecupla

364 2649 444 2675 esse
473 2637 613 2673 dicitur.
668 2637 751 2673 vid.
786 2650 894 2686 quem
930 2637 1026 2674 Miot

363 2693 452 2730 citat
481 2691 671 2730 Letronne
696 2694 924 2730 Considerat.
953 2695 1024 2742 ge'-

365 2749 441 2787 ner.
463 2762 524 2785 sur
545 2749 661 2786 l’eval.
692 2750 726 2786 d.
747 2763 869 2786 monn.
895 2750 962 2786 Gr.
987 2753 1024 2787 et

363 2805 641 2851 Romm.(Paris
657 2807 783 2853 1817)
805 2820 841 2856 p.
857 2808 934 2845 103
947 2819 1022 2855 seq.

423 2858 466 2902 τὸ
503 2857 546 2901 δ’
579 2860 634 2901 ἔτι
667 2857 821 2902 τούτων
858 2860 1024 2902 ἔλασσον

1076 993 1208 1046 οἷπιεὶς
1235 999 1282 1038 οὐ
1315 997 1429 1051 λέγω]
1471 1003 1550 1047 „ut
1578 1000 1740 1035 minorem

1076 1069 1255 1093 numerum
1279 1058 1428 1103 mittam,
1452 1059 1513 1106 qui
1533 1057 1625 1093 lianc
1647 1068 1741 1092 sum-

1077 1125 1168 1148 mam
1196 1113 1377 1149 excetlitf‘
1437 1113 1492 1150 lta
1521 1112 1742 1161 Schweigh.‚

1077 1182 1145 1206 nec
1171 1169 1274 1207 aliter
1297 1175 1448 1218 uterque
1472 1169 1598 1206 Gallus
1627 1169 1743 1206 inter-

1076 1238 1172 1276 pres.
1223 1226 1270 1262 Et
1300 1231 1398 1263 recte
1432 1227 1480 1263 ad
1514 1238 1682 1272 sensum,
1712 1225 1742 1261 si

1077 1282 1166 1331 quid
1197 1282 1327 1329 video,
1369 1295 1451 1319 cum
1479 1282 1664 1320 Herodoti
1697 1293 1743 1318 ea

1077 1339 1124 1375 sit
1144 1351 1260 1385 menS,
1286 1342 1341 1385 ut,
1371 1351 1466 1388 quae
1486 1342 1634 1389 praeter
1653 1337 1743 1376 haee

1076 1395 1212 1432 tributa
1225 1399 1334 1433 antea
1352 1399 1634 1433 commemorata
1644 1407 1744 1432 sum-

1077 1464 1160 1489 mae
1187 1451 1241 1488 his
1269 1452 1356 1502 ipsis
1381 1452 1526 1489 tributis
1552 1451 1741 1489 inferiores

1078 1508 1114 1544 in
1146 1508 1287 1556 regium
1320 1508 1499 1545 aerarium
1531 1508 1742 1555 deveniant,

1079 1577 1140 1602 eas
1177 1577 1216 1601 se
1248 1565 1305 1601 hic
1333 1565 1476 1601 silentio
1513 1564 1743 1614 praetermit-

1078 1624 1154 1658 tere
1180 1621 1290 1657 dicat.
1349 1621 1570 1658 Huiusmodi
1602 1621 1743 1657 minora

1077 1678 1261 1726 quaedam
1279 1677 1469 1726 vectigalia
1485 1681 1633 1727 praeter
1645 1677 1744 1713 ordi-

1078 1734 1179 1770 naria
1199 1734 1346 1779 tributa,
1361 1738 1527 1771 recenset
1555 1747 1586 1769 v.
1601 1734 1742 1771 c.Hee·

1081 1802 1154 1827 ren.
1177 1790 1290 1827 Ideen
1309 1790 1334 1836 Ι,
1359 1792 1377 1828 1
1402 1803 1488 1840 pag.
1511 1789 1606 1831 482.
1665 1789 1742 1827 Iam

1077 1859 1163 1884 vero
1206 1846 1235 1882 si
1275 1846 1434 1883 omnium
1474 1846 1602 1883 horum
1645 1845 1743 1884 redi-

1076 1906 1178 1940 tuum
1195 1915 1372 1940 summam
1393 1904 1502 1940 ducas
1522 1903 1743 1952 talentisque

1082 1958 1219 2000 14560
1246 1960 1387 2006 addas,
1416 1964 1567 1997 auctore
1592 1959 1744 1996 Benne-

1078 2015 1125 2052 lio
1147 2015 1169 2053 l.
1190 2015 1212 2052 l.
1229 2030 1264 2066 p.
1287 2015 1368 2057 524
1382 2029 1474 2066 seq.,
1507 2018 1588 2056 700
1606 2015 1744 2053 talenta

1077 2085 1144 2123 pro
1171 2073 1352 2110 frumento
1384 2071 1614 2127 Aegyptio„
1634 2074 1742 2112 1000

1078 2142 1145 2179 pro
1169 2129 1328 2167 Arabum
1353 2129 1515 2176 tributis,
1545 2131 1655 2171 2000
1675 2140 1743 2178 pro

1079 2185 1286 2233 Persarum,
1315 2185 1556 2236 Aethiopum,
1588 2183 1745 2222 Colcho-

1079 2254 1158 2279 rum
1180 2243 1300 2289 donis,
1331 2243 1451 2280 existit
1472 2254 1612 2279 summa
1629 2240 1745 2278 talen-

1081 2302 1198 2335 torum
1235 2300 1392 2345 18260‚
1448 2310 1544 2347 quae
1583 2300 1744 2346 aequant

1081 2355 1268 2392 ducenties
1303 2360 1457 2392 centena
1488 2354 1597 2391 millia
1628 2355 1745 2403 impe-

1081 2411 1237 2448 rialium.
1306 2412 1414 2454 Quae
1445 2411 1604 2447 omnium
1632 2410 1742 2446 totius

1080 2467 1272 2504 Persarum
1305 2468 1408 2516 regni
1437 2467 1617 2503 redituum
1646 2478 1744 2502 sum-

1082 2537 1141 2560 ma
1163 2524 1266 2560 nimis
1290 2525 1419 2571 exigua
1435 2523 1579 2559 videtur
1592 2523 1744 2560 Renne-

1082 2579 1128 2616 lio
1152 2581 1312 2628 itemque
1337 2580 1572 2616 Robertsono
1597 2579 1744 2629 (Ueber

1083 2636 1120 2672 d.
1139 2636 1302 2673 Kenntn.
1329 2637 1394 2673 der
1413 2635 1523 2673 Alten
1545 2648 1578 2672 v,
1603 2635 1741 2673 Indien.

1081 2705 1165 2742 pag.
1188 2694 1265 2733 193
1286 2693 1343 2729 vd.
1362 2705 1459 2730 vern.
1473 2692 1667 2740 Forsten),
1681 2691 1743 2741 qui

1081 2749 1165 2785 inde
1193 2748 1396 2795 concludit,
1423 2749 1502 2785 auri
1527 2749 1741 2797 argentique

1081 2806 1239 2855 pretium
1262 2805 1321 2841 illa
1343 2810 1465 2842 aetate
1490 2804 1603 2842 multo
1630 2804 1742 2840 fuisse

1081 2861 1210 2900 maius.
1268 2861 1345 2899 Sed
1366 2861 1504 2912 optime
1523 2864 1646 2898 monet
1664 2859 1740 2897 eius
