1904 3304
454 270 1012 312 MELPOMENE.

1070 269 1133 308 IV.
1341 269 1423 310 561

169 386 327 441 πνίγει·
363 383 564 437 Λέαρχον
592 381 637 425 δὲ
665 379 690 438 ἡ
717 381 827 436 γυνὴ
856 378 882 437 ἡ
905 378 1151 433 Ἀρκεσίλεω
1182 377 1295 435 δόλῳ
1318 378 1423 421 κτεί-
1437 384 1482 420 85

27 461 120 507 161
171 473 248 508 νει,
269 458 321 511 τῇ
341 452 508 509 οὕνομα
529 448 582 509 ἧν
597 452 767 507 Ἐρυξώ.
796 452 1025 502 Διεδέξατο
1047 450 1092 493 δὲ
1108 448 1423 505 τὴνβασιληῖῑην

169 530 249 569 τοῦ
273 523 522 578 Ἀρκεσίλεω
553 522 576 567 ὁ
607 523 708 574 πάϊς
737 523 919 572 Βάττος,
963 519 1098 576 χωλός
1126 536 1170 562 τε
1200 519 1310 571 ἐών,
1351 521 1425 563 καὶ

585 597 627 638 οἱ
664 595 709 638 δὲ
750 597 992 648 Κυρηναῖοι
1027 591 1135 646 πρὸς
1174 592 1254 646 τὴν
1293 607 1420 633 κατα-

141 603 164 637 2
177 593 258 638 οὐκ
297 593 518 648 ἀρτίπους.

168 668 394 721 λαβοῦσαν
428 664 662 721 συμφορήν
702 665 892 719 ἔπεμπον
922 664 964 714 ἐς
994 661 1219 717 Δελφούς,
1258 661 1426 718 ἐπειρη-

171 737 408 791 σομένους,
450 736 501 780 ὅν
539 753 634 779 τινα
672 734 837 790 τρόπον
876 733 1244 787 καταστησάμενοι
1281 733 1481 776 καλλι-9ο

138 813 251 850 3στα
290 806 344 850 ἂν
383 806 579 851 οἰκέοιεν.
637 805 664 862 ἡ
703 806 750 850 δὲ
788 805 939 862 Πυθίη
977 804 1141 848 ἐκέλευε
1180 803 1226 847 ἐκ
1260 807 1428 847 Μαντι-

113 992 238 1027 narrat
292 992 544 1038 aegrotantem
593 988 773 1026 medicina

112 1050 292 1083 venenata
327 1051 444 1082 sumta
473 1046 560 1091 (hoc
593 1046 688 1083 enim
710 1058 774 1081 va-

113 1101 189 1138 lere
207 1102 348 1139 videtur
373 1098 607 1152 φάρμακον)
619 1114 641 1139 a
658 1100 772 1139 Lear-

114 1156 180 1194 cho
200 1158 378 1196 sublatum
399 1172 488 1197 esse.

302 1215 416 1265 Cap.
455 1214 585 1251 CLXI.

172 1265 335 1320 Βάττος]
375 1272 443 1308 Est
473 1270 608 1307 Battus
634 1272 772 1316 tertius,

117 1339 224 1373 quein
244 1339 417 1375 regnasse
439 1328 544 1377 ponit
565 1328 669 1364 Reiz,
692 1328 773 1367 550

117 1382 264 1420 —530
285 1395 317 1419 a,
340 1384 424 1419 Chr.
444 1396 500 1430 ιι,
531 1382 610 1429 alii,
641 1384 676 1418 in
695 1383 774 1431 qui-

117 1436 184 1474 bus
223 1435 425 1473 Larcherus
442 1465 452 1483 ‚
498 1439 579 1479 :544
601 1460 656 1466 —
680 1441 773 1480 529.

118 1492 199 1530 Nec
228 1504 316 1529 sane
347 1497 431 1541 post
459 1505 592 1529 annum
613 1495 692 1532 529
716 1495 774 1529 ille

116 1548 249 1585 obiisse
268 1548 421 1594 videtur,
452 1561 560 1596 quem
582 1561 774 1597 perperam

115 1603 300 1650 nonnulli,
349 1605 410 1653 qui
445 1604 594 1641 Battum
632 1604 774 1641 felicem

116 1660 221 1696 huius
263 1660 419 1696 nominis
454 1661 588 1697 faciunt
620 1662 774 1706 tertium,

117 1719 280 1766 quartum
293 1720 434 1766 ponunt
452 1729 607 1766 eumque
623 1718 775 1753 consun-

117 1773 209 1809 dunt
227 1785 307 1809 cum
326 1785 370 1810 eo
387 1773 510 1818 Batto,
540 1774 602 1822 qui
625 1777 774 1809 vocatur

118 1826 143 1867 o‘
166 1823 296 1874 Καλός
323 1841 365 1865 ac
382 1841 421 1866 re
440 1841 526 1865 vera
549 1832 697 1878 quartus
716 1833 775 1866 est

118 1884 186 1921 hac
213 1885 249 1920 in
277 1884 381 1922 serie.
437 1885 520 1922 vid.
543 1885 578 1922 T
580 1886 684 1935 hrige
706 1885 727 1922 l.
749 1884 773 1922 l.

118 1953 155 1991 p.
175 1942 267 1980 167.
288 1943 367 1981 196
386 1953 488 1989 seqq.

175 1995 244 2034 καὶ
265 1992 339 2034 ου’ν.
358 1992 563 2047 τῖρτίπους]
606 1996 629 2032 i.
653 2009 686 2033 e.
713 2009 775 2033 nec

114 2051 264 2102 pedibus
284 2055 417 2100 integer
430 2082 440 2098 ‚
473 2055 533 2102 qui
550 2052 698 2101 pedibus
719 2055 775 2089 in-

120 2107 234 2145 cedere
254 2108 350 2145 Ιιαιιιῑ
372 2109 473 2145 valet.
514 2109 598 2151 Quo
618 2109 696 2157 ipso
714 2122 775 2146 ex-

118 2162 272 2213 plicatur
294 2165 511 2202 antecedens
531 2159 665 2213 χωλός.
714 2165 774 2202 Cf.

118 2219 183 2267 ΠΙ,
198 2222 289 2260 130.
319 2221 440 2258 Verba
457 2217 551 2271 πρὸς
567 2217 640 2271 τήν
660 2235 775 2258 κατα-

120 2276 324 2326 λαβοῦσαν
381 2272 618 2326 συμφορήν,
681 2289 776 2325 quae

120 2332 322 2381 Schweigh.
346 2332 397 2370 sic
420 2333 598 2369 reddidit:
650 2333 688 2368 ob
710 2334 776 2368 tn·-

123 2392 204 2425 stem
220 2402 334 2425 rerum
355 2402 499 2425 suarum
518 2392 661 2434 statum,
691 2402 776 2439 pro-

120 2445 200 2493 prie
221 2444 358 2482 valent:
399 2446 447 2481 ad
468 2458 495 2481 s.
516 2446 686 2481 adversus
717 2459 778 2481 ca-

123 2500 338 2548 lamitatem,
378 2504 416 2538 in
446 2514 549 2550 quam
567 2502 776 2539 inciderant.

123 2555 182 2592 De
235 2558 346 2594 verbo
399 2558 634 2609 καταλαβεῖν
682 2559 777 2596 conf.

124 2611 195 2656 lV,
226 2613 316 2653 105.

180 2662 226 2706 'dv
245 2683 332 2706 τινα
352 2666 500 2720 τρόπον
529 2667 778 2720 καταστησά-

124 2736 235 2772 μενοι
247 2719 431 2764 κάλλιστα
444 2723 494 2764 ἂν
508 2726 690 2776 οἰκέοιεν]
710 2728 732 2763 i.
744 2740 777 2764 e.

126 2792 190 2826 quo
204 2780 300 2816 morlo
313 2794 381 2817 rem
393 2783 570 2831 publicam
589 2786 780 2821 constitne-

124 2839 218 2881 τειιΐ,
257 2840 297 2872 ut
326 2840 450 2887 optime
475 2840 589 2876 urbem
617 2840 778 2877 habitare

121 2895 279 2939 possent,
309 2905 337 2929 s.
359 2898 400 2930 ut
416 2894 617 2945 Schweigh.
637 2897 777 2935 reddit:

175 2947 386 2988 Hmzonor.
416 2950 462 2988 ll.

830 986 933 1038 „qud
963 986 1060 1025 τήίίιὶ
1103 989 1238 1024 ratione
1276 987 1399 1036 optime
1433 998 1487 1023 res

829 1059 912 1082 snas
939 1045 1240 1082 administrarent.
1251 1044 1275 1063 ‘⁶
1324 1043 1432 1079 Conf.
1458 1043 1488 1089 I,

831 1105 903 1143 67:
933 1097 1179 1153 ἐπειρώτεον,
1201 1102 1289 1138 τίνα
1309 1094 1359 1137 ἂν
1374 1101 1487 1137 θεῶν

832 1153 1064 1208 ἱλασάμενοι
1094 1180 1144 1185 --
1173 1156 1376 1208 γενοίατο,
1426 1155 1487 1192 ubi

831 1215 956 1251 similis
989 1214 1143 1265 optativi
1175 1214 1292 1258 ratio,
1346 1213 1490 1249 adiecta

829 1266 1006 1321 particula
1043 1267 1106 1308 ἄν.
1170 1268 1231 1306 Ad
1261 1270 1374 1318 ipsam
1401 1281 1489 1305 vero

829 1340 906 1364 rem
933 1327 1000 1363 hoc
1019 1327 1125 1364 velim
1149 1326 1287 1370 teneri,
1324 1326 1488 1372 Cyrenes

829 1383 1087 1433 rempublicam
1109 1382 1305 1429 antiquitus
1332 1381 1489 1418 eandem

830 1440 944 1476 ferme
965 1440 1076 1476 fuisse
1100 1439 1230 1483 videri,
1263 1449 1356 1485 quae
1376 1437 1491 1485 Spar-

831 1500 892 1530 tae
911 1496 1029 1539 fuerit,
1060 1505 1239 1542 regesque
1257 1493 1340 1528 olim
1360 1492 1490 1528 iisdem

830 1551 929 1595 fere,
959 1550 1088 1598 quibus
1112 1551 1288 1599 Spartae,
1320 1561 1403 1584 usos
1423 1547 1491 1584 ho-

830 1606 979 1642 noribus
1006 1606 1237 1653 intimisque,
1278 1616 1361 1641 mox
1382 1608 1490 1654 pote-

831 1662 915 1698 stati
934 1661 1125 1709 augendae
1142 1660 1347 1706 studuisse,
1376 1665 1413 1696 ut
1431 1664 1490 1708 ty-

829 1717 934 1755 ranni
967 1718 1087 1767 potius
1122 1718 1342 1762 existerent,
1389 1716 1488 1753 nulla

830 1787 898 1811 nec
918 1773 1061 1823 legum,
1093 1786 1161 1811 nec
1177 1774 1336 1822 ipsorum
1360 1773 1490 1810 civium

830 1830 954 1867 habita
975 1831 1128 1868 ratione.
1177 1829 1272 1867 Hinc
1291 1830 1489 1866 seditiones

831 1900 874 1924 ac
897 1886 1123 1931 discordiae3
1153 1886 1234 1923 hinc
1254 1886 1305 1923 rei
1326 1885 1491 1935 publicae

831 1947 947 1979 status
1002 1942 1239 1980 labefactatus
1299 1942 1489 1990 omnisque

831 2000 921 2035 ordo
938 1999 1115 2035 turbatus.
1147 1999 1287 2042 Quibus
1308 1997 1409 2034 malis
1426 2010 1489 2033 sa-

831 2055 964 2091 nandis
987 2055 1171 2103 veterique
1195 2054 1323 2090 civium
1353 2065 1489 2102 aequa-

831 2110 962 2147 bilitati
994 2110 1130 2158 (quarn
1161 2111 1197 2147 in
1225 2111 1383 2146 omnium
1411 2109 1490 2146 Do-

831 2179 910 2203 rum
935 2166 1141 2202 civitatibus
1161 2166 1311 2202 multum
1332 2165 1489 2203 valuisse

832 2223 1016 2269 novimus)
1046 2223 1291 2260 restituendae
1311 2221 1491 2270 Cyrenaei

832 2278 966 2315 oraculi
983 2279 1081 2315 iussu
1101 2279 1362 2315 arcessivcrunt
1374 2279 1490 2315 virum

832 2334 1142 2379 Mantineensem,
1174 2335 1235 2383 qui
1258 2335 1392 2370 civibus
1412 2335 1491 2371 iura

833 2403 855 2427 a
872 2391 1020 2438 regibus
1038 2404 1105 2441 per
1121 2391 1191 2427 vim
1213 2396 1339 2440 erepta
1356 2391 1490 2428 redde-

833 2451 888 2484 ret
924 2459 1143 2496 omnemque
1182 2460 1257 2483 rem
1295 2446 1491 2497 publicam,

833 2516 960 2551 regum
989 2504 1139 2553 irnperio
1163 2503 1293 2539 finibus
1324 2504 1396 2540 suis
1421 2504 1492 2539 cir-

834 2559 1072 2609 cumscripto,
1114 2560 1332 2598 restitueret.
1393 2558 1492 2596 Nam

836 2616 1111 2654 Mantineenses
1135 2616 1228 2653 inter
1245 2615 1399 2665 populos
1425 2610 1490 2654 εὕ-

835 2669 1089 2721 νομωτάτους
1106 2677 1340 2709 recensentur
1358 2672 1404 2709 ab
1418 2670 1492 2709 Ae-

834 2728 917 2764 lian.
941 2728 984 2765 V.
1012 2729 1060 2765 H.
1082 2728 1135 2775 11,
1170 2731 1223 2769 22
1265 2728 1491 2777 imperioque

834 2784 1006 2821 videntur
1028 2785 1082 2822 usi
1105 2797 1185 2822 esse
1203 2784 1389 2833 populari,
1429 2783 1491 2820 ubi

835 2853 974 2877 summa
991 2854 1104 2891 penes
1123 2839 1294 2890 populum
1319 2844 1492 2889 potestaS.

835 2896 896 2935 Tu
924 2897 996 2934 vid.
1026 2895 1277 2992 Mffller'nlgor'
1298 2896 1330 2932 ll
1353 2908 1388 2946 p.
1414 2895 1491 2934 173

1167 2966 1190 2990 ο

1479 447 1620 476 Succedit
1635 449 1756 476 circiter

1480 489 1497 507 a
1523 482 1573 508 550
1589 483 1692 509 Battus
1704 483 1756 510 ΙΙΙ.

1482 514 1588 542 debilis
1615 517 1756 550 pedibus:

1483 549 1631 583 Cyrenaei
1653 558 1757 576 oracu-

1479 581 1508 607 lo
1528 582 1600 609 iussi
1619 588 1722 617 petunt
1739 593 1758 612 a

1498 615 1739 644 Mantinensibus

1480 654 1678 677 correctorem
1687 660 1760 679 suao

1482 683 1631 710 civitatis:
1671 685 1759 712 datus

1486 716 1649 745 Demonax:
1688 728 1758 752 quw

1485 750 1568 776 modo
1586 751 1611 777 i&
1621 760 1686 779 cam
1695 761 1759 780 cor-

1484 784 1606 812 rexerit.
