1904 3304
391 258 448 298 76
781 256 1259 298 HERODOTI

393 364 535 421 ἄνδρα
566 367 698 422 φίλον
727 367 799 411 καὶ
830 367 969 419 ξεῖνον
1007 363 1057 410 εὖ
1085 366 1358 424 πρήσσοντα·
1419 368 1513 424 ἐμοὶ
1544 370 1589 413 δὲ
1620 372 1665 413 αἱ

393 437 464 480 σαὶ
493 436 676 493 μεγάλαι
705 438 897 493 εὐτυχίαι
927 435 1010 481 οὐκ
1045 435 1302 492 ἀρέσκουσι,
1343 438 1391 481 τὸ
1420 445 1546 483 θεῖον
1577 440 1665 483 έπι-

363 508 592 564 4σταμένῳ
626 508 684 559 ὠς
713 509 801 552 ἔστι
832 507 1073 564 φθονερόν.

1133 511 1207 552 καί
1226 527 1313 562 κως
1331 509 1560 567 βούλομαι,
1593 511 1663 553 καὶ
1677 520 1722 551 60

393 579 545 631 αὐτὸς,
585 580 658 623 καὶ
689 584 775 622 τῶν
805 579 862 622 ἄν
892 577 1113 634 κήδωμαι,
1163 581 1212 623 τὸ
1250 580 1329 635 μέν
1367 598 1408 624 τι
1449 580 1666 637 εὐτυχέειν

391 654 480 694 τῶν
508 649 793 707 πρηγμάτων,
823 649 872 694 τό
905 651 950 694 δὲ
980 653 1285 705 προσπταίειν·
1326 652 1398 695 καὶ
1428 652 1543 696 οὕτω
1577 654 1666 696 δια-

392 722 544 778 φέρειν
572 722 651 765 τὸν
683 724 821 766 αἰῶνα
851 722 1029 775 ἐναλλὰξ
1060 721 1288 778 πρήσσων,
1320 721 1347 778 ἢ
1377 722 1592 780 εὐτυχέειν
1613 723 1666 766 τὰ

362 800 385 834 5
395 791 549 836 πάντα.

611 792 773 836 οὐδένα
801 795 884 849 γάρ
915 811 977 837 κω
1007 793 1124 852 λόγῳ
1156 792 1257 838 οἶδα
1289 792 1508 845 ἀκούσας,
1547 794 1665 845 ὅστις

391 863 434 914 ἐς
466 861 588 914 τέλος
618 862 672 908 οὐ
703 868 848 916 κακῶς
877 865 1121 922 ἐτελεύτησε
1154 864 1412 920 πρόῤῥιζος,
1449 863 1721 921 εὐτυχέωνὸὅ

365 935 447 978 6τά
473 932 626 977 πάντα.
685 936 755 979 Σύ
793 931 856 980 οἷν
895 941 979 981 νῦν
1017 938 1112 993 ἐμοὶ
1151 935 1431 992 πειθόμενος,
1479 937 1666 992 ποίησον

390 1004 502 1060 πρὸς
530 1004 607 1056 τοὶς
647 1004 846 1063 εὐτυχίας
885 1010 1052 1052 τοιάδε·
1095 1010 1336 1065 φροντίσας
1363 1007 1412 1051 τὸ
1445 1005 1501 1050 ἂν
1533 1006 1665 1064 εὕρῃς

390 1076 465 1120 ἐόν
498 1093 567 1120 τοι
596 1079 799 1121 πλείστου
829 1077 975 1131 ἄξιον,
1019 1080 1092 1123 καὶ
1131 1079 1203 1123 ἐπ’
1243 1075 1279 1139 ᾦ
1315 1079 1371 1123 σύ
1409 1078 1666 1135 ἀπολομένῳ

390 1146 576 1203 μάλιστα
604 1147 684 1203 τὴν
716 1148 859 1204 ψυχὴν
889 1148 1109 1206 ἀλγήσεις,
1139 1155 1272 1194 τοῦτο
1305 1150 1499 1206 ἀπόβαλε
1530 1148 1721 1200 οὕτω,70

363 1219 508 1271 ῖὸκως
536 1220 686 1276 μηκέτι
714 1218 805 1276 ἥξει
835 1220 878 1272 ές
909 1220 1187 1277 ἀνθρώπους.
1246 1221 1303 1278 ἥν
1323 1237 1367 1265 τε
1395 1221 1454 1277 μὴ
1484 1220 1665 1273 ἐναλλὰξ

334 1370 454 1419 colligi
475 1383 598 1421 posse,
619 1369 810 1420 epistolam
831 1370 906 1408 sive
926 1369 1000 1407 col-

334 1427 496 1476 loquium
535 1428 581 1464 ab
619 1427 813 1463 Herodoto
850 1440 999 1477 prorsus

335 1484 456 1521 fictum
478 1496 571 1531 esse,
590 1488 713 1521 censet
732 1484 911 1534 interpres
926 1484 999 1520 lta-

334 1540 400 1578 lns.
468 1540 525 1578 De
558 1540 704 1577 Solonis
745 1553 824 1576 cum
861 1541 999 1577 Croeso

335 1596 518 1646 colloquio
531 1597 684 1633 diximus
705 1597 752 1632 ad
766 1597 867 1643 l‚30.
890 1594 1000 1633 Ama·

336 1654 425 1690 sidis
439 1666 526 1690 vero
536 1653 600 1690 has
613 1653 736 1689 literas
748 1654 840 1689 circa
850 1653 998 1702 Oljmp.

334 1709 434 1756 LVI,
464 1722 538 1758 qno
560 1715 727 1759 tempore
746 1722 826 1746 cuni
847 1709 998 1746 Milesiis

335 1771 511 1816 tyrannus
542 1766 673 1803 bellum
702 1766 882 1814 gerebat,
912 1766 999 1803 scri-

335 1828 421 1874 ptas
445 1823 583 1868 videri,
614 1828 739 1859 auctor
771 1826 827 1859 est
857 1823 999 1860 Panos-

334 1879 385 1916 ka
406 1879 428 1916 l.
450 1879 471 1915 Ι.
496 1892 580 1929 pag.
602 1882 666 1919 33.
699 1878 900 1929 Exscripsit
919 1879 997 1915 illas

336 1936 521 1973 Stobaens
545 1935 619 1972 Tit.
642 1935 757 1981 CXll,
780 1937 830 1975 15
859 1949 893 1985 p.
917 1935 997 1976 583

336 2006 364 2030 s.
390 1991 438 2029 T.
467 1993 515 2029 lll
547 2006 580 2042 p.
605 1992 681 2032 411
712 1993 769 2029 cd.
797 1993 913 2028 Gaisf.
943 2012 998 2018 —

337 2049 376 2086 In
389 2062 493 2098 seqq.
513 2063 590 2086 cnm
612 2049 815 2097 Schweigh.
831 2054 868 2085 et
883 2048 999 2084 Gaiss.

336 2106 504 2144 revocavi
525 2102 569 2144 τό
590 2109 706 2143 θεῖον
736 2103 996 2157 ἐπισταμένῳ,

336 2163 438 2212 qnod
460 2168 604 2213 praeter
634 2162 724 2198 alios
749 2163 893 2199 exhibet
912 2162 998 2198 Flo-

336 2220 499 2257 rentinns
522 2219 629 2269 plane
651 2224 691 2255 nt
708 2219 736 2264 I,
758 2221 823 2259 32.
879 2218 997 2266 Vulgo

337 2277 479 2312 inverso
517 2276 645 2312 ordine
680 2273 923 2327 ἐπισταμένῳ
954 2271 996 2312 τὸ

336 2335 475 2377 θεῖον,
523 2332 624 2380 qnod
674 2332 824 2368 retinnit
861 2331 995 2367 Matth.

336 2389 510 2438 qnodque
530 2388 626 2424 haud
647 2388 808 2424 deterius
820 2401 899 2424 esse
913 2400 998 2436 pro-

336 2446 479 2481 nuntiat
491 2457 619 2481 censor
638 2443 799 2480 lenensis
824 2447 926 2484 1817
942 2457 995 2480 nr.

337 2504 418 2542 263
441 2514 524 2551 pag·
539 2502 630 2540 363.
653 2522 702 2526 —-
722 2500 778 2537 De
801 2502 880 2549 ipso
902 2501 998 2536 dieto

337 2557 440 2608 plura
461 2557 664 2593 notavimus
686 2557 734 2593 ad
755 2557 783 2601 Ι,
805 2558 870 2596 32.

394 2614 460 2652 καί
483 2628 561 2659 κως
580 2608 789 2663 βούλομαι]
811 2614 831 2648 i.
850 2626 880 2649 e.
903 2614 998 2661 equi-

338 2670 413 2707 dem
423 2669 501 2720 fere
521 2670 610 2706 malo
629 2673 659 2705 et
681 2682 731 2705 me
749 2670 861 2719 ipsum
881 2672 912 2704 et
933 2683 998 2716 eos,

338 2729 400 2778 qui
420 2727 507 2763 mihi
526 2730 609 2762 sunt
630 2739 745 2771 curae,
766 2739 808 2761 ex
829 2728 932 2774 parte
948 2739 999 2761 se-

338 2784 475 2831 cundi-9,
506 2796 548 2819 ex
564 2786 667 2832 parte
687 2783 844 2818 adversis
868 2784 922 2817 un·
948 2795 999 2818 re-

338 2842 413 2887 bus,
445 2853 546 2890 eoque
566 2839 664 2875 modo
687 2841 796 2875 vitam
820 2840 997 2886 transige-

339 2910 385 2946 re,
398 2900 437 2934 ut
447 2896 636 2948 fortunam
656 2897 693 2933 z'n
715 2899 899 2946 utramque
908 2908 996 2946 par-

1057 1374 1122 1407 tem
1144 1383 1207 1420 per
1232 1371 1321 1406 vices
1350 1371 1585 1419 experiamur,
1616 1382 1722 1419 quam

1055 1431 1095 1463 ut
1123 1428 1223 1463 rebus
1256 1428 1393 1462 omniuo
1427 1426 1589 1463 secundis
1609 1425 1721 1476 frua-

1055 1497 1144 1520 mur.
1186 1483 1244 1520 Ad
1265 1478 1463 1534 βούλομαι
1486 1482 1608 1533 suppl.
1626 1485 1721 1533 μᾶλ-

1055 1543 1149 1588 λον,·
1180 1541 1227 1577 de
1239 1552 1311 1588 qua
1331 1539 1447 1589 ellipsi
1460 1538 1594 1576 consul.
1609 1539 1721 1576 Lam-

1056 1597 1148 1633 bert.
1174 1597 1261 1633 Bos.
1285 1597 1333 1633 de
1356 1595 1506 1646 Ellipss.
1529 1607 1613 1646 pag.
1636 1599 1720 1636 770

1057 1658 1096 1690 et
1116 1652 1194 1689 Ast.
1216 1653 1264 1689 ad
1282 1652 1424 1689 Platon.
1447 1651 1553 1688 Polit.
1573 1665 1608 1702 p.
1625 1653 1718 1692 388.

1058 1732 1109 1737 —
1131 1710 1190 1746 Ad
1209 1709 1340 1746 verba:
1371 1705 1418 1746 τά
1448 1704 1578 1747 πάντα
1602 1704 1720 1747 εὐτυ-

1056 1764 1159 1816 χέειν
1173 1766 1251 1812 (ubi
1264 1765 1384 1815 plnres
1397 1764 1479 1803 libri
1500 1765 1597 1802 hand
1614 1778 1720 1815 sper-

1055 1823 1167 1859 nendi
1200 1817 1411 1872 εὐτυχέων)
1437 1822 1533 1858 conf.
1556 1822 1619 1868 ΙΙΙ,
1651 1819 1717 1861 43.

1056 1878 1122 1920 44.
1153 1878 1284 1915 Matth.
1307 1879 1373 1915 Gr.
1387 1879 1453 1915 Gr.
1473 1876 1509 1928 ξ.
1525 1880 1604 1919 266
1623 1882 1660 1915 et
1670 1879 1719 1915 ad

1055 1936 1320 1988 προσπίπτειν
1339 1939 1429 1972 nott.
1449 1935 1497 1971 ad
1518 1934 1545 1981 l,
1567 1935 1632 1975 65.

1113 1987 1259 2030 οὐδένα
1295 1988 1368 2043 γάρ
1403 2006 1458 2028 κω
1492 1986 1596 2044 λόγῳ
1629 1987 1719 2030 οἶδα

1057 2043 1248 2098 ἀκούσας]
1275 2049 1340 2085 i.e.
1364 2050 1530 2085 neminem
1551 2050 1639 2084 enim
1654 2061 1719 2084 un—

1056 2119 1161 2156 quam
1180 2104 1299 2155 fando
1327 2107 1483 2153 cognovi.
1532 2105 1639 2141 Conf.
1674 2104 1718 2151 ll,

1059 2164 1127 2203 15:
1154 2160 1252 2216 ’ᾔδεα
1266 2159 1339 2213 γάρ
1353 2157 1469 2215 λόγῳ.
1490 2161 1613 2198 Verba
1632 2161 1719 2197 snb-

1057 2220 1268 2267 seqnentia:
1311 2214 1418 2264 ὅστις
1456 2216 1494 2263 ές
1528 2215 1636 2263 τέλος
1662 2237 1718 2244 -

1056 2272 1268 2326 πρόρᾇζος
1308 2287 1454 2324 prorsus
1492 2274 1719 2323 respondent

1057 2333 1109 2378 iis,
1132 2345 1225 2380 qnae
1248 2332 1283 2367 in
1301 2330 1447 2366 Solonis
1468 2330 1645 2379 colloquio
1667 2329 1718 2367 le-

1057 2392 1191 2436 guntur
1220 2388 1246 2434 Ι,
1275 2390 1327 2427 32
1360 2388 1419 2422 sm.
1454 2411 1504 2415 —
1544 2385 1583 2432 ἐς
1610 2384 1718 2431 τέλος

1056 2448 1228 2481 monente
1249 2443 1465 2491 Wesseling.
1489 2448 1545 2480 est
1562 2443 1716 2488 taudem,

1057 2501 1078 2537 i.
1102 2514 1136 2549 q.
1162 2502 1382 2546 παντελῶς,
1415 2505 1453 2536 nt
1483 2501 1531 2536 ad
1563 2498 1717 2535 Diodor.

1058 2557 1120 2603 ΙΙΙ,
1142 2557 1207 2597 40.
1237 2579 1292 2583 -
1326 2555 1382 2592 Ad
1406 2557 1515 2592 verba
1535 2551 1640 2601 ὅκως
1661 2575 1713 2583 -

1058 2609 1164 2662 ἥξει,
1197 2613 1257 2649 ubi
1298 2613 1390 2649 male
1429 2613 1464 2648 in
1499 2612 1717 2661 quibusdam

1061 2667 1133 2722 ἤξῃ
1158 2670 1251 2706 cons.
1274 2674 1365 2705 nott.
1386 2669 1433 2705 ad
1455 2668 1516 2715 ΙΙΙ,
1535 2670 1601 2710 36.

1114 2723 1168 2775 ἥν
1187 2740 1226 2763 τε
1256 2722 1311 2775 μή
1338 2722 1502 2772 ε’ναλλάξ
1526 2722 1601 2775 ἤδη
1626 2740 1660 2763 κ.
1684 2740 1715 2762 τ.

1056 2780 1106 2832 λ.]
1137 2796 1179 2819 ac
1207 2782 1261 2817 Τιι
1290 2782 1426 2831 quidem
1454 2784 1487 2818 si
1507 2795 1568 2819 nec
1589 2783 1633 2819 ab
1654 2781 1717 2818 hoc

1057 2839 1139 2875 inde
1172 2842 1319 2889 tempore
1352 2839 1439 2888 (qno
1467 2839 1527 2876 Tu
1550 2838 1625 2876 scil.
1655 2849 1716 2874 ca-

1056 2896 1232 2933 rissimum
1250 2896 1425 2945 quodque
1443 2895 1650 2944 abieceris),
1664 2905 1716 2930 res
