1904 3304
34 736 97 780 93

473 276 1030 315 MELPOMENE.
1091 278 1150 314 lv,
1358 279 1440 318 453

183 386 382 441 στρατιῇ,
417 384 581 428 ἐκέλευε
610 382 753 427 πάντα
783 384 922 439 ἄνδρα
953 388 1082 429 λίθον
1110 385 1186 428 ἕνα
1213 384 1436 440 παρεξιόν-

155 465 238 499 3τα
261 454 427 498 τιθέναι
457 455 499 506 ἐς
532 455 581 498 τὸ
612 454 958 511 ἀποδεδεγμένον
986 460 1116 500 τοῦτο
1146 457 1319 512 χωρίον.
1378 455 1437 506 ὥς

181 528 225 571 δὲ
257 529 391 569 ταῦτα
428 524 455 581 ἡ
496 525 673 582 στρατιή
713 525 946 576 ἐπετέλεσε,
991 527 1183 571 ἐνθαῦτα
1213 525 1436 578 κολωνοὺς

179 594 393 653 μεγάλους
440 600 528 639 τῶν
575 599 713 640 λίθων
759 597 1025 649 καταλιπών,
1097 597 1310 642 ἀπέλαυνε
1358 597 1437 654 τὴν

180 666 398 722 στρατιήν.

1445 674 1491 708 60

286 738 402 792 Πρὶν
439 738 483 781 δὲ
523 737 756 782 ἀπικέσθαι
795 738 863 781 ἐπὶ
901 740 1186 794 τὸνἽστρον,
1227 738 1430 794 πρώτους
1487 745 1763 807 ssssisstqss'sswsshffss‘

148 809 313 863 Ξαῖρέει
344 808 477 860 Γέτας
517 809 619 861 τούς
658 807 1011 862 ἀθανατίζοντας.

175 941 354 981 ἐνθαῦτα
370 937 570 986 κολωνούς
586 937 778 992 μεγάλους

120 1015 154 1038 κ.
186 1014 216 1036 τ.
247 999 303 1048 λ.]
343 998 546 1048 Lapidibus
582 998 618 1033 in
651 998 776 1034 tumuli

118 1057 271 1093 formam
320 1054 500 1104 congestis
542 1059 777 1091 monumenta

119 1113 278 1161 erigere,
308 1110 522 1161 praesertim
544 1111 720 1147 montium
738 1111 774 1147 in

120 1167 362 1205 cacuminibus
398 1166 548 1215 aliisque
579 1166 664 1203 locis
698 1166 774 1204 edi-

119 1224 269 1260 tioribus
298 1229 360 1260 aut
386 1224 422 1260 in
453 1223 638 1269 confiniis,
665 1223 773 1259 moris

119 1281 236 1318 fuisse„
246 1280 345 1328 apud
356 1280 516 1316 Graecos
534 1291 650 1327 aeque
663 1284 774 1328 atque

120 1335 314 1374 orientales
349 1335 514 1372 homines
543 1334 640 1371 haud
661 1347 775 1384 pauca

119 1396 400 1430 commonstrant
412 1392 542 1428 rudera
552 1390 773 1440 lapideorum

119 1448 359 1494 tumulorum,
405 1460 498 1496 quae
548 1447 664 1483 adhuc
706 1460 774 1496 per

118 1504 227 1541 Asiae
266 1509 377 1552 atque
411 1503 581 1552 Europae
619 1503 772 1540 borealis

117 1565 252 1598 tractus
267 1561 507 1608 reperiuntur.
539 1559 682 1595 Monuit
692 1559 773 1594 Rit-

118 1622 185 1654 ter.
211 1615 326 1652 Erdk.
347 1615 379 1651 II
404 1627 489 1665 pag.
510 1617 587 1654 771
618 1627 694 1663 seq.
717 1636 772 1641 --

117 1673 188 1710 Pro
212 1667 417 1720 ἀπήλαυνε
438 1671 474 1707 in
496 1670 569 1707 fine
588 1682 667 1721 cap.
691 1683 770 1707 cum

117 1727 320 1776 Schweigh.
376 1733 414 1765 et
471 1726 588 1764 Gaisf.
644 1727 772 1777 scripsi

118 1780 323 1824 ἀπέλαυνε.

304 1840 415 1890 Cap.
444 1839 575 1877 XCIII.

173 1892 353 1949 πρώτους
381 1894 501 1946 αἱρέει
535 1893 654 1941 Γέτας
680 1891 772 1941 τούς

118 1948 453 2003 ἀθανατίζοντας]
513 1952 631 1989 Getae
687 1951 772 1987 olim

118 2010 295 2047 tenebant
330 2009 410 2046 loca
445 2009 490 2045 ab
529 2008 669 2044 Haemo
712 2020 773 2044 ex-

118 2070 221 2103 tensa
257 2078 371 2114 usque
410 2065 457 2101 ad
487 2064 638 2108 Istrum,
676 2064 773 2099 intra

117 2121 300 2168 Iantram,
341 2122 512 2166 fluvium,
553 2125 589 2157 et
617 2120 773 2156 Pontum

119 2177 319 2214 Euxinum:
367 2189 460 2225 quae
491 2189 587 2213 nunc
615 2176 662 2212 ad
688 2174 775 2211 Bul-

120 2234 254 2283 gariam
278 2233 498 2282 Serviaeque
509 2236 648 2283 partem
662 2231 775 2282 perti-

120 2295 219 2327 nent.
260 2290 317 2326 Cf.
349 2290 529 2326 Gatterer.
558 2288 579 2324 l.
606 2288 629 2324 l.
651 2301 685 2337 p.
705 2286 771 2328 35.

121 2346 196 2383 Sed
223 2350 353 2396 postea
377 2346 533 2395 Philippi
560 2343 772 2381 Macedonis

122 2406 242 2439 aetate
269 2403 400 2440 Istrum
426 2402 565 2439 traiecti
592 2401 771 2450 regiones,

123 2470 216 2506 quae
245 2470 340 2495 nunc
365 2459 412 2495 ad
430 2458 635 2495 valachiam
663 2461 773 2505 atque

124 2512 343 2550 Moldaviam
373 2515 577 2564 pertinent,
621 2525 776 2563 occupa-

123 2573 227 2615 runt3
262 2570 322 2605 ubi
348 2570 519 2607 Romanis
548 2569 684 2607 Ducum
712 2582 778 2606 no-

125 2625 221 2662 mine
238 2626 436 2663 innotuere.
468 2627 557 2664 Inde
577 2626 711 2663 Plinius
727 2625 776 2662 H.

124 2680 172 2718 N·
215 2681 288 2727 IV,
335 2683 387 2722 25
440 2682 552 2730 (12):
612 2683 775 2731 ‚‚Getae‚

125 2736 216 2774 Daci
252 2738 424 2774 Romanis
456 2738 581 2776 dicti.“
636 2739 775 2782 Quam-

125 2806 234 2842 quam
272 2794 366 2831 enim
409 2798 512 2840 sunt,
555 2795 617 2843 qui
656 2796 775 2843 Getas,

126 2854 270 2898 gentem
292 2849 525 2896 Thracicam,
553 2862 574 2886 a
592 2850 701 2888 Dacis
721 2852 777 2888 di-

126 2906 258 2955 stingui
283 2905 414 2953 velint‚
445 2906 500 2943 vix
523 2910 643 2944 tamen
674 2907 778 2944 dubi-

1072 807 1117 850 οἱ
1151 805 1230 861 μὲν
1261 809 1343 865 γὰρ
1377 808 1430 865 δή

1488 846 1642 874 iustissimi
1660 867 1668 879 ,

1488 822 1554 840 cum
1567 813 1720 840 fortissimi
1733 816 1764 840 et

1704 847 1763 874 Ge-

1489 884 1558 913 tae,
1586 881 1614 907 vi
1638 880 1762 907 subacti.

835 943 999 989 tandum,
1032 942 1119 991 quin
1138 942 1313 979 Getarum
1335 940 1489 991 populus

833 999 938 1047 isque
965 998 1236 1049 potentissimus
1254 997 1374 1035 Dacos
1396 1010 1490 1046 quo-

833 1067 905 1104 que
921 1054 1248 1106 comprehenderit.
1278 1053 1359 1090 Vid.
1373 1053 1490 1091 Bern-

831 1111 946 1160 hardy
987 1112 1034 1148 ad
1069 1110 1221 1160 Dionys.
1256 1109 1396 1158 Perieg.
1436 1122 1489 1148 vs,

831 1167 912 1208 305
935 1181 968 1217 p.
988 1167 1067 1208 593
1090 1179 1166 1216 seq.
1196 1166 1372 1204 Niebuhr.
1392 1165 1488 1204 Hist.

831 1223 977 1260 Schrift.
1000 1224 1014 1260 Ι
1040 1236 1124 1273 pag.
1146 1225 1226 1263 376
1250 1235 1326 1271 seq.
1368 1221 1416 1259 Et
1434 1222 1489 1259 vi-

832 1281 962 1316 dentur
1002 1292 1090 1316 sane
1125 1279 1299 1329 temporis
1330 1279 1487 1316 decursu

832 1336 965 1382 Getae,
986 1348 1094 1384 quam
1108 1334 1323 1372 Thracicam
1339 1339 1486 1383 gentem

830 1405 923 1439 esse,
943 1392 1133 1429 Herodoto
1148 1395 1259 1440 atque
1268 1391 1484 1439 Thucydide

829 1448 1048 1494 auctoribus,
1061 1448 1264 1493 statuimus,
1277 1447 1392 1496 magis
1409 1459 1486 1483 ma·-

829 1505 959 1552 gisque
1019 1504 1124 1540 sedes
1179 1516 1263 1539 suas
1324 1516 1485 1540 commu-

828 1566 923 1596 tasse
946 1559 1102 1607 indeque
1121 1559 1168 1595 ad
1190 1559 1269 1595 Istri
1292 1559 1485 1608 superioris

828 1620 1019 1664 utramque
1051 1615 1189 1664 ripam,
1228 1615 1343 1663 magis
1372 1614 1486 1662 igitur

827 1672 876 1709 ad
913 1671 1162 1717 occidentem,
1200 1671 1383 1708 habitasse
1419 1683 1485 1720 per

827 1727 1113 1776 Transylvaniae
1136 1731 1249 1776 atque
1270 1726 1485 1776 Hungariae

827 1788 975 1821 tractus.
1008 1784 1114 1827 Quae
1136 1784 1280 1821 uberius
1301 1795 1485 1833 exponere

825 1841 930 1878 huius
959 1840 1025 1877 loci
1058 1853 1131 1876 non
1155 1844 1219 1877 est.
1269 1838 1338 1876 Vid
1376 1838 1485 1875 Man-

827 1901 919 1934 nert.
937 1896 985 1932 IV
1005 1909 1089 1945 pag.
1108 1898 1186 1937 173
1205 1908 1282 1945 seq.
1314 1895 1402 1942 VII,
1430 1897 1484 1936 30

829 1957 866 1991 et
886 1965 978 2001 quae
991 1952 1214 1989 Herodoteis
1234 1964 1396 2000 congrua
1409 1951 1485 1987 dis-

828 2013 935 2059 putat
955 2008 1126 2045 Eustath.
1157 2009 1204 2044 ad
1235 2007 1384 2055 Dionys.
1411 2006 1482 2043 Pe-

828 2066 916 2113 rieg.
945 2063 1039 2104 304.
1099 2063 1268 2100 Pluribus
1298 2063 1343 2100 de
1367 2063 1482 2099 Geta-

828 2133 906 2157 rum
930 2125 1040 2168 gcnte
1068 2120 1218 2169 eiusque
1240 2119 1385 2157 sedibus
1407 2119 1482 2155 dis-

829 2177 966 2227 putavit
1024 2175 1241 2212 Tzschucke
1295 2176 1331 2212 in
1390 2179 1482 2212 nott.

830 2245 955 2281 exegg.
983 2231 1031 2268 ad
1061 2231 1146 2268 Mel.
1174 2233 1228 2276 ΙΙ,
1260 2234 1286 2272 2
1318 2244 1402 2280 pag.
1428 2232 1481 2272 76

829 2301 931 2338 seqq.
963 2289 1044 2324 Vol.
1072 2288 1121 2324 III
1150 2288 1190 2325 P.
1220 2287 1262 2324 II.
1307 2287 1485 2325 Dicuntur

828 2350 947 2382 autem
968 2344 1085 2381 Getae
1107 2343 1147 2382 οἷ
1166 2339 1486 2390 ἀθανατίζοντες,

827 2402 922 2448 sive,
952 2405 992 2438 ut
1020 2401 1118 2450 apud
1142 2400 1344 2437 Diodorum
1371 2404 1427 2438 est
1457 2399 1486 2448 I,

828 2457 882 2499 94
912 2456 953 2495 οἵ
982 2452 1368 2503 εἷπαθανατίζοντες,
1404 2456 1426 2492 i.
1454 2469 1484 2494 e.

833 2515 895 2563 qui
921 2515 1058 2549 animas
1088 2513 1296 2550 immortales
1322 2525 1390 2549 esse
1415 2525 1482 2562 pu-

832 2574 921 2607 tant.
969 2570 1077 2606 Hunc
1116 2571 1210 2607 enim
1245 2569 1349 2606 huius
1384 2569 1485 2605 verbi

833 2639 977 2664 sensum
1027 2638 1127 2673 esse,
1187 2626 1276 2662 satis
1325 2625 1487 2662 ostendit

832 2681 1050 2730 Wesseling.
1069 2683 1115 2718 ad
1132 2682 1282 2719 Diodor.
1298 2681 1320 2718 l.
1336 2681 1357 2717 1.
1390 2680 1485 2718 Add.

831 2738 1045 2776 Tzschucke
1069 2738 1090 2775 l.
1109 2738 1131 2776 l.
1154 2751 1240 2789 pag.
1260 2740 1324 2779 79.
1366 2737 1488 2774 Hero-

833 2797 942 2833 dotea
977 2795 1136 2845 respexit
1174 2806 1322 2844 quoque
1353 2793 1488 2830 Eusta-

834 2852 930 2890 thius
947 2851 981 2887 h.
1001 2851 1024 2887 I.

894 2906 933 2946 οἱ
944 2904 1014 2959 μὲν
1028 2903 1100 2959 γὰρ
1115 2903 1163 2956 δή
1175 2901 1242 2944 τόν
1257 2903 1490 2956 Σαλμυδησ-
