1904 3304
31 732 92 776 31

434 264 1123 307 MELPOMENE.1V.

1331 265 1415 305 337

153 382 198 426 δὲ
231 378 357 423 αὐτοὶ
384 376 541 420 Ἠλεῖοι
581 376 626 419 ἐκ
663 375 854 432 κατάρης
893 391 967 418 τευ
1006 374 1060 418 οὐ
1097 374 1298 429 γίνεσθαί
1336 385 1416 430 σφι

150 450 371 508 ἡμιόνους.
430 445 524 490 ἀλλ’
564 445 696 490 ἐπεὰν
742 448 903 503 προσίῃ
949 446 976 503 ἡ
1025 445 1120 502 ὤρη
1159 448 1417 489 κυΐσκεσθαι

151 521 226 572 τοὶς
247 523 432 570 ἵππους,
462 517 744 570 ἐξελαύνουσι
774 518 817 568 ἐς
845 518 951 569 τούς
979 516 1310 574 πλησιοχώρους
1342 515 1416 560 αὐ-

150 591 249 643 τοῖς·
297 591 370 635 καὶ
401 589 545 633 ἔπειτά
576 601 655 645 σφι
681 589 728 632 ἐν
759 593 813 645 τῇ
850 592 939 631 τών
967 590 1099 640 πέλας
1128 589 1282 632 ἐπιεῖσι
1311 587 1473 640 volis-40

150 662 306 714 ὅνους,
340 663 382 713 ἐς
413 656 468 704 οὗ
501 660 555 703 ἂν
585 664 717 716 σχῶσι
746 662 792 703 αῖ
821 662 945 703 ἵπποι
978 660 1026 703 ἐν
1054 661 1228 715 γαστρί·
1272 659 1427 703 ἔπειτα

155 734 201 778 δὲ
231 733 370 777 ὀπίσω
402 732 707 776 ἀπελαύνουσι.

767 732 877 784 Περὶ
907 731 953 774 δὲ
983 734 1070 774 τῶν
1099 734 1294 784 πτερῶν,
1330 734 1418 774 τῶν
1475 735 1614 804 Σξὲὲῗξέ
1629 733 1751 800 atggjbffl

149 805 325 849 Σκύθαι
348 807 523 859 λέγουσι
554 803 783 847 αὐοὶπλεων
812 799 925 844 εἶναι
952 802 1030 845 τὸν
1055 801 1187 858 ἠέρα,
1226 802 1300 845 καὶ
1319 801 1417 845 τού-
1475 804 1515 838 ⁷·]
1538 806 1607 829 ‘³⁰¹¹‘
1626 801 1683 828 ¹¹5¹·

148 892 236 919 των
275 877 415 919 εἵνεκα
454 873 535 918 οὐκ
573 873 644 918 οἷά
684 889 728 916 τε
764 870 878 915 εἶναι
918 872 1018 916 οὔτε
1049 875 1159 916 ἰδεῖν
1187 872 1236 916 τὸ
1265 871 1417 927 πρόσω

148 951 223 1003 τῆς
250 945 454 1003 ἠπείρου,
487 945 586 988 οὔτε
618 943 842 995 διεξιέναι,
874 943 1001 1000 τήνδε
1032 944 1111 1000 ἔχω
1141 945 1240 997 περὶ
1271 943 1419 988 αὐτῶν
1434 951 1474 985 45

121 1025 141 1058 2
155 1018 233 1073 τὴν
260 1016 452 1072 γνώμην.

514 1015 565 1058 τὰ
596 1015 843 1070 κατύπερθε
871 1014 1029 1070 ταύτης
1059 1019 1134 1070 τῆς
1162 1014 1304 1072 χώρης
1336 1016 1420 1060 αἰεὶ

151 1090 349 1143 νίφεται,
394 1087 597 1131 ἐλάσσονι
631 1088 675 1131 δὲ
712 1091 791 1130 τοῦ
828 1086 983 1141 θέρεος
1026 1084 1054 1141 ἢ
1082 1089 1164 1129 τοῦ
1196 1091 1421 1142 χειμῶνος,

124 1158 302 1213 δώσπερ
348 1159 421 1201 καὶ
461 1157 592 1210 οἰκός.
650 1157 734 1215 ἤδη
779 1152 841 1201 ὧν
887 1156 1007 1208 ὅστις
1058 1154 1247 1212 ἀγχόθεν
1294 1159 1422 1214 χιόνα

155 1229 295 1285 ἁδρὴν
325 1231 574 1273 πίπτουσαν
605 1227 715 1283 εἶδε,
758 1227 849 1274 οἶδε
878 1227 927 1272 τὸ
959 1228 1080 1284 λέγω.

161 1381 202 1421 ἐκ
243 1378 419 1431 κατάρης
460 1379 546 1431 τευ]
597 1394 686 1426 τευ,
727 1381 763 1417 in

102 1439 320 1489 quibusdam
346 1438 445 1474 libris
465 1437 558 1474 male
581 1438 765 1483 omissum,

102 1508 183 1533 cuin
225 1495 302 1531 aliis
345 1494 478 1530 retinet
515 1494 679 1530 Eustath.
718 1494 765 1530 ad

101 1552 256 1599 Dionys.
288 1550 433 1598 Perieg.
470 1563 523 1586 vs.
555 1550 649 1591 409.
709 1550 766 1587 De

101 1608 180 1657 ipsa
215 1620 254 1643 re
293 1605 447 1642 laudant
473 1606 630 1642 Pausan.
651 1606 704 1651 V,
726 1607 763 1645 5.

101 1663 147 1710 V,
174 1665 212 1704 9.
245 1661 429 1698 Plutarch.
450 1662 481 1698 ll
504 1675 591 1712 pag.
613 1664 693 1702 303
720 1663 765 1699 B.

103 1720 184 1767 (ubi
217 1718 476 1768 lVyttenbach.
517 1719 552 1754 in
590 1718 765 1755 Animad-

103 1788 216 1814 verss.
247 1787 334 1825 pag.
358 1774 411 1815 74
451 1775 656 1812 Herodotei
697 1775 764 1812 loci

104 1833 203 1869 haud
235 1832 424 1868 immemor
463 1831 546 1881 fuit)
589 1832 763 1880 Antigon.

106 1889 253 1937 Caryst.
277 1887 416 1924 Histor.
438 1888 517 1924 mir.
545 1890 606 1928 13.
645 1890 766 1937 Atque

107 1945 153 1981 ob
183 1944 292 1980 hasce
322 1955 402 1979 aras
433 1956 557 1980 cursus
589 1944 765 1981 mulorum

108 1999 390 2047 certaminaque,
413 1999 449 2036 in
468 1999 559 2036 ludis
580 2000 769 2050 Olympia-

110 2057 161 2093 cis
183 2055 238 2091 Ol.
257 2055 395 2091 LXXll
416 2056 645 2103 introducta,
685 2070 769 2093 mox

111 2113 290 2159 abrogata
318 2124 397 2149 esse
425 2112 590 2149 videntur
609 2113 769 2150 Larche-

110 2181 163 2205 ro.
192 2189 247 2194 --
278 2168 317 2204 In
348 2169 513 2216 proxime
541 2181 643 2218 seqq.
677 2170 769 2206 inta-

112 2229 205 2261 ctum
237 2223 386 2272 reliqui:
429 2221 548 2263 ἐπεὰν
570 2226 714 2279 προσίῃ
742 2223 770 2276 η’

115 2276 231 2331 ὥρη,-
281 2293 436 2329 quocum
474 2283 567 2318 conf.
606 2282 659 2328 ll,
703 2282 769 2321 41.

113 2337 210 2374 Male
238 2336 298 2372 alii
330 2339 475 2391 προσῇ.
527 2337 584 2374 Ad
616 2339 769 2375 formam

114 2394 349 2431 κυΐσκεσθαι
387 2395 480 2430 conf.
524 2395 682 2432 Fischer.
722 2395 770 2431 ad

117 2450 261 2487 wellet.
282 2449 346 2497 ΙΙΙ,
364 2462 394 2486 a.
422 2463 457 2500 p.
484 2454 555 2491 121
584 2456 621 2488 et
645 2452 693 2487 ad
719 2451 772 2487 lo-

119 2506 298 2542 cutionem
327 2508 447 2556 σχῶσι
479 2529 529 2536 -
561 2506 602 2546 ἐν
636 2508 772 2559 γαστρί

120 2561 182 2607 lll,
200 2562 266 2601 32.
314 2562 371 2598 Ad
393 2564 503 2600 verba
525 2560 647 2603 ὀπίσω
671 2561 770 2602 οἷπε-

122 2612 312 2655 λαύνουσι
332 2619 403 2656 vid.
427 2625 519 2657 nott.
549 2622 595 2657 ad
618 2621 678 2668 ΙΙΙ,
707 2623 770 2661 16.

308 2706 338 2743 C
351 2720 372 2744 a
382 2721 418 2758 p.
447 2709 581 2746 XXXI.

181 2784 279 2835 Περὶ
307 2784 348 2822 δὲ
370 2789 450 2824 τῶν
475 2789 642 2838 πτερῶν]
690 2790 774 2833 Quo

123 2853 230 2876 sensu
255 2841 395 2889 plumas
423 2843 579 2882 dixerint
605 2845 774 2894 Scythae,

122 2898 190 2933 iam
214 2909 321 2946 supra
339 2899 386 2934 ad
400 2899 462 2945 lv,
479 2902 502 2940 7
521 2901 773 2947 indicavimus3

181 2954 387 2991 HenonoT.
427 2957 471 2993 ΙΙ.

1140 1228 1252 1273 ἔοικε
1279 1230 1364 1287 γάρ
1395 1228 1422 1286 ἡ

820 1381 888 1418 hoc
907 1380 985 1418 loco
1013 1393 1033 1418 e
1050 1380 1285 1430 lVesselingii
1306 1381 1479 1418 observa-

820 1439 921 1475 tione
962 1442 1132 1474 notamus
1170 1438 1276 1474 simili
1323 1438 1482 1486 imagine

821 1498 982 1531 utentem
1025 1493 1254 1530 Psalmistam
1296 1493 1482 1539 CXLVII,

826 1552 876 1590 16
897 1555 934 1588 et
951 1550 1151 1586 Arnobium
1180 1550 1213 1586 ll
1243 1563 1277 1600 p.
1303 1551 1380 1591 105
1409 1549 1482 1600 [CP-

824 1607 876 1646 58
898 1619 934 1656 p.
955 1607 1007 1646 91
1032 1605 1174 1655 Orell.].
1204 1606 1315 1643 Unde
1345 1606 1483 1642 Plinius

821 1663 870 1698 H.
908 1662 954 1699 N.
988 1662 1035 1698 lV
1063 1662 1193 1712 (12),
1224 1664 1300 1702 26:
1359 1662 1483 1710 „Mox

821 1718 978 1768 Riphaei
998 1723 1140 1756 montes
1161 1724 1199 1756 et
1220 1719 1367 1755 assiduo
1391 1719 1482 1756 nivis

822 1787 907 1811 casu
973 1775 1164 1825 pinnarum
1235 1775 1483 1821 similitudine,

824 1831 1052 1881 Pteroplmros
1101 1831 1283 1882 appellata
1331 1831 1483 1880 regio.“

822 1888 931 1938 Apud
959 1888 1077 1925 Leon.
1108 1889 1264 1925 African.
1306 1889 1340 1925 in
1371 1889 1482 1925 Afric.

822 1944 1021 1994 Descriptt.
1057 1944 1088 1981 ll
1110 1945 1170 1981 fol.
1196 1946 1271 1991 56,
1312 1949 1486 1982 monente

823 2000 1008 2037 Larchero
1020 2029 1030 2045 ‚
1065 2006 1370 2038 commemoratur
1385 2002 1485 2038 locus

826 2058 972 2094 nomine
993 2056 1125 2093 Burrz's
1159 2059 1201 2103 (i.
1221 2070 1252 2094 e.
1278 2057 1408 2107 plumis
1431 2062 1486 2094 te-

826 2111 912 2162 cti),
954 2126 1034 2159 „eo
1059 2115 1156 2162 quod
1179 2116 1389 2163 frequentes
1411 2113 1481 2150 illic

826 2169 1022 2205 admodum
1058 2171 1190 2206 cadant
1222 2171 1348 2215 nives,
1389 2183 1480 2218 quas

826 2225 967 2275 plumas
986 2226 1066 2274 quis
1085 2229 1206 2276 potius
1232 2238 1340 2276 quam
1363 2227 1482 2264 nivem

827 2280 1042 2319 iudicaretf‘

885 2339 964 2376 τῶν
987 2334 1149 2376 Σκύθαι
1172 2336 1343 2389 λέγουσι]
1386 2338 1485 2376 Arti-

828 2394 942 2431 culum
975 2394 1016 2432 οἱ
1040 2399 1127 2432 ante
1152 2391 1311 2434 Σκύθαι
1333 2396 1485 2444 requirit

828 2451 1031 2500 Schweigh.
1081 2451 1184 2488 Libri
1213 2465 1285 2488 non
1311 2452 1488 2489 addicunt

829 2508 962 2558 scripti.
995 2508 1052 2544 Cf.
1068 2507 1131 2554 lV,
1148 2510 1212 2547 32.
1233 2530 1288 2535 —-
1321 2508 1359 2545 ln
1381 2521 1486 2557 seqq.

828 2576 895 2613 pro
916 2559 989 2602 οὐκ
1010 2559 1075 2602 οἷά
1096 2579 1136 2602 τε
1155 2561 1257 2602 εἶναι
1278 2566 1312 2600 in
1334 2565 1486 2602 Floren-

832 2621 908 2656 tino
931 2622 1011 2658 cod.
1037 2622 1218 2658 invenitur
1236 2617 1308 2659 ov’n
1329 2616 1424 2659 οἷοί
1448 2635 1488 2659 τε

835 2672 947 2714 εἶναι.
1006 2677 1061 2713 Tu
1105 2679 1200 2714 conf.
1230 2678 1303 2723 lv,
1341 2681 1377 2717 7.
1422 2678 1488 2717 53.

833 2733 923 2769 Mox
957 2734 1055 2771 edidi
1092 2747 1172 2770 cum
1212 2739 1364 2771 recentt.
1405 2734 1488 2771 edd.

833 2785 939 2835 οἰκός
959 2803 1025 2840 pro
1046 2785 1146 2836 εἰκός
1167 2791 1328 2839 itemque
1355 2790 1391 2826 in
1418 2790 1490 2827 fine

832 2847 958 2895 capitis
989 2843 1154 2896 αόίκητα
1186 2859 1253 2895 pro
1286 2842 1487 2896 α’νοίκητα.

831 2902 888 2939 Cf.
911 2902 957 2949 ΙΙ,
979 2903 1044 2943 34.
1081 2903 1127 2949 V,
1153 2905 1213 2942 10.

1216 2961 1269 2998 22
