1904 3304
426 280 483 319 44

823 275 1293 315 HERODOTI

427 385 474 430 δέ
503 402 623 436 τινας
651 386 724 429 καὶ
753 388 913 428 ταῦτα·
965 386 1132 440 σίτησιν
1152 385 1198 428 δὲ
1222 383 1333 428 εἶναι
1354 385 1459 438 κρέα
1483 400 1526 427 τε
1557 384 1575 428 ἒ
1684 400 1693 410 ·

398 458 503 500 exat
534 455 676 513 πόμα,
715 455 840 512 γάλα.
883 454 1044 511 θώυμα
1074 455 1119 498 δὲ
1149 456 1422 511 ποιευμένων
1450 461 1539 500 τῶν
1566 391 1704 500 m

427 528 606 572 σκόπων
636 528 731 582 περὶ
762 531 850 570 τῶν
879 526 1030 575 ἐτέων,
1061 526 1130 570 ἐπὶ
1147 527 1314 583 κρήνην
1335 539 1413 583 σφι
1432 526 1693 586 ἡγήσασθαι,

427 598 504 642 ἀπ’
534 593 586 656 ἧς
615 597 877 655 λουόμενοι,
914 595 1207 653 λιπαρώτεροι
1247 598 1463 654 ἐγίνοντο,
1502 599 1751 656 κατάπερΞΟ

426 776 580 827 σίτησιν
617 772 660 814 δὲ
704 770 806 814 εἶναι
853 772 948 823 κρέα
991 788 1031 813 τε

369 828 492 881 ἑφθά·
524 831 591 871 καὶ
614 828 725 882 πόμα
744 846 780 869 κ.
802 846 834 868 τ.
858 829 907 881 L]
934 844 980 869 τε
1010 844 1031 868 e

368 889 550 926 Sancrofti
595 889 686 925 libro
742 893 780 925 et
827 887 1029 925 Bodleiano

368 946 477 987 2935
511 944 646 982 delevit
679 945 812 989 Gaisf„
846 958 954 993 quem
973 956 1031 980 se-

368 1003 490 1052 quitur
510 1001 644 1039 Matth.
683 1001 829 1049 Reliqui
858 1001 941 1037 libri
975 1006 1031 1037 te-

367 1064 479 1106 nent,
510 1071 665 1108 quornm
686 1058 937 1094 auctoritatem
962 1070 1028 1093 nos

367 1128 491 1152 sumus
522 1115 658 1161 secuti,
702 1114 752 1150 ita
781 1117 823 1149 ut
858 1127 924 1163 per
964 1126 1031 1151 τε-

367 1170 437 1210 καὶ
478 1172 512 1207 h.
556 1171 578 1208 l.
627 1170 781 1220 σίτησιν
830 1175 868 1206 et
918 1164 1029 1219 πόμα

367 1228 468 1277 iungi
494 1228 746 1264 existimemus.
795 1226 905 1269 Quod
934 1227 1027 1262 enim

366 1285 571 1333 Schweigh.
611 1284 814 1332 suspicatur
851 1282 1028 1319 excidisse

366 1340 524 1389 aliquid,
575 1353 618 1377 ex
655 1352 734 1388 cap.
778 1340 831 1377 97
872 1340 1028 1375 fortasse

365 1396 632 1447 supplendum,
667 1400 729 1431 aut
753 1393 846 1445 κρέα
868 1409 907 1432 τε
927 1390 1028 1433 ω’πτὸι

364 1452 432 1491 καὶ
455 1448 566 1501 &ped
595 1451 848 1497 scribendum,
887 1451 926 1487 id
955 1451 1028 1487 mi-

364 1510 463 1547 nime
485 1509 729 1546 necessarium
754 1508 859 1544 nobis
880 1520 959 1545 esse
975 1508 1029 1543 vi-

365 1567 492 1611 detur3
521 1579 588 1602 nec
611 1565 728 1613 magis
752 1563 871 1613 placet
890 1564 1028 1601 Schae-

365 1623 432 1660 feri
460 1622 668 1659 emendatio
696 1619 861 1671 κρέατας
891 1621 1028 1670 quippe

365 1690 475 1728 quam
497 1679 649 1714 formam
672 1677 862 1714 Herodoto
889 1678 1029 1713 abiudi-

365 1735 520 1772 eandam
559 1747 756 1771 censemus.
788 1755 834 1759 -
876 1733 934 1769 Ad
966 1746 1026 1770 ar—

365 1796 574 1840 gumentum
592 1791 691 1839 quod
715 1791 862 1836 attinet,
903 1790 1029 1828 obser-

363 1852 426 1884 vat
445 1846 654 1884 Maltebrun
673 1846 694 1882 l.
716 1846 738 1883 l.
771 1846 825 1883 lac
852 1850 890 1883 et
917 1847 1027 1883 boum

364 1916 510 1942 carnem
530 1904 718 1949 siccatam,
749 1903 880 1951 quibus
906 1904 1028 1939 fruan-

363 1964 421 1997 tur
450 1959 650 2005 Macrobii,
688 1960 805 1996 adhuc
838 1972 1029 1997 commune

364 2029 447 2054 esse
459 2015 669 2053 alimentum
691 2015 888 2053 incolarum
908 2017 1026 2064 regio-

366 2073 422 2110 nis
445 2073 622 2109 Sennaar.
671 2072 730 2109 De
757 2085 865 2109 carne
896 2073 1028 2110 siccata

363 2130 458 2167 conf.
479 2133 568 2165 nott.
592 2129 640 2165 ad
660 2128 721 2175 111,
745 2131 806 2169 18.

421 2184 486 2224 ἐπὶ
508 2180 663 2236 κρήνην
685 2197 754 2233 σφι
774 2180 1023 2235 ήγήσασθαι]

362 2242 419 2279 De
449 2241 518 2279 hoc
548 2243 648 2279 fonte
680 2242 774 2279 hunc
806 2243 843 2278 in
876 2243 1025 2278 modum

363 2298 535 2343 MelalH,
555 2301 578 2337 9
599 2299 675 2334 init.
710 2298 803 2343 „Est
822 2298 931 2343 lacus,
953 2311 1025 2346 quo

361 2355 509 2404 perfusa
526 2367 680 2403 corpora
694 2355 795 2401 qunsi
815 2359 924 2389 uncta
943 2367 1025 2403 per-

362 2410 491 2446 nitent.
541 2410 683 2446 Bibitur
704 2410 822 2453 idcin3
853 2410 946 2446 adeo
971 2416 1026 2446 est

362 2466 519 2514 liquidus
546 2471 581 2502 et
611 2466 659 2502 ad
688 2467 900 2501 sustinenda
930 2478 1024 2513 quae

361 2523 524 2559 incidunt
553 2526 613 2558 aut
647 2522 889 2558 immittuntur
926 2522 1026 2557 infir-

361 2591 463 2624 mus,
508 2582 546 2614 ut
579 2578 663 2613 solia
701 2579 809 2615 etiam
851 2578 1023 2627 proximis

362 2635 484 2671 decisa
505 2635 716 2680 frondibus,
759 2647 831 2669 non
853 2635 1023 2670 innatan-

360 2691 411 2727 tia
443 2691 557 2735 ferat,
607 2691 672 2727 sed
702 2703 848 2740 pessum
877 2691 1021 2740 penitus

359 2747 549 2795 accipiat.“
592 2747 753 2783 Yirtutes
785 2747 891 2782 miras
920 2746 1021 2782 huius

361 2803 471 2839 sontis
489 2803 587 2851 quod
607 2804 749 2849 attinet,
778 2802 902 2839 laudat
916 2803 1022 2839 Wes-

361 2858 490 2907 seling.
513 2859 680 2895 iudicium
702 2859 907 2904 Boc-rhavii,
939 2871 1022 2908 per-

361 2916 458 2953 docti
476 2916 619 2963 medici,
636 2916 671 2951 in
683 2914 879 2954 Elernentt.
893 2915 1018 2952 Chem.

1089 774 1103 811 I
1125 787 1160 825 p.
1174 773 1269 820 550,
1296 774 1359 823 qui
1377 787 1449 822 quo
1461 773 1643 811 Herodoti
1665 786 1750 811 nar-

1089 833 1266 867 rationem
1287 844 1408 868 veram
1428 843 1508 868 esse
1530 831 1684 880 probet,
1712 831 1750 866 in

1087 887 1156 924 illis
1189 887 1324 923 telluris
1353 886 1469 937 plagis
1497 886 1595 936 ligna
1625 886 1750 923 haberi

1087 948 1193 993 putat
1204 944 1524 994 ponderosissima,
1547 955 1640 992 quae
1652 955 1750 992 aqua

1087 1001 1182 1038 ferre
1212 1005 1382 1049 nequeat.
1435 1000 1663 1043 Quibuscum
1692 1004 1751 1036 ta-

1087 1070 1170 1094 men
1198 1070 1273 1093 non
1298 1062 1504 1105 congruunt
1527 1056 1608 1106 ipsa
1629 1056 1751 1093 Hero-

1087 1114 1164 1150 doti
1186 1114 1315 1150 xerba:
1356 1109 1454 1162 μήτε
1483 1114 1563 1150 τῶν
1590 1109 1664 1151 ὅσα
1682 1107 1751 1159 ξύ-

1086 1172 1158 1208 λου
1187 1168 1267 1208 ἐστὶ
1303 1164 1565 1220 ἐλειφρὸτερα,·
1612 1169 1751 1218 quippe

1085 1240 1193 1275 quem
1216 1227 1333 1275 ipsum
1354 1226 1401 1262 de
1418 1225 1484 1262 hac
1506 1239 1544 1261 re
1563 1225 1750 1262 dubitasse

1088 1283 1176 1319 satis
1204 1287 1410 1318 monstrant
1443 1282 1570 1319 verba:
1616 1281 1653 1319 εἴ
1677 1293 1750 1330 σφι

1087 1337 1166 1376 ἔστι
1192 1334 1375 1387 εἷληθέως
1405 1333 1494 1376 οἶόν
1521 1352 1560 1376 τε
1587 1337 1749 1388 λέγεται.

1085 1395 1142 1432 De
1170 1394 1266 1441 Sila,
1302 1395 1427 1431 lndico
1456 1394 1592 1441 fluvio,
1633 1393 1750 1431 simile

1085 1452 1174 1500 quid
1203 1464 1245 1487 ex
1268 1449 1509 1500 Megasthene
1543 1451 1653 1488 refert
1683 1449 1750 1487 Ar-

1085 1509 1174 1544 rian.
1205 1508 1308 1544 lndd.
1331 1508 1394 1552 Vl,
1412 1508 1450 1553 4,
1485 1511 1636 1544 notante
1656 1506 1750 1544 Lar-

1085 1565 1207 1603 chero.
1248 1565 1300 1601 Ac
1330 1563 1435 1613 plura
1464 1563 1635 1600 retulerat
1660 1564 1748 1601 Cte-

1084 1621 1177 1666 sias,
1216 1621 1315 1657 cuius
1344 1619 1480 1656 consul.
1513 1621 1678 1668 sragmm.
1711 1633 1746 1669 p.

1086 1679 1166 1717 369
1195 1689 1294 1726 seq.,
1338 1677 1384 1713 de
1413 1677 1536 1722 sonte,
1576 1676 1631 1712 cui
1660 1675 1749 1712 nihil

1084 1734 1250 1779 innatet,
1281 1733 1348 1770 sed
1369 1733 1489 1769 omnia
1511 1733 1750 1780 submergan-

1084 1795 1166 1836 tur,
1197 1790 1243 1826 ob
1273 1802 1403 1839 aquam
1429 1789 1588 1825 omnium
1609 1788 1749 1826 levissi-

1085 1860 1203 1892 mam,
1250 1851 1291 1883 ut
1322 1849 1426 1896 putat
1443 1845 1668 1883 Beckmann.
1697 1845 1747 1882 ad

1085 1902 1259 1952 Antigon.
1289 1903 1421 1941 Carist.
1455 1915 1492 1952 p.
1519 1903 1624 1948 207,
1666 1901 1747 1949 nisi,

1085 1960 1186 2009 quod
1209 1960 1266 1995 vix
1295 1960 1462 2004 credam,
1501 1957 1633 1994 fabulis
1657 1957 1748 1995 haec

1086 2017 1232 2053 omnino
1248 2020 1353 2053 erunt
1366 2014 1618 2052 adscribenda.
1645 2014 1747 2052 Idem

1085 2073 1229 2110 Ctesias
1249 2072 1353 2108 lndd.
1372 2069 1408 2121 ἓ.
1430 2073 1484 2112 30
1506 2072 1644 2108 fontem
1661 2083 1747 2121 per-

1084 2130 1183 2166 hibet
1205 2129 1241 2165 in
1265 2128 1368 2164 India
1390 2141 1488 2174 esse,
1519 2128 1748 2177 qui,‚quae-

1084 2199 1229 2234 cunque
1259 2186 1391 2221 iniecta
1422 2185 1506 2229 sint,
1532 2183 1662 2230 eiiciat,
1685 2196 1748 2220 ex-

1083 2248 1190 2292 cepto
1204 2242 1312 2286 serm,
1334 2246 1500 2289 argento,
1525 2252 1626 2286 auro,
1648 2252 1747 2286 aere,

1083 2312 1175 2346 quae
1208 2298 1326 2333 omnia
1352 2298 1623 2344 innuergantur.
1671 2295 1746 2332 Ubi

1081 2355 1305 2389 Beckmann.
1325 2354 1463 2400 cogitat
1483 2353 1528 2389 de
1543 2364 1639 2400 aqua
1659 2351 1745 2388 salis

1082 2410 1213 2454 divite,
1249 2410 1346 2445 cuius
1367 2410 1452 2445 inde
1473 2409 1632 2455 gravitas
1660 2421 1745 2458 spe-

1082 2466 1183 2502 cifica
1204 2466 1316 2501 maior
1340 2465 1444 2502 suerit
1464 2468 1517 2511 eii,
1550 2478 1658 2512 quam
1679 2465 1744 2501 ha-

1082 2523 1194 2559 beant
1213 2534 1367 2570 corpora
1398 2522 1579 2557 hominum
1603 2525 1744 2557 cetero-

1081 2591 1232 2626 rumque
1245 2577 1464 2614 animalium.
1490 2577 1549 2613 Tu
1563 2577 1634 2613 vid.
1650 2582 1742 2614 nott.

1081 2635 1129 2671 ad
1149 2635 1294 2670 Ctesiae
1315 2634 1431 2670 locum
1454 2647 1538 2683 pag.
1559 2634 1640 2674 339
1664 2646 1742 2682 seq.

1137 2685 1309 2740 κατάπερ
1331 2689 1365 2728 εἰ
1383 2689 1515 2728 ἐλαίου
1537 2689 1615 2739 εἴη]
1655 2689 1741 2727 Plu-

1079 2760 1136 2784 res
1162 2747 1258 2796 apud
1286 2752 1427 2784 veteres
1457 2759 1742 2783 commemoran-

1079 2808 1136 2840 tur
1167 2803 1236 2839 olei
1264 2803 1403 2849 sontes,
1445 2803 1491 2840 de
1513 2803 1642 2851 quibus
1668 2803 1741 2839 dixi

1079 2860 1126 2895 ad
1147 2860 1295 2896 Ctesiae
1325 2860 1441 2908 sragg.
1469 2859 1595 2909 (lndd.
1617 2858 1653 2910 ὅ.
1676 2861 1738 2898 11.

1078 2917 1152 2964 32)
1179 2929 1263 2967 pag.
1287 2916 1380 2957 346.
1415 2916 1507 2958 347.
1536 2917 1616 2958 289
1634 2927 1738 2964 seqq.
