1904 3304
483 255 1039 294 MELPOMENE.

195 366 360 421 ἐθηεῖτο
389 363 466 406 τόν
499 363 694 414 Πόντον,
736 364 864 407 ἐόντα
903 362 1169 420 ἀξιοθέητον.

193 434 275 490 γὰρ
307 432 510 477 ἁπάντων
539 434 701 486 πέφυκε
731 435 1122 490 θωυμασιώτατος·

1099 257 1157 294 lV.
1373 259 1455 298 437

1229 364 1447 419 πελαγέων

1173 437 1254 477 τοῦ
1292 433 1340 476 τὸ
1370 434 1446 489 μὲν

189 508 323 561 μῆκος
362 505 530 548 στάδιοί
569 508 649 549 εἰσι
690 506 844 549 ἑκατόν
882 507 954 549 καὶ
993 507 1121 561 χίλιοι
1158 505 1232 548 καὶ
1268 504 1442 560 μύριοι·

136 634 250 683 Gail.)
282 634 359 671 coll.
391 633 428 685 ᾗ.
461 633 525 675 24.
575 633 654 672 Alia
684 635 786 671 dabi-

132 703 210 728 mus
240 691 288 728 de
316 690 384 727 hoc
408 690 544 739 templo
576 692 623 727 ad
645 691 785 728 Herod.

133 748 205 793 IV,
234 746 317 796 87].
362 746 418 783 Ex
439 748 524 783 sano
551 747 679 795 ingens
700 759 786 796 ape-

133 803 293 840 riebatur
342 803 479 840 Pontus
534 804 785 853 patebautque

131 858 364 896 lustrantibus
431 864 557 909 petrae
615 860 785 908 Cyaneae

131 917 324 965 ipsumque
352 928 451 952 mare
483 915 673 952 clarissime
700 928 786 950 con-

131 973 292 1021 spicique
320 972 356 1008 in
386 971 479 1007 hunc
502 975 654 1020 possunt
675 971 784 1014 diem,

132 1028 285 1065 docente
314 1027 433 1075 Gyllio
458 1027 569 1076 Bosp.
592 1026 681 1063 Thr.
703 1026 782 1062 Lib.

130 1084 202 1130 Ill,
233 1085 297 1124 5.“
353 1082 413 1121 Tu
441 1083 526 1119 add.
548 1083 669 1120 Kruse
690 1082 784 1118 Aus-

129 1153 310 1189 messung.
352 1143 420 1176 etc.
457 1151 543 1188 pag.
584 1142 620 1179 7.
661 1140 697 1178 8.
727 1159 783 1167 —-

129 1192 306 1247 ἑζόμενος
343 1192 384 1233 δὲ
421 1194 484 1233 ἐπὶ
516 1197 569 1248 τῷ
600 1195 672 1248 ἱρῷ
703 1208 783 1231 ver-

127 1254 172 1290 tit
190 1251 412 1300 Schweigh.:
449 1250 528 1287 Ibi
549 1251 597 1287 ad
621 1251 782 1300 templum

129 1309 303 1351 resiclens3
328 1308 556 1356 improbante
574 1307 693 1344 Kruse
716 1307 737 1343 l.
759 1307 781 1343 l.

127 1378 213 1416 pag.
237 1366 275 1411 8,
297 1364 396 1413 quod
416 1363 578 1400 voculam
601 1362 652 1401 δέ
673 1364 782 1401 inter-

127 1426 291 1472 pretatus
311 1421 358 1456 sit
378 1420 449 1466 ibi,
479 1420 648 1468 quoniam
668 1420 703 1456 in
725 1432 780 1456 er-

128 1491 246 1515 rorem
292 1475 394 1513 facilc
429 1476 548 1512 induci
585 1477 778 1525 possimus,

128 1547 170 1570 ac
196 1534 225 1570 si
252 1545 294 1570 ex
320 1531 440 1568 insulis
470 1533 628 1579 Cyaneis
648 1532 780 1569 Darius

126 1590 281 1627 Pontum
301 1588 408 1624 suerit
430 1588 714 1637 contemplatus3
744 1588 781 1624 id

126 1646 224 1695 quod
254 1657 297 1682 ex
318 1644 411 1680 Iovis
439 1643 521 1680 Urii
548 1645 685 1693 templo
714 1656 781 1693 po-

125 1702 195 1739 tius
232 1701 340 1745 fecit3
388 1700 437 1736 ita
468 1703 504 1735 ut
532 1699 707 1748 particula
738 1696 780 1738 δὲ

125 1757 160 1794 h.
178 1757 201 1794 l.
222 1770 295 1793 non
312 1756 380 1793 nisi
396 1756 547 1793 orationi
565 1757 780 1792 continuan-

126 1814 196 1852 dae
213 1813 460 1851 inserviat.—
489 1811 578 1848 Mox
596 1813 681 1849 dedi
699 1826 779 1849 cum

125 1873 276 1908 recentt.
305 1869 389 1906 edd.
417 1867 574 1918 ἐθηεῖτο
601 1882 666 1918 pro
683 1868 778 1917 vulg.

127 1925 290 1976 ἐθηῆτο.
338 1923 420 1960 Vid.
447 1929 539 1961 nott.
570 1925 617 1961 ad
646 1924 683 1971 I,
716 1927 778 1964 10.

125 1981 247 2030 Atque
274 1981 324 2017 sie
353 1992 498 2029 quoque
523 1985 642 2017 exstat
662 1981 698 2017 in
718 1994 778 2017 co-

128 2037 215 2074 dicis
233 2036 389 2074 Palatini
407 2036 608 2086 Excerptis.

182 2099 544 2154 θωυμασιώτατος]
595 2104 779 2142 Sancrosti

126 2161 217 2198 liber
245 2156 595 2210 θωυμασιώῑατον.
635 2161 684 2197 At
710 2161 779 2196 vid.

127 2217 260 2254 Matth.
290 2217 354 2253 Gr.
377 2216 440 2252 Gr.
468 2229 552 2266 pag.
574 2217 654 2257 836
684 2223 720 2253 et
737 2217 779 2253 cf.

128 2273 277 2310 Suidam
305 2285 333 2310 s.
362 2285 394 2309 v,
427 2270 630 2319 Εὔξεινος.
688 2272 735 2309 Τ.
764 2272 778 2308 Ι

127 2343 164 2380 p.
186 2331 278 2371 900.
310 2328 363 2365 Ac
381 2329 457 2366 iure
472 2329 613 2366 videtur
627 2329 780 2377 Breige-

128 2398 169 2422 ro
189 2384 213 2422 l.
230 2384 252 2423 l.
274 2397 359 2435 pag.
380 2386 434 2425 32
454 2385 662 2422 Herodotus
684 2384 779 2420 Pon-

129 2445 203 2478 tum
242 2453 328 2490 prae
356 2440 501 2490 reliquis
528 2440 686 2478 maribus
715 2441 780 2476 ad-

129 2497 318 2534 miratione
343 2499 497 2535 maxima
523 2498 674 2545 dignum
689 2497 781 2533 iudi-

130 2563 253 2598 casse,
288 2557 364 2589 tum
401 2555 448 2590 ob
480 2554 781 2602 magnitudinem,

130 2612 204 2643 tum
237 2609 334 2656 quod
363 2613 498 2646 tantam
529 2623 700 2658 aquarum
721 2623 781 2646 co-

130 2664 226 2713 piam
264 2667 339 2700 tam
374 2670 471 2701 arcto
498 2667 590 2703 freto
617 2667 653 2703 in
682 2665 780 2703 aliud

133 2720 273 2755 emittat
290 2731 399 2765 mare,
416 2725 493 2758 tum
510 2721 667 2771 denique
683 2722 782 2771 quod

132 2776 300 2812 fluctuum
323 2776 490 2824 saevitia,
521 2783 782 2827 ventorumque

133 2830 166 2865 vi
197 2842 239 2867 ac
260 2830 495 2880 procellarum
514 2833 650 2883 reliqua
671 2834 783 2873 maria

132 2892 291 2936 superet.

899 635 972 672 τοῦ
1008 649 1050 672 το
1086 630 1156 683 μὲν
1187 635 1313 683 μῆκος
1346 627 1500 671 στάδιοί

845 689 919 728 εἰσι
950 686 1087 728 ἑκατὸν
1118 688 1184 727 καὶ
1209 690 1324 740 χίλιοι
1342 703 1409 727 και
1427 684 1497 739 μύ-

844 743 946 795 ριοι]
987 745 1108 793 Vulgo
1141 741 1271 795 μῆκός
1301 745 1375 784 εἰσι
1408 740 1497 783 στά-

844 802 946 847 διοι,
987 802 1087 848 quod
1121 802 1267 838 retinuit
1306 801 1497 839 Matthiae.

842 880 897 885 —
927 857 1104 893 Undecim
1135 857 1232 894 mille
1257 862 1399 894 centum
1420 862 1494 894 sta-

842 914 903 950 dia
932 916 1091 960 aequant
1120 913 1283 949 milliaria
1304 913 1496 955 Germani-

842 982 884 1006 ca
916 968 1154 1006 CCLXXVlI
1184 972 1221 1005 et
1248 970 1348 1018 quod
1370 981 1494 1006 excur—

841 1027 910 1071 rit·‚
951 1025 1013 1073 qui
1035 1037 1203 1062 numerus
1236 1025 1328 1061 iusto
1354 1025 1496 1062 videtur

841 1081 996 1127 nimius,
1027 1093 1106 1117 eum
1142 1081 1343 1117 accuratius
1380 1081 1494 1131 inspi-

840 1137 948 1175 cienti
984 1137 1137 1174 maxima
1166 1136 1274 1173 Ponti
1304 1137 1494 1185 longitudo

841 1194 886 1230 sit
914 1194 1026 1230 ferme
1051 1192 1188 1229 CXLII
1215 1193 1370 1230 milliarr.
1399 1194 1494 1230 Ger-

840 1250 1002 1295 manico,
1019 1249 1107 1293 sive,
1124 1253 1161 1285 ut
1180 1249 1238 1286 alii
1257 1249 1394 1295 volunt,
1412 1249 1490 1289 CL.

839 1306 973 1342 Scribit
1010 1304 1145 1342 Plinius
1169 1305 1218 1342 H.
1249 1305 1298 1344 N.
1328 1305 1400 1351 VI,
1449 1307 1493 1344 1:

838 1362 1048 1399 Mensuram
1069 1361 1178 1398 Ponti
1206 1374 1227 1397 a
1248 1361 1416 1411 Bosporo
1446 1361 1492 1398 ad

836 1418 1056 1455 Maeoticum
1075 1417 1190 1454 lacum
1211 1417 1358 1466 quidam
1375 1418 1493 1455 fecere

836 1474 923 1510 le
950 1474 1101 1521 triginta
1128 1477 1211 1509 octo
1240 1473 1320 1510 mill.
1347 1473 1380 1511 D
1408 1486 1494 1523 pas-

837 1543 951 1566 suum.
981 1529 1242 1566 Eratosthenes
1267 1534 1408 1566 centum
1426 1530 1493 1566 mi-

837 1598 969 1622 norem.
1016 1585 1179 1635 Agrippa
1211 1598 1232 1621 a
1260 1585 1493 1623 Chalcedone

837 1653 885 1689 ad
903 1652 1037 1690 Phasin
1056 1642 1094 1689 ἴ(
1115 1652 1227 1689 ωῑιι.“
1270 1652 1494 1695 Quibuscum

837 1709 1053 1746 convenient
1072 1713 1144 1746 octo
1160 1708 1253 1745 mille
1264 1709 1384 1745 stadia
1394 1709 1493 1758 apud

836 1766 1007 1803 Strabon.
1039 1765 1107 1802 ΧΠ
1142 1778 1225 1814 pag.
1248 1764 1329 1806 548
1357 1778 1384 1801 S.
1412 1763 1493 1805 824

837 1823 878 1859 C.
922 1821 1097 1858 Arrianus
1125 1821 1227 1871 ponit
1252 1833 1368 1858 novem
1399 1821 1494 1857 mille

834 1880 1057 1928 septingenta
1093 1878 1228 1924 stadia,
1271 1877 1491 1927 Agatheme-

835 1947 896 1971 rus
933 1947 992 1970 sex
1034 1934 1127 1970 mille
1158 1934 1277 1970 stadia
1307 1948 1327 1971 a
1360 1933 1490 1971 Tomis

837 2003 951 2042 prope
972 1991 1105 2026 Istrum
1136 2003 1250 2038 usque
1273 1990 1320 2026 ad
1343 1990 1486 2026 Phasin.

836 2047 940 2090 Quae
956 2059 1034 2082 cum
1054 2047 1104 2082 ita
1122 2045 1205 2091 sint,
1228 2046 1407 2094 Breiger.,
1426 2045 1489 2093 qui

834 2115 919 2152 pag.
954 2104 1007 2141 27
1047 2114 1124 2150 seq.
1163 2104 1216 2140 30
1252 2105 1290 2138 et
1326 2105 1487 2138 veterum

838 2163 875 2196 et
907 2158 1145 2194 recentiorum
1183 2158 1230 2193 de
1259 2157 1369 2193 Ponti
1410 2156 1490 2193 lon-

836 2214 1002 2262 gitudine
1062 2213 1205 2261 collegit
1261 2213 1490 2260 testimonia,

836 2270 1063 2307 Herodotum
1100 2269 1176 2305 vult
1209 2269 1347 2305 minora
1384 2268 1489 2305 adhi-

837 2327 956 2363 buisse
990 2326 1109 2363 stadia
1141 2326 1299 2373 marina,
1335 2338 1488 2373 quorum

835 2383 999 2419 undecim
1019 2382 1114 2419 mille
1130 2387 1273 2418 centum
1292 2394 1397 2431 pares
1418 2382 1489 2417 sint

837 2438 1034 2489 Olympicis
1092 2438 1220 2474 stadiis
1266 2444 1346 2474 octo
1392 2437 1489 2473 mille

837 2495 1052 2543 octingentis
1079 2495 1285 2542 octoginta;
1338 2494 1405 2530 etsi
1432 2492 1488 2530 vel

837 2552 888 2587 sic
907 2552 1134 2588 Herodotum
1164 2564 1236 2586 non
1257 2550 1355 2587 recta
1370 2554 1489 2586 trans-

837 2608 919 2644 iisse
940 2608 1114 2654 Pontum,
1145 2607 1210 2644 sed
1239 2606 1347 2643 litora
1365 2605 1488 2654 legen-

837 2668 908 2700 tem
936 2667 1074 2700 statuas
1093 2676 1242 2700 necesse
1261 2666 1328 2701 est.
1368 2661 1489 2710 Atque

839 2720 876 2756 in
917 2733 960 2757 eo
999 2721 1078 2769 ipso
1107 2720 1330 2769 potissimum
1359 2718 1491 2755 insistit

838 2776 983 2814 Dureau
1012 2776 1058 2813 de
1075 2775 1110 2812 la
1127 2775 1236 2812 Malle
1258 2774 1491 2824 Geographie

839 2833 1016 2882 physique
1055 2838 1123 2869 etc.
1167 2844 1252 2881 pag.
1287 2832 1365 2871 178
1401 2842 1492 2877 seq.>

841 2886 927 2926 cum‘
938 2901 1011 2926 non
1032 2892 1108 2926 tam
1130 2888 1176 2924 de
1199 2900 1242 2924 ea
1260 2885 1494 2936 cogitandum

1501 512 1579 551 321
