1904 3304
470 253 1029 293 MELPOMENE.
1089 255 1150 292 IV.
1371 258 1454 297 533

183 364 354 410 σάντων
375 364 421 407 δὲ
438 367 492 420 τῇ
511 362 664 420 γνώμῃ
682 367 771 406 τῶν
791 365 1165 419 Λακεδαιμονίων,
1193 363 1307 417 τρισὶ
1327 380 1449 420 τριη-

180 434 424 489 κοντέροισι
459 434 501 484 ἐς
527 434 632 485 τούς
662 434 953 490 Μἐμβλιάρεω
982 434 1231 490 ἀπογόνους
1261 435 1447 478 ἔπλωσε·

152 505 276 549 4οὔτι
287 504 452 556 πάντας
465 503 584 560 ἄγων
599 506 703 556 τοὺς
716 505 906 557 Μινύας,
932 503 1019 548 ἀλλ’
1043 504 1219 560 ὀλίγους
1233 503 1368 556 τινάς.
1403 507 1447 549 οἱ

177 576 261 632 γὰρ
294 580 476 628 πλεῦνες
506 575 648 620 αὐτῶν
679 576 916 630 ἐτράποντο
947 577 989 627 ἐς
1017 576 1120 626 τοὺς
1150 576 1444 632 Παρωρεάτας

175 647 248 690 καὶ
288 645 537 698 Καύκωνας
551 662 560 670 ·

175 798 263 840 οὔτι
283 795 437 847 πάντας
459 797 567 852 ἄγων
585 798 678 846 τούς
696 802 780 838 ΙῑΊι-

115 853 240 904 manag,
272 853 352 896 ἀλλ’
381 852 538 908 ὀλίγους
556 853 684 907 τινάς]
703 856 779 892 Au—

117 919 196 952 ctor
222 919 277 951 est
304 914 504 951 Pausanias
526 913 612 959 Vll,
640 917 664 953 2
694 910 730 962 ᾗ.
751 915 776 952 2

117 971 196 1008 coll.
216 970 388 1020 Apollon.
411 970 532 1008 Rhod.
566 970 634 1015 lv,
667 971 776 1010 1762

117 1041 195 1076 seq.
238 1026 398 1064 Theram
419 1026 638 1063 Thebanum
657 1025 776 1062 Laee-

115 1083 328 1121 daemonios
343 1088 455 1131 atque
467 1083 613 1132 Minyas
631 1082 774 1119 Lemno

115 1141 250 1177 eiectos
271 1139 415 1177 duxisse
442 1139 592 1176 colonos
616 1140 653 1175 in
674 1139 772 1174 insu-

115 1196 186 1233 lam
206 1195 398 1242 Callisten‚
430 1208 522 1244 quae
544 1195 615 1231 iam
630 1195 773 1232 Therae

115 1253 300 1302 acceperit
320 1265 464 1289 nomen.
504 1250 584 1288 Alia
604 1252 775 1300 leguntur

113 1310 213 1358 apud
236 1309 417 1346 Plutarch.
448 1309 545 1358 Opp.
573 1308 604 1343 lI
629 1322 665 1358 1)-
690 1310 772 1348 247

113 1364 160 1401 D.
179 1370 215 1401 et
236 1367 317 1406 296
333 1365 377 1401 B.
437 1363 489 1401 Ac
508 1365 646 1402 Dorum
670 1364 772 1400 inva—

114 1422 216 1458 sione
248 1422 474 1470 potissimum
504 1422 636 1457 factum
668 1425 773 1469 putat

113 1477 157 1514 C.
173 1478 217 1514 Ο.
238 1477 380 1514 Miiller.
402 1477 424 1513 l.
442 1476 466 1514 l.
490 1490 526 1526 p.
548 1478 630 1518 360
651 1489 771 1525 seqq,

112 1538 152 1570 ut
163 1535 325 1582 Minyae,
355 1546 463 1582 quam
483 1532 666 1569 Laconiae
685 1545 770 1582 par-

109 1593 184 1626 tem
204 1591 241 1626 in
258 1601 347 1638 agro
359 1589 553 1638 Amyclaeo
572 1589 768 1635 tenuerint,

107 1645 311 1694 relinquere
349 1646 484 1691 coacti,
534 1644 621 1682 alias
658 1645 765 1682 sedes

106 1706 286 1751 peterent,
310 1701 367 1739 alii
387 1703 424 1738 in
446 1701 592 1739 Therae
615 1714 657 1738 ac
676 1701 766 1738 Meli

104 1757 259 1795 insulam
283 1760 522 1804 traiicientes‚
554 1758 636 1804 alii,
668 1759 764 1806 iique

105 1814 247 1865 plurimi
265 1828 331 1864 per
349 1814 540 1852 Arcadiam
561 1827 602 1851 ac
621 1813 764 1852 Messe-

106 1872 203 1908 niam
232 1872 429 1920 migrantes
464 1872 499 1907 in
530 1883 610 1908 eam
641 1871 763 1920 regio-

104 1939 213 1973 nem,
260 1940 355 1975 quae
382 1926 573 1976 Triphylia
603 1933 762 1973 vocatur,

105 1983 191 2029 ubi,
240 1984 362 2020 eiectis
407 1984 587 2033 prioribus
635 1983 761 2020 incolis

104 2038 311 2076 Paroreatis
359 2044 470 2088 atque
514 2039 760 2085 Cauconibus,

105 2108 167 2133 sex
193 2096 301 2133 urbes
334 2097 575 2133 condiderunt
604 2096 760 2132 totidem

103 2164 169 2202 per
204 2152 316 2189 tribus
351 2152 419 2202 ipsi
447 2152 549 2188 divisi
582 2164 625 2188 ac
653 2151 759 2188 simili

103 2220 176 2257 quo
195 2208 301 2245 Iones
324 2213 436 2257 atque
456 2208 591 2244 Achaei
610 2209 759 2245 foedere

102 2265 283 2303 coniuncti
323 2265 388 2301 sub
423 2264 587 2314 Neptuni
631 2263 756 2312 tutela,

102 2321 203 2358 cuius
231 2323 407 2372 templum
437 2322 471 2356 in
500 2321 643 2357 Samico
671 2333 757 2370 pro-

100 2379 280 2415 montorio
299 2378 365 2414 fuit
385 2378 505 2414 situm.
566 2376 661 2414 Nam
691 2377 757 2414 hac

103 2434 139 2470 in
169 2446 233 2470 ora
261 2435 368 2471 maris
400 2436 470 2470 iam
501 2433 583 2469 olim
611 2433 756 2482 Minyas

102 2491 311 2528 consedisse
332 2490 405 2527 vult
424 2490 520 2527 idem
542 2489 684 2526 Miiller.
698 2490 718 2526 l.
735 2489 756 2525 l.

100 2557 186 2596 pag·
207 2547 282 2586 371
302 2560 312 2592 ·‚
350 2551 391 2583 ut
409 2548 455 2584 ad
475 2553 650 2595 cognatos
672 2559 757 2583 suos

100 2613 144 2638 ac
167 2602 322 2650 gentiles
350 2603 621 2651 quodammodo
641 2616 680 2641 se
700 2616 757 2640 re-

101 2658 275 2708 ceperint.

158 2713 197 2760 ἔς
235 2711 328 2759 τούς
378 2710 646 2766 Παρωρεάτας
690 2715 756 2754 καὶ

103 2767 344 2819 Καύκωνας]
385 2771 425 2806 In
449 2772 632 2809 Sancrosti
664 2772 756 2810 libro

101 2832 219 2865 exstat
242 2822 528 2878 Παρεωράτας;
556 2828 649 2865 infra
662 2829 757 2876 VIII,

101 2886 153 2924 ‘73
179 2897 305 2921 omnes
337 2882 439 2930 libri,
471 2888 643 2933 quantum
668 2888 756 2934 seio,

627 645 815 698 τούτους
859 645 903 690 δ’
943 646 1215 699 ἐξελάσαντες
1270 647 1318 691 ἐκ
1367 651 1501 704 τῆς7ο

838 802 1112 852 Παρωρεῆται.
1179 799 1288 851 Apud
1320 801 1495 852 Stephan.

834 856 990 905 Byzant.
1010 871 1038 895 s.
1055 871 1087 894 v.
1109 854 1323 908 Παρώρεια
1350 872 1384 908 p.
1409 858 1488 899 631

834 914 966 950 citatur
1012 909 1310 964 Παρωραιάται.
1383 914 1493 952 Cous.

833 970 943 1007 etiam
963 970 1120 1007 Siebelis
1148 971 1196 1006 ad
1216 970 1374 1007 Pausan.
1392 970 1492 1018 vm,

833 1026 886 1066 35
906 1025 942 1077 §.
964 1029 1002 1067 6.
1037 1027 1138 1064 Idem
1158 1027 1372 1064 vocabulum
1394 1026 1493 1063 haud

831 1083 906 1119 scio
940 1096 987 1120 an
1021 1084 1284 1121 restituendum
1315 1083 1491 1119 Straboni

834 1138 917 1177 VIII
935 1154 971 1190 p.
993 1139 1074 1181 346
1097 1140 1141 1177 Β.
1167 1153 1194 1176 s.
1221 1140 1303 1180 532
1324 1140 1387 1184 C.,
1429 1140 1491 1176 ubi

830 1209 897 1246 pro
918 1196 1014 1245 vulg.
1039 1192 1274 1247 Παρονάται
1292 1196 1489 1245 legendum

833 1249 1097 1304 Παρωρεάται
1129 1254 1204 1290 sive
1231 1253 1363 1289 rectius
1396 1254 1488 1290 Πα-

831 1312 1038 1360 ρωρεᾶται.
1104 1309 1162 1347 De
1190 1309 1411 1346 Caucom'bus
1451 1310 1488 1346 in

830 1365 1023 1416 Triphylia
1081 1366 1326 1402 habitantibus
1387 1365 1486 1402 idem

828 1422 964 1459 Strabo
985 1422 1148 1472 pluribus
1165 1423 1275 1459 refert
1294 1421 1379 1458 VIII
1399 1433 1486 1471 pag.

827 1478 910 1518 345
933 1492 965 1518 s,
988 1480 1065 1518 531
1087 1479 1131 1515 A.
1152 1492 1233 1527 sqq.
1249 1506 1259 1524 ‚
1298 1478 1358 1527 qui
1377 1477 1486 1527 paulo

825 1539 911 1583 post
942 1548 978 1584 p.
1015 1534 1097 1575 534
1124 1534 1166 1570 A.
1195 1536 1486 1582 Argonautarum

826 1590 952 1627 horum
971 1595 1139 1640 posteros
1157 1590 1300 1627 Lemno
1317 1590 1489 1639 expulsos

822 1647 858 1683 in
880 1646 1196 1684 Lacedaemonem
1215 1652 1324 1696 atque
1344 1647 1430 1684 inde
1449 1647 1487 1683 in

827 1702 1053 1753 Trz‘phyliam
1073 1704 1216 1741 venisse
1234 1708 1391 1740 enarrat.
1426 1703 1488 1741 De

822 1773 894 1809 qua
915 1760 1066 1809 regione
1088 1773 1184 1797 nunc
1204 1760 1363 1796 omnium
1381 1760 1482 1809 opti-

821 1830 879 1854 me
906 1817 982 1865 egit
1013 1817 1056 1854 C.
1086 1817 1132 1854 O.
1160 1816 1302 1853 Miiller.
1339 1816 1481 1853 Orcho-

820 1886 915 1911 men.
935 1886 1019 1923 pag.
1041 1875 1121 1914 361
1146 1886 1251 1922 seqq.
1271 1871 1348 1909 coll.
1369 1871 1479 1909 Man-

819 1935 912 1966 nert.
939 1930 1078 1978 Geogr.
1102 1929 1187 1966 VIII
1216 1943 1254 1979 p.
1278 1927 1371 1969 481.
1396 1928 1480 1969 518

818 1998 922 2034 seqq.
980 1986 1061 2022 Hac
1100 1986 1196 2023 enim
1232 1986 1268 2021 in
1310 1986 1474 2032 regione,

818 2054 913 2090 quae
945 2043 991 2078 ab
1011 2041 1154 2091 Alpheo
1186 2042 1371 2079 meridiem
1393 2054 1475 2078 ver-

817 2110 876 2134 sus
894 2102 1039 2147 praeter
1060 2111 1159 2135 oram
1179 2098 1394 2134 maritimam
1413 2110 1474 2133 us-

817 2166 888 2201 que
921 2155 969 2190 ad
1009 2153 1155 2191 Nedam
1193 2153 1475 2202 Messeniaeque

816 2210 908 2246 fines
947 2211 1235 2256 extendebatur,
1291 2210 1472 2258 sedesque

815 2267 1014 2315 praecipua
1045 2266 1323 2304 Paroreatarum
1355 2267 1471 2315 (quae

814 2321 1014 2360 Arcadicae
1039 2323 1161 2373 stirpis
1189 2324 1255 2359 fuit
1281 2326 1392 2371 gens)
1415 2326 1471 2359 at-

814 2392 886 2428 que
917 2381 1025 2416 etiam
1051 2380 1264 2416 Cauconum
1292 2392 1335 2417 ex
1366 2383 1470 2428 parte

813 2436 901 2481 fuit,
942 2436 1092 2485 Minyae
1114 2449 1178 2473 sex
1204 2435 1264 2471 illa
1294 2435 1471 2472 condide-

813 2496 897 2528 runt
915 2493 1073 2543 oppida,
1102 2493 1294 2530 Herodoto
1313 2504 1471 2529 comme-

813 2553 976 2594 morata3
1030 2549 1126 2586 inter
1174 2561 1269 2597 quae
1322 2547 1471 2598 Pliryxa

814 2605 889 2641 sive
925 2604 984 2655 (ut
1016 2605 1075 2641 alii
1111 2603 1252 2654 volunt)
1286 2603 1470 2654 Phryxae,

814 2661 973 2698 omnium
994 2661 1147 2699 maxime
1174 2661 1222 2697 ad
1251 2661 1470 2710 septentrio-

813 2730 895 2754 nem
923 2718 990 2754 sita
1015 2718 1052 2755 in
1072 2717 1236 2754 confiniis
1256 2718 1333 2754 sere
1357 2716 1470 2753 Arca·

814 2774 896 2810 diae
921 2778 1033 2823 atque
1050 2774 1185 2818 Elidis,
1220 2774 1369 2822 triginta
1387 2778 1471 2809 tan-

812 2835 888 2866 tum
921 2831 1082 2867 distabat
1112 2830 1240 2867 stadiis
1272 2830 1318 2866 ab
1344 2829 1471 2877 Olym-

811 2888 882 2937 pia.
931 2887 1112 2937 Phryxam
1139 2886 1326 2924 meridiem
1345 2898 1471 2923 versus
