1904 3304
430 286 488 327 58
823 285 1296 325 HERODOTI

427 410 475 451 γε
505 394 529 438 ὁ
559 393 674 445 θεός.
732 391 842 449 ἀτάρ
873 409 943 436 τοι
970 393 1095 448 ὑμεῖς
1119 410 1167 450 γε
1198 393 1253 438 ου’
1283 396 1507 450 χαίροντες
1534 396 1701 452 γέλωτα

398 465 503 522 3ἐμὲ
531 464 767 522 θήσεσθε.“
818 467 965 508 Ταῦτα
995 467 1138 516 εἴπας,
1171 467 1405 509 ἐνετείλατο
1436 472 1548 511 τοῖσι
1564 472 1700 511 ταῦτα

425 533 696 592 πρήσσουσι,
735 533 840 586 τούς
868 535 948 591 μὲν
988 536 1108 591 ἱρέας
1138 535 1517 592 ἀπομαστιγῶσαι,
1559 541 1698 595 Αἰγυ-

423 609 562 650 πτίων
599 607 645 651 δὲ
686 610 776 650 τῶν
828 604 972 650 ἄλλων
1017 607 1096 651 τὸν
1144 607 1200 651 ἂν
1243 606 1408 663 λάβωσι
1448 607 1754 663 ὁρτάζοντα,35

424 680 621 722 κτείνειν.
680 677 786 734 ὁρτὴ
816 678 895 734 μὲν
926 677 978 734 δή
1011 679 1226 722 διελέλυτο
1251 681 1546 734 Αἰγυπτίοισι·
1580 682 1624 723 οἱ
1651 681 1699 724 δὲ

394 750 535 804 4ἷρέες
563 750 844 793 ἐδικαιεῦντο.
905 749 929 793 ὁ
970 749 1016 794 δὲ
1043 749 1165 802 ’Ἆπις
1193 751 1486 807 πεπληγμένος
1514 750 1593 794 τὸν
1621 769 1698 808 μη-

422 820 525 876 ρὸν,
568 821 724 876 ἔφθινε
754 821 802 865 ἐν
831 824 893 880 τῷ
923 823 1004 880 ἱρῷ
1033 824 1350 876 κατακείμενος.
1395 821 1468 864 καὶ
1496 821 1575 866 τὸν
1605 822 1696 877 μὲν,

423 890 739 947 τελευτήσαντα
761 894 807 936 ἐκ
837 897 917 937 τοῦ
946 892 1185 949 τρώματος,
1220 893 1393 945 ἔθαψαν
1424 894 1468 936 οἱ
1487 893 1596 949 ἱρέες
1624 893 1697 938 λά-

420 968 508 1020 θρη
539 964 800 1021 Καμβύσεω.

534 1034 773 1092 Καμβύσης
810 1036 877 1086 δὲ,
919 1033 979 1087 ὣς
1019 1035 1194 1090 λέγουσι
1236 1033 1494 1091 Αἰγύπτιοι,
1541 1033 1755 1080 adtexam

423 1105 496 1149 διὰ
534 1110 665 1150 τοῦτο
708 1106 757 1149 τὸ
792 1105 983 1163 ἀδίκημα
1025 1105 1179 1162 ἐμάνη,
1223 1105 1307 1149 ἐών
1346 1105 1448 1150 οὐδὲ
1480 1106 1695 1163 πρότερον

393 1179 660 1234 Ξφρενήρης.
713 1178 800 1221 Καὶ
840 1182 993 1232 πρῶτα
1029 1178 1108 1234 μὲν
1143 1181 1231 1220 τῶν
1261 1181 1408 1220 κακῶν
1437 1178 1694 1234 ἐξεργάσατο

420 1248 498 1293 τὸν
538 1247 755 1304 ἀδελφεόν
796 1249 1012 1304 Σμέρδιν,
1058 1247 1186 1291 ἐόντα
1223 1247 1387 1303 πατρὸς
1423 1249 1498 1291 καὶ
1531 1249 1696 1305 μητρὸς

419 1324 496 1376 τῆς
526 1318 680 1376 αὐτῆς·
721 1319 800 1364 τὸν
830 1317 1049 1375 ἀπέπεμψε
1081 1319 1125 1370 ἐς
1157 1319 1332 1373 Πέρσας
1367 1318 1525 1376 φθόνῳ
1555 1320 1598 1373 ἐξ
1621 1325 1696 1365 Αἰ-

417 1390 604 1447 γύπτου,
636 1391 703 1434 ὅτι
731 1389 781 1435 τό
812 1391 942 1443 τόξον
975 1394 1141 1446 μοῦνος
1174 1390 1380 1443 Περσέων
1411 1390 1519 1434 ὅσον
1553 1407 1598 1435 τε
1629 1393 1750 1436 ἐπὶ45

418 1460 501 1505 δύο
537 1460 780 1513 δακτύλους
811 1463 974 1516 εἴρυσε,
1007 1462 1056 1505 τό
1085 1461 1204 1515 παρὰ
1236 1466 1316 1505 τοῦ
1334 1464 1553 1514 Αἰθίοπος
1581 1462 1695 1520 ἤνει-

417 1549 502 1576 καν
533 1534 578 1577 οἱ
599 1532 913 1589 Ἰχθυοφάγοι·
956 1536 1045 1576 τῶν
1074 1532 1119 1576 δὲ
1149 1532 1292 1576 ἄλλων
1314 1532 1521 1587 Περσέων
1551 1532 1696 1586 οὐδεὶς

389 1600 515 1655 Βοῖός
551 1620 595 1647 τε
634 1604 813 1660 ἐγένετο.
869 1603 1176 1660 Ἀποιχομένου
1218 1598 1282 1647 ὦν
1321 1604 1364 1655 ἐς
1396 1602 1569 1659 Πέρσας
1609 1610 1694 1650 τοῦ

419 1673 651 1730 Σμέρδιος,
682 1675 786 1727 ὄψιν
806 1673 891 1719 εἶδε
914 1674 936 1719 ὁ
956 1675 1193 1732 Καμβύσης
1216 1676 1262 1720 έν
1281 1680 1342 1735 τῷ
1362 1675 1489 1733 ὕπνῳ
1507 1676 1690 1732 τοιήνδε.

295 1030 361 1075 30

90 1092 205 1120 Occidit
214 1093 363 1129 Smmwlin,

89 1126 214 1154 fratrem
245 1136 365 1163 germa-

88 1168 169 1201 num²
188 1169 280 1197 opera
289 1162 362 1190 Pre-

88 1201 198 1230 xaspne.

415 1845 465 1890 ου’
477 1851 679 1902 χαίροντες
691 1848 837 1901 γέλωτα
858 1848 924 1899 ἐμὲ
943 1846 1020 1902 θή-

358 1906 494 1957 σεσθε]
526 1908 546 1944 ἰ.
567 1922 598 1945 e.
626 1922 695 1944 non
716 1908 849 1943 iuvabit
870 1921 948 1955 vos,
972 1921 1021 1944 me

357 1964 512 2000 ludibrio
538 1965 750 2001 habuisses.
779 1978 924 2013 poenam
953 1979 1022 2001 uon

358 2020 560 2069 effugietis,
594 2022 684 2070 quod
705 2033 754 2056 me
777 2021 930 2057 ludibrio
956 2022 1021 2057 Ιιιι-

357 2077 493 2113 buistz's.
525 2077 583 2114 De
606 2078 785 2114 locutione
799 2073 847 2115 ου’
870 2079 1024 2128 χαίρον-

359 2147 420 2179 τες
438 2133 574 2171 οοηειιΙ.
599 2135 646 2170 G.
670 2134 868 2171 Hermann.
895 2136 942 2171 ad
962 2136 1025 2171 vi-

357 2204 434 2239 ger.
451 2204 486 2240 p.
510 2192 603 2231 767.
642 2191 836 2228 Heindorf.
860 2192 906 2227 ad
928 2191 1021 2228 Plat.

358 2247 476 2294 Gorg.
507 2260 542 2296 p.
567 2249 660 2287 220.
697 2248 804 2283 conf.
837 2248 931 2284 infra
958 2249 1021 2293 ΙΙΙ,

359 2303 425 2342 63.
449 2304 513 2341 69.
540 2304 609 2348 36,
642 2304 702 2339 ubi
723 2303 895 2340 Valcken.
916 2317 1022 2353 prae-

358 2362 414 2395 ter
434 2358 505 2393 alia
524 2358 836 2395 Hemsterhusium
867 2361 1021 2396 conferri

357 2413 431 2450 vult
449 2414 484 2449 in
507 2413 655 2451 Miscell.
677 2415 786 2450 Obss.
805 2416 854 2450 w
876 2429 910 2464 p.
927 2414 1019 2455 343.

353 2470 540 2507 Imitando
594 2471 773 2520 expressit
831 2472 1019 2508 formulam

353 2526 554 2562 Pausanias
578 2526 639 2572 lv,
659 2529 706 2566 21
733 2524 768 2575 §.
789 2529 827 2572 7,
849 2529 909 2564 ubi
927 2530 1018 2565 conf.

353 2582 522 2619 Siebelis.
536 2603 592 2609 —-
608 2583 666 2619 Ad
680 2583 789 2620 verba
810 2582 955 2633 γέλωτα
966 2606 1021 2611 —

353 2634 536 2688 θήσεσθε
563 2640 658 2675 conf.
699 2638 760 2684 ΙΙΙ,
795 2641 847 2679 38
878 2645 915 2677 et
939 2641 1020 2686 VH,

355 2696 451 2741 209,
475 2695 536 2731 ubi
551 2694 704 2732 Wessel.
726 2700 915 2744 praeterea
937 2698 1023 2733 citat

358 2751 434 2787 Iob.
458 2751 579 2797 XVII,
599 2754 636 2791 6.
667 2751 914 2798 Athen.vlu‚
934 2766 1020 2803 pag.

357 2807 438 2848 335
462 2808 503 2844 C.

414 2862 675 2914 ἐδικαιεῦντο]
697 2864 720 2900 i.
741 2877 773 2901 e.
790 2866 913 2914 puniti
927 2869 1021 2901 sunt.

359 2920 464 2957 conf.
496 2919 525 2966 Ι,
558 2922 649 2961 100.
688 2920 734 2965 V,
755 2922 809 2961 92
833 2919 870 2971 §.
891 2924 931 2966 2,
961 2921 1023 2958 ubi

1080 1851 1236 1889 Wessel.
1259 1851 1386 1889 laudat
1403 1850 1587 1901 Leopard.
1612 1850 1747 1890 Emen-

1079 1909 1169 1945 datt.
1191 1910 1235 1955 V,
1256 1910 1293 1948 9.

1138 1963 1302 2012 ἔθαψαν
1324 1963 1365 2002 οἷ
1382 1961 1496 2013 ἱρέες]
1535 1962 1593 2000 Ab
1622 1964 1744 2002 Hero-

1079 2021 1168 2057 doto
1199 2021 1369 2058 dissentit
1402 2020 1637 2067 Plutarchus,
1683 2022 1745 2071 qui

1082 2078 1211 2115 bovem
1229 2092 1251 2114 a
1269 2077 1453 2125 Cambyse
1473 2082 1655 2123 necatum,
1685 2091 1747 2116 ω.-

1080 2135 1185 2171 nibus
1214 2135 1299 2171 dein
1329 2134 1528 2183 proiectum
1558 2134 1746 2183 abfiisque

1080 2191 1295 2228 devoratum
1329 2203 1409 2227 esse
1436 2190 1581 2235 scribit,
1618 2190 1677 2228 De
1698 2190 1745 2228 ls.

1080 2252 1118 2284 et
1140 2248 1276 2284 Osirid.
1297 2259 1380 2296 pag.
1401 2247 1484 2286 368
1503 2246 1547 2282 F.

1276 2303 1384 2351 Cap.
1424 2301 1539 2338 XXX.

1136 2354 1358 2409 φρενήρης]
1383 2359 1490 2395 Conf.
1512 2357 1574 2404 ΙΙΙ,
1594 2359 1660 2399 25.
1700 2358 1742 2396 In

1079 2429 1184 2464 seqq.
1203 2416 1250 2451 ad
1273 2415 1382 2451 verba
1405 2410 1502 2452 ὅσον
1522 2429 1561 2452 τε
1584 2413 1649 2453 ἐπὶ
1667 2411 1741 2454 δύο

1080 2467 1298 2516 δακτύλους
1311 2472 1406 2507 conf.
1428 2472 1490 2517 ΙΙΙ,
1513 2472 1537 2511 5
1561 2471 1621 2508 fin.
1645 2467 1741 2510 ὅσον

1078 2543 1117 2566 τε
1140 2526 1203 2566 ἐπὶ
1223 2531 1325 2578 τρεῖς
1349 2525 1509 2577 ἡμέρας.
1545 2526 1601 2564 Ad
1624 2529 1740 2578 ipsam

1078 2585 1295 2622 sententiam
1343 2597 1593 2633 comparamus
1636 2584 1743 2622 lusti-

1080 2654 1164 2677 nurn
1185 2641 1211 2686 Ι,
1239 2642 1263 2680 9
1297 2641 1343 2677 de
1372 2641 1553 2689 Cambyse
1579 2641 1629 2677 sic
1656 2654 1741 2689 pro-

1079 2698 1328 2733 nuntiantem:
1358 2701 1467 2742 „erat
1493 2698 1586 2734 enim
1611 2696 1742 2734 diffici-

1079 2752 1137 2799 le,
1175 2759 1214 2789 ut
1245 2758 1409 2802 parceret
1440 2755 1535 2799 suis,
1572 2754 1739 2803 quicum

1079 2814 1289 2859 contemptu
1313 2809 1520 2857 refigionis,
1552 2814 1738 2859 grassatus

1078 2866 1187 2903 etiam
1214 2866 1387 2902 adversus
1409 2867 1498 2903 deos
1517 2867 1681 2904 suerat.“

1136 2918 1179 2961 τό
1197 2942 1252 2949 -
1269 2919 1449 2973 ἤνεικαν]
1472 2924 1554 2963 Yid.
1572 2936 1651 2974 cap.
1670 2925 1735 2965 21.
