1904 3304
560 242 912 284 THALIA.

970 244 1034 282 ΙΙΙ.
1339 245 1424 285 165

153 362 262 403 τοῖσι
282 356 328 400 ἐν
349 359 412 414 τῷ
432 359 590 414 Λευκῷ
608 356 736 411 τείχεϊ
750 359 810 412 τῷ
831 355 877 399 ἐν
898 352 1057 409 Μέμφι
1076 352 1425 408 κατοικημένοισι

152 427 512 483 καταμετρέουσι,
554 427 626 470 καὶ
655 431 769 470 τοῖσι
798 424 968 469 τούτων
998 425 1285 480 ἐπικούροισι.

632 498 911 554 Σατταγύδαι
950 496 1018 547 δὲ,
1060 496 1133 539 καὶ
1164 495 1420 550 Γανδάριοι,
1434 501 1479 536 50

125 499 236 556 ὅμός
273 498 394 548 ἕκτος
433 492 573 548 οὗτος.

1343 442 1422 467 UO·

149 570 223 615 καὶ
243 571 433 613 Δαδίκαι
461 584 506 613 τε
533 569 606 612 καὶ
619 568 880 626 Ἀπαρύται,
912 567 955 620 ἐς
984 564 1125 610 τώυτὸ
1155 568 1422 624 τεταγμένοι,

95 735 195 783 quod
220 733 354 771 Aldina
381 734 509 772 offert:
550 735 660 774 σίτου
683 750 758 787 γαρ

93 792 187 841 (pro
218 787 320 842 πρὸς
346 788 449 843 γαρ)
486 792 758 842 recipiendum3

93 860 162 885 nec
205 848 322 896 magis
360 861 485 886 vocem
528 863 682 898 πυρους
722 850 757 885 in

92 918 195 954 προς
214 904 325 941 later(
337 932 348 950 ‚
380 918 474 954 quae
496 905 684 942 Schaeseri
709 906 756 942 ad

92 960 278 998 Lambert.
294 961 380 997 Bos.
400 961 458 997 De
480 960 613 1011 ellipss.
633 961 676 998 L.
689 962 756 999 Gr.

91 1030 180 1068 pag.
207 1019 288 1056 270
324 1022 380 1053 est
419 1018 600 1067 suspicio,
651 1019 756 1067 equi-

93 1074 178 1110 dem
217 1073 443 1111 crediderim.
502 1074 562 1110 Ad
593 1071 756 1126 μυριάσι

93 1129 244 1179 intellig.
281 1130 509 1180 μεδίμνοις,
557 1144 651 1180 quae
688 1144 757 1168 vox

93 1187 204 1223 modo
232 1187 400 1233 additur,
444 1187 555 1224 modo
583 1189 759 1224 omittitur

96 1240 208 1293 (conf.
242 1242 425 1280 Schaefer.
469 1243 491 1279 l.
524 1243 585 1292 l.).
660 1243 758 1281 Nam

96 1300 133 1335 in
178 1298 309 1335 talibus
348 1300 551 1336 indicandis
581 1300 759 1347 Graecos,

95 1367 298 1393 mensuram
339 1360 375 1392 et
417 1357 596 1405 speciem,
623 1357 760 1407 quippe

95 1411 204 1459 vulgo
222 1416 359 1458 notam,
379 1411 475 1448 haud
495 1425 578 1450 raro
594 1415 760 1451 omittere

95 1473 196 1506 recte
219 1468 428 1505 observavit
446 1469 665 1506 Gronovius.

152 1527 254 1563 τοῖσι
267 1546 319 1551 -
339 1523 674 1576 κατοικημένοισι]
700 1526 759 1564 De

96 1580 166 1617 hoc
192 1581 383 1631 participio
405 1583 498 1618 conf.
520 1582 548 1628 1,
572 1586 636 1624 27.
678 1582 760 1620 Me-

94 1643 259 1674 moratur
303 1638 402 1687 apud
438 1638 689 1688 Thucydidem
729 1639 759 1685 I,

97 1697 178 1734 104
199 1693 307 1731 tertia
325 1693 548 1745 Memphidis
566 1709 663 1746 pars,
691 1708 760 1732 no-

94 1751 190 1788 mine
208 1747 365 1788 Λευκὸν
385 1755 532 1802 τεῖχος,
563 1753 664 1801 quod
689 1752 758 1789 sci-

94 1806 197 1854 licet,
226 1811 395 1844 monente
416 1808 643 1856 Scholiasta,
674 1808 758 1846 reli-

94 1876 189 1912 quae
220 1864 315 1900 duae
350 1864 448 1901 urbis
484 1871 610 1914 partes
643 1865 758 1902 latere

94 1919 210 1955 coctili
241 1923 444 1957 exstructae
482 1927 606 1967 erant,
649 1923 757 1959 tertia

95 1988 182 2025 pars
221 1974 411 2024 lapidibus.
467 1976 563 2014 Add.
602 1978 755 2015 Diodor.

96 2032 168 2067 Sic.
190 2031 252 2077 IX,
278 2030 341 2069 74.
372 2032 431 2069 Ad
449 2046 574 2069 vocem
599 2029 759 2072 ἐπικού-

98 2102 193 2137 ρους
223 2088 316 2124 conf.
351 2093 440 2124 nott.
471 2090 519 2125 ad
541 2089 605 2137 ΙΙΙ,
636 2091 673 2130 4.
700 2111 757 2117 --

97 2145 181 2194 lpsa
199 2144 325 2180 tributi
346 2158 505 2192 summa,
536 2159 631 2195 quae
648 2147 761 2183 inclu-

96 2214 137 2236 so
160 2202 360 2248 frumento,
391 2202 448 2237 vix
471 2204 518 2238 ad
543 2203 650 2240 vicies
672 2216 758 2241 cen-

96 2262 181 2294 tena
210 2257 318 2294 millia
345 2259 580 2308 imperialium
609 2265 757 2296 nostrae

95 2319 263 2350 monetae
306 2316 520 2362 adscendit,
571 2316 670 2353 haud
708 2317 757 2353 ita

95 2382 227 2417 magna
247 2371 389 2408 videtur
408 2372 589 2409 Rennelio
623 2373 644 2410 l.
676 2373 696 2410 l.
718 2386 756 2423 p.

97 2427 199 2474 525,
230 2428 259 2463 si
282 2428 429 2476 quidem
458 2430 576 2465 tricies
603 2436 758 2467 centena

97 2483 205 2519 millia
233 2483 415 2520 hominum
452 2486 597 2523 omnino
625 2488 661 2523 in
685 2486 758 2523 Ae—

99 2545 212 2588 gypto
232 2540 339 2577 fuisse
371 2537 442 2592 (ut
462 2542 615 2579 Diodor.
646 2544 758 2580 refert

101 2594 136 2640 l,
171 2593 247 2645 31)
289 2600 532 2646 reputaveris,
575 2600 625 2636 ila
656 2600 757 2636 utin

101 2650 241 2698 singula
262 2654 379 2703 capita
395 2654 451 2691 xix
469 2656 628 2693 sedecim
652 2669 758 2706 gros-

99 2707 129 2743 si
151 2707 292 2744 cadant.

156 2760 278 2812 νομός
307 2763 412 2812 ἕκτος
439 2762 575 2818 οὗτος]
624 2769 756 2806 Monet

100 2820 320 2857 Maltebrun.
355 2821 375 2858 l.
406 2823 426 2859 l.
462 2837 545 2874 pag.
578 2827 659 2865 337
694 2838 756 2863 sex

100 2879 345 2926 praefecturas
383 2884 494 2919 antea
535 2894 756 2921 commemo-

817 739 914 772 ratas
950 748 972 772 a
1003 735 1124 773 Persis
1165 735 1312 772 nornine
1351 745 1478 771 earum

818 793 1029 840 designatas
1060 792 1190 838 fuisse,
1247 804 1341 840 quae
1376 794 1478 826 trans

816 862 968 898 aquam,
989 850 1011 884 i.
1041 861 1072 885 e.
1107 848 1329 898 Euphratem
1356 843 1478 898 (occi-

815 907 963 943 dentem
981 906 1127 951 versus)
1158 905 1248 941 sitae
1267 905 1351 940 sint.
1400 903 1478 940 lam

813 963 1047 999 Herodotum
1083 961 1178 998 idem
1216 961 1325 998 docet
1357 960 1477 996 subito

813 1020 861 1055 ad
887 1018 1092 1068 provincias
1127 1018 1318 1055 interiores
1346 1016 1478 1052 transi—

813 1088 866 1122 re,
899 1076 959 1124 qui
982 1088 1003 1110 a
1023 1074 1188 1121 Perside,
1209 1087 1305 1123 quae
1331 1073 1379 1109 ad
1398 1071 1478 1109 nul-

814 1132 884 1168 lam
935 1132 1202 1182 praefecturam
1258 1130 1478 1181 pertinebat,

813 1190 1000 1240 profectus
1016 1188 1101 1225 inde
1118 1187 1277 1236 reliquas
1298 1186 1477 1236 satrapias

815 1249 1003 1282 recenseat
1024 1257 1162 1293 easque
1181 1257 1225 1281 eo
1248 1244 1389 1289 ordine,
1415 1243 1478 1291 qui

815 1302 921 1338 nobis
950 1301 1098 1350 quidem
1125 1305 1264 1338 temere
1293 1300 1478 1336 institutus

815 1358 930 1395 videri
949 1361 1080 1406 queat,
1107 1356 1360 1406 ignorantibus
1383 1355 1477 1392 scili—

817 1419 876 1452 cet
893 1415 1054 1451 rationes
1077 1413 1343 1463 geographicas
1371 1412 1478 1449 alias-

815 1484 883 1518 ve,
915 1483 1010 1520 quae
1038 1470 1296 1517 Herodotum,
1327 1473 1368 1505 ut
1395 1469 1477 1515 hoc,

814 1541 882 1565 nec
892 1527 961 1564 alio
981 1527 1105 1591 mod0,
1124 1527 1159 1563 in
1173 1526 1386 1564 enarrandis
1400 1525 1477 1561 sin-

813 1584 908 1633 gulis
925 1584 1119 1634 provinciis
1136 1583 1366 1633 procederet,
1379 1594 1478 1619 com-

812 1653 961 1678 movere
986 1640 1184 1690 potuerint.

872 1694 1126 1748 Σατταγύδαι
1155 1717 1212 1723 -
1242 1689 1477 1745 Ἀπαρύται]

814 1754 1000 1792 Gandarii
1027 1758 1063 1790 et
1091 1753 1255 1790 Dadzcae
1292 1752 1387 1788 infra
1415 1763 1478 1787 oc-

813 1815 961 1849 currunt
978 1810 1058 1858 Vll,
1079 1812 1144 1850 66.
1188 1807 1420 1858 Sattagydae
1441 1809 1478 1844 et

812 1870 1003 1918 Aparytae
1043 1866 1189 1903 aliunde
1222 1878 1295 1903 non
1326 1863 1477 1913 cogniti.

812 1925 892 1961 Has
941 1936 1027 1961 vero
1069 1927 1199 1972 gentes
1241 1921 1390 1959 omnino
1428 1920 1476 1956 ad

813 1980 1006 2017 orientales
1035 1980 1164 2030 plagas
1191 1978 1286 2015 ultra
1317 1977 1477 2025 Sogdia-

813 2049 897 2073 nam
915 2049 1038 2073 versus
1067 2036 1147 2072 Indi
1167 2036 1289 2072 fontes
1309 2038 1345 2071 et
1366 2045 1478 2083 supe-

813 2094 944 2130 riorem
964 2092 1066 2128 huius
1086 2092 1203 2128 amnis
1225 2103 1368 2128 cursum
1391 2101 1477 2138 spe-

814 2154 912 2186 ctare
943 2150 1087 2185 dixerat
1117 2147 1333 2184 Billerbeck.
1363 2145 1476 2182 Diffi-

814 2205 880 2242 cill.
903 2218 1031 2254 geogr.
1053 2205 1113 2242 As.
1135 2217 1220 2254 pag.
1246 2207 1317 2250 18,
1340 2203 1476 2251 impro-

814 2263 923 2299 bante
948 2262 1112 2308 Gatter„
1139 2262 1202 2309 qui
1219 2261 1266 2297 ad
1287 2259 1477 2309 superiora

813 2319 892 2355 loca
922 2318 1070 2354 Iaxartis
1098 2322 1135 2354 et
1155 2318 1227 2354 Oxi
1256 2316 1321 2353 has
1345 2319 1475 2364 gentes

813 2376 934 2412 refert.
973 2374 1153 2412 Rennelio
1178 2374 1199 2410 l.
1229 2373 1250 2410 l.
1278 2385 1365 2423 pag.
1392 2372 1474 2413 513

815 2445 892 2481 seq.
912 2431 1000 2468 haec
1021 2431 1181 2481 satrapia
1206 2430 1252 2467 ab
1273 2442 1338 2477 ea,
1379 2440 1476 2477 quae

815 2488 956 2525 decima
977 2492 1080 2525 sexta
1101 2492 1156 2524 est
1174 2487 1210 2524 in
1228 2486 1297 2523 hoc
1311 2497 1475 2530 recensu,

814 2545 929 2581 tribus
948 2545 1113 2594 partibus
1141 2544 1192 2581 ita
1211 2543 1329 2581 cineta
1350 2542 1475 2587 fuisse,

813 2606 854 2637 ut
876 2601 1101 2638 occidentem
1123 2613 1247 2637 versus
1266 2599 1374 2636 sedes
1387 2597 1476 2634 Par-

813 2658 959 2694 thorum
987 2657 1213 2707 primitivas,
1254 2654 1476 2705 septentrio-

813 2727 895 2752 nem
914 2727 1037 2751 versus
1060 2714 1207 2751 deserta
1227 2710 1475 2756 Chorasmiae,

812 2771 1003 2808 meridiem
1023 2783 1148 2807 versus
1170 2769 1313 2815 Ariam,
1355 2767 1475 2803 orien-

813 2832 888 2864 tem
916 2840 1039 2864 versus
1066 2826 1248 2863 Bactriam
1282 2826 1474 2872 tangeret3

814 2884 877 2934 qui
907 2883 978 2935 ipsi
1010 2883 1102 2921 fines
1133 2886 1217 2919 sunt
1243 2881 1474 2929 Margffinae,
