1904 3304
48 586 114 632 45
170 589 328 646 χυμένη
357 593 411 644 τῇ
444 590 602 647 Λιβύῃ.

456 267 1028 307 MELPOMENE.

1087 269 1152 306 IV.
1361 271 1446 311 369

168 375 335 427 Ἰνδούς
373 392 417 420 τε
448 377 768 432 κατεστρέψατο
799 381 1007 433 Δαρεῖος,
1055 378 1130 422 καὶ
1157 381 1211 435 τῇ
1240 377 1443 436 θαλάσσῃ

144 452 166 488 4
178 446 312 504 ταύτῃ
357 447 522 503 ἐχρᾶτο.

582 448 699 493 οὕτω
737 450 810 492 καὶ
840 453 916 505 τῆς
941 448 1082 507 Ἀσίης
1110 448 1224 505 πλήν
1253 449 1305 492 τοὶ
1335 448 1446 505 πρὸς

172 517 319 574 η’έλιον
356 517 612 574 ἀνίσχοντα,
650 520 702 564 τοὶ
743 519 850 563 ἄλλα
879 519 1116 577 ἀνεύρηται
1145 519 1278 576 ὁμοῖα
1307 536 1445 574 παρε-

173 755 241 796 nat
256 759 305 811 τῇ
322 752 506 811 θαλάσσῃ
523 754 645 812 ταύτῃ
666 757 774 809 ἐχρᾶ-

118 813 185 864 το]
218 814 434 864 Intelligitur
452 828 574 861 mare,
605 817 704 864 quod
721 816 781 852 ln-

117 871 200 908 diae
242 870 342 908 alluit
380 884 485 916 oras3
531 873 632 920 quod
660 873 779 923 ipsum

116 927 310 965 Herodoto
353 928 576 975 incognitum
613 928 668 965 vel
712 928 780 965 hae

115 983 360 1034 appellatione
379 984 569 1021 indefinita
592 985 778 1033 designari

116 1041 172 1078 vel
193 1040 313 1078 latiori
352 1040 414 1077 illo
443 1040 541 1077 rubri
572 1042 680 1078 maris
710 1054 777 1077 no-

117 1098 214 1134 mine
233 1097 403 1135 observat
424 1097 589 1147 Breiger.
607 1098 629 1135 l.
647 1098 669 1135 l.
690 1111 776 1148 pag.

119 1157 172 1196 12
195 1158 272 1190 not.

175 1207 278 1249 οὕτω
303 1208 370 1248 καὶ
400 1211 471 1259 τῆς
489 1205 622 1259 Ἀσίης
646 1232 696 1236 —
729 1212 780 1263 τῇ

118 1263 282 1321 Λιβύῃ]
338 1267 433 1303 Cum
483 1266 686 1315 Schweigh.
743 1272 780 1304 et

120 1323 235 1360 Gaiss.
258 1323 357 1360 edidi
378 1322 651 1372 παρεχομένη,
681 1323 780 1371 quod

120 1380 235 1416 tribus
272 1379 371 1415 libris
408 1379 555 1416 allatum
591 1386 780 1429 praestare

121 1436 309 1473 videbatur
337 1435 483 1473 lectioni
506 1436 589 1472 olim
609 1436 780 1484 vulgatae

120 1490 413 1541 παρεχομένην,
455 1505 564 1540 quam
595 1493 700 1529 Reiz.
737 1505 780 1529 ac

118 1548 296 1585 Borheck.
311 1552 493 1585 mutarant
509 1549 544 1584 in
562 1547 777 1598 παρεχομέ-

118 1619 180 1658 νῃ.
204 1605 257 1641 Ac
267 1609 481 1641 structuram
491 1604 558 1641 loci
572 1606 601 1641 si
614 1610 776 1654 spectes,

117 1659 365 1711 παρεχομένη
383 1674 457 1697 non
474 1661 542 1697 nisi
563 1674 630 1711 per
650 1674 778 1698 sensus

118 1718 300 1767 quandam
312 1722 526 1754 structuram
539 1731 620 1754 cum
631 1724 778 1755 antece-

119 1775 289 1811 dentibus
299 1775 487 1820 convenit3
506 1780 544 1811 ut
554 1775 661 1811 verba
673 1770 777 1813 οὕτω

118 1829 186 1870 καὶ
216 1833 306 1880 τῆς
329 1826 499 1880 Ἀσίης
528 1827 632 1880 πλὴν
662 1829 710 1869 τά
743 1846 778 1870 κ.

118 1902 149 1925 τ.
181 1890 214 1925 λ.
258 1888 380 1938 posita
409 1888 660 1924 existimentur
690 1901 778 1938 pro:

121 1939 225 1982 οὕτω
243 1941 311 1981 καὶ
341 1941 368 1993 ἦ
387 1938 522 1993 Ἀσίη
549 1942 653 1994 πλην
674 1941 721 1982 τοὶ
743 1960 778 1983 κ.

120 2015 151 2037 τ.
179 2002 211 2036 λ.
264 1999 396 2036 Omnia
423 2000 489 2037 rite
522 2001 779 2050 procederent,

120 2057 150 2092 si
171 2055 352 2105 legeretur
376 2053 625 2107 παρεχόμενα
639 2086 648 2103 ,
679 2059 779 2106 quod

120 2118 243 2149 tamen
262 2112 358 2149 libris
373 2113 491 2149 invitis
504 2113 650 2150 minime
663 2114 779 2151 ausim

119 2168 292 2218 recipere.
324 2168 414 2206 Inde
429 2169 516 2206 haec
528 2171 603 2207 sere
614 2168 680 2206 loci
693 2182 781 2207 ena-

120 2225 232 2262 scitur
263 2226 464 2263 sententia:
496 2228 548 2262 ita
569 2228 673 2262 etiam
696 2226 779 2262 ‘reli-

119 2294 208 2331 quas
228 2280 336 2319 Asiae
349 2285 473 2332 partes
489 2303 544 2310 —
564 2283 696 2319 similia
718 2296 780 2319 ex-

119 2338 233 2375 hibere
261 2342 469 2389 compertum
499 2343 549 2376 est
578 2343 684 2390 atque
710 2339 779 2376 Lz'-

120 2395 234 2444 byam.
272 2395 618 2445 Schweighaeusero
644 2396 780 2447 proba-

120 2451 191 2488 bile
253 2426 437 2499 videtur?
487 2453 539 2490 sic
607 2453 779 2503 scriptum

123 2508 252 2545 fuisse:
293 2504 396 2546 οὕτω
436 2507 505 2547 καὶ
537 2525 608 2559 της
645 2505 780 2576 Ἀσίης

122 2582 175 2589 —
206 2562 254 2601 τοὶ
290 2561 387 2603 ἄλλα
414 2561 635 2631 ἀνεύρηται
663 2561 779 2616 ὁμοῖα

122 2633 194 2667 περ
213 2618 374 2673 ἐχομένῃ
393 2636 439 2675 τη
425 2618 635 2677 Λιβυη,
627 2637 648 2659 ι.
669 2636 699 2660 e.
725 2625 778 2660 zta

122 2676 229 2712 Asiae
245 2697 300 2703 —
323 2677 460 2726 reliqua
478 2679 662 2728 explorata
681 2683 777 2727 suut,

118 2734 256 2781 pariter
282 2736 370 2770 certe
399 2738 503 2783 atque
522 2738 690 2785 contegua
708 2736 778 2773 Lt-

123 2789 202 2838 bya.
259 2788 385 2835 „Nam
424 2789 779 2841 (Schweighaeuseri

122 2850 207 2881 sunt
243 2846 372 2893 verba)
421 2847 521 2895 quod
558 2848 629 2885 iam
668 2855 779 2888 antea

122 2906 315 2938 monuerat
344 2902 442 2952 (cap.
471 2905 523 2943 39
542 2909 577 2942 et
595 2904 669 2953 42)
699 2919 779 2944 con-

177 2957 386 2995 HERODOT.
417 2958 462 2996 Il.

656 591 710 635 ‘H
728 592 773 636 δὲ
795 592 848 649 δή
868 590 1064 648 Εὐρώπη
1091 590 1201 647 πρὸς
1230 589 1495 648 οὐδαμῶν45

1504 623 1615 649 entalis
1659 628 1690 651 et

1508 589 1550 615 Αιι
1570 589 1671 629 Europ
1675 598 1692 617 a
1718 592 1779 618 ori—

1732 633 1779 652 sc-

1502 657 1714 692 ptentrionalis
1721 659 1780 686 cir-

838 759 978 807 tz'guam
1007 771 1077 795 esse
1104 757 1213 794 Asiae
1247 757 1424 808 Libyam,
1461 757 1501 795 id

837 815 958 852 statim
981 828 1010 851 c.
1030 813 1083 855 45
1107 814 1237 851 iterum
1258 821 1376 863 urget,
1396 827 1503 851 unam

837 884 906 908 esse
936 873 1139 908 continuam
1170 874 1326 914 terram3
1380 872 1504 921 itaque

836 928 884 964 nil
905 940 1036 965 causae
1056 928 1188 974 fuisse,
1219 940 1281 964 cur
1299 932 1372 964 tres
1393 928 1503 964 veluti

837 984 1030 1021 distinctae
1051 988 1086 1021 et
1105 996 1127 1020 a
1146 997 1185 1020 se
1207 984 1358 1021 invicem
1380 985 1502 1021 seiun-

835 1045 917 1078 ctae
944 1046 1063 1078 terrae
1089 1042 1377 1077 statuerentur.“
1422 1040 1504 1078 Nec

836 1101 961 1134 tamen
980 1097 1048 1134 hac
1069 1098 1325 1134 emendatione
1346 1110 1437 1147 opus
1451 1098 1504 1133 vi-

836 1154 980 1191 debitur
1001 1154 1208 1204 reputanti,
1239 1154 1358 1190 locum
1381 1166 1425 1191 ex
1447 1167 1504 1201 ea,

837 1223 932 1259 quae
953 1210 1133 1247 Herodoti
1165 1210 1294 1256 fuerit,
1329 1211 1503 1260 opinione

839 1267 886 1303 de
933 1266 1170 1304 similitudine
1219 1267 1358 1303 formae
1394 1266 1503 1304 Asiae

838 1327 948 1372 atque
970 1322 1115 1361 Africae
1143 1322 1316 1373 explicari
1344 1323 1501 1368 debere3

838 1380 911 1428 qua
934 1378 1009 1416 scil.
1034 1385 1190 1428 utraque
1212 1384 1310 1417 terra
1331 1380 1420 1416 mari
1434 1380 1503 1416 cir-

837 1436 996 1472 cumflua
1030 1441 1068 1472 et
1100 1435 1338 1486 paeninsulae
1371 1437 1418 1472 ad
1447 1437 1502 1472 in-

836 1496 911 1528 star
933 1498 1102 1541 porrecta
1123 1492 1388 1541 perhiberetur,
1417 1505 1502 1530 ma-

836 1560 950 1596 reque
974 1547 1135 1584 lndicum
1158 1550 1200 1584 ac
1216 1548 1364 1585 boreale
1384 1549 1502 1597 magis

836 1605 905 1641 sibi
938 1603 1106 1640 vicinum.
1155 1604 1273 1642 Recte
1306 1605 1502 1642 verborum

835 1660 1134 1698 Herodoteorum
1197 1673 1343 1697 sensum
1405 1662 1502 1711 cepit

834 1716 988 1766 Lange,
1048 1717 1099 1753 sic
1151 1722 1317 1754 vertens:
1376 1718 1501 1763 „Alsa

837 1773 901 1810 hat
940 1786 1023 1810 man
1061 1773 1244 1820 entdeclct,
1287 1773 1371 1810 class
1409 1775 1502 1811 auch

836 1831 946 1867 Asien
975 1831 1095 1867 ebenso
1121 1830 1319 1879 besclzaffen
1338 1832 1406 1878 ist,
1436 1833 1501 1868 wie

836 1886 1040 1937 Libyen‚·“
1076 1899 1143 1925 nec
1171 1887 1277 1925 aliter
1297 1887 1374 1925 fere
1394 1887 1502 1935 Miot,

836 1944 998 1993 itemque
1007 1943 1118 1980 Italus
1136 1944 1327 1994 interpres.
1339 1966 1394 1972 —
1412 1944 1503 1981 Ver-

836 2000 922 2037 bum
942 1998 1187 2050 παρέχεσθαι
1219 2001 1408 2049 (praebere,
1439 2014 1501 2037 ea:-

837 2054 973 2107 hibere)
987 2058 1159 2105 frequens
1172 2055 1310 2094 Nostro
1320 2057 1502 2106 scriptori,

837 2118 878 2149 ut
905 2113 958 2160 H,
995 2112 1088 2153 174·
1129 2112 1202 2158 IV,
1241 2112 1308 2154 46.
1338 2112 1404 2154 53.
1433 2115 1499 2155 75.

837 2172 904 2211 82.
930 2170 995 2209 86.
1014 2171 1080 2209 91.
1111 2168 1201 2215 Vll,
1234 2170 1270 2208 6.
1295 2171 1386 2210 161.

894 2222 999 2275 πλην
1030 2221 1077 2263 ra*
1107 2221 1211 2275 πρός
1238 2220 1376 2274 ἠέλιον
1407 2221 1500 2264 α’νί-

838 2280 1003 2333 σχοντα]
1037 2282 1060 2319 i.
1080 2294 1112 2318 e.
1130 2284 1269 2330 praeter
1287 2295 1347 2318 eas
1360 2286 1496 2332 parteS,

838 2352 927 2389 quae
968 2338 1013 2374 ab
1044 2336 1155 2375 India
1186 2340 1348 2375 orientem
1378 2351 1498 2376 versus

838 2395 1100 2442 extenduntur,
1131 2395 1301 2444 regiones
1325 2395 1399 2432 scil.
1420 2396 1500 2434 He-

834 2453 966 2490 rodoto
996 2464 1145 2502 prorsus
1172 2452 1400 2501 incognitaS,
1439 2453 1502 2501 qui

835 2509 930 2546 ultra
953 2508 1064 2545 Indos
1089 2508 1236 2545 deserta
1261 2521 1342 2546 esse
1365 2509 1500 2546 nemini

833 2566 980 2615 cognita
1002 2577 1113 2616 supra
1130 2564 1203 2612 IV,
1232 2564 1287 2605 40
1315 2571 1500 2616 posuerat.

833 2643 889 2650 --
928 2616 1065 2672 η’έλιον
1097 2633 1177 2658 cum
1211 2621 1416 2672 Schweigh.
1461 2628 1498 2659 et

835 2679 951 2716 Gaisf.
970 2678 1096 2728 scripsi
1113 2690 1183 2728 pro
1202 2672 1329 2727 ἣλιον.

1031 2735 1146 2784 Cap.
1177 2733 1292 2772 XLV.

889 2788 991 2830 Ἡδὲ
1005 2787 1055 2842 δη
1070 2785 1253 2841 Εὕρωπη
1270 2787 1366 2842 πρὸς
1378 2785 1499 2829 ονόα-

837 2864 924 2899 μων
946 2843 1104 2899 φανερή
1124 2846 1204 2886 ἔστι
1224 2845 1498 2898 γινωσκομένη

837 2921 871 2944 κ.
891 2919 921 2943 τ.
941 2907 973 2943 λ.
986 2903 1000 2955 ]
1031 2906 1266 2955 Repetuntur
1295 2903 1385 2941 haec
1404 2904 1497 2940 infra

1167 2959 1221 3000 24
