1904 3304
426 233 512 275 414
811 227 1281 270 HERODOTI

92 347 370 410 fnegffigissgfaiisju·
427 341 472 393 ἐς
491 339 517 384 ὃ
535 338 559 384 ὁ
580 338 863 394 Βορυσθένης
882 338 970 381 ἐστὶ
986 337 1279 394 προσπλωτός.
1318 338 1533 391 ἐνθαῦτα,
1561 335 1692 381 ἐπεάν

428 423 508 468 σφι
537 409 743 466 ἀποθάνῃ
774 408 797 452 ὁ
829 408 1054 465 βασιλεύς,
1100 409 1270 465 ὄρυγμα
1308 413 1386 465 γῆς
1422 410 1529 466 μέγα
1559 409 1690 463 ὀρύσ-

397 490 558 526 Ξσουσι
597 481 886 535 τετράγωνον.
945 479 1120 535 ἑτοῖμον
1163 480 1208 523 δὲ
1245 484 1376 523 τοῦτο
1418 479 1745 535 ποιήσαντες,95

426 544 785 608 ἀναλαμβάνουσι
825 549 904 593 τὸν
939 550 1116 606 νεκρὸν,
1161 551 1574 606 κατακεκηρωμένον
1611 551 1691 606 μὲν

423 623 472 666 τὸ
509 626 657 677 σῶμα,
687 621 765 677 τήν
795 621 841 664 δὲ
869 621 1011 676 νηδὺν
1039 620 1397 677 ἀνασχισθεῖσαν,
1426 621 1499 664 καὶ
1523 626 1689 676 καθαρ-

424 697 606 744 θεῖσαν,
638 694 774 748 πλέην
803 691 997 745 κυπέρου
1024 691 1296 746 κεκομμένου
1317 692 1390 735 καὶ
1415 692 1690 748 θυμιήματος

373 841 427 878 sia
457 840 686 879 meridionali
716 841 812 878 inter
831 839 1032 889 Borysthe-

372 910 456 935 nem
484 901 521 936 et
539 897 682 935 Tanain
711 902 747 934 et
768 898 852 935 inde
874 898 921 933 ad
943 896 1033 933 vol-

373 966 460 1002 gam
486 966 603 1003 usque
630 954 666 990 in
696 953 783 990 locis
811 954 922 990 aridis
953 953 1033 1002 pla-

373 1011 503 1058 nisque
553 1011 801 1060 potissimum,
849 1010 1032 1058 hodieque

374 1071 515 1103 exstare
533 1067 719 1110 dicuntur,
757 1066 829 1102 una
847 1068 922 1103 sere
943 1078 1031 1102 con-

372 1123 476 1159 tinua
503 1123 596 1160 serie
628 1136 649 1159 a
674 1122 912 1171 Borysthenis
942 1121 1030 1170 ripis

372 1191 488 1227 usque
510 1179 559 1215 ad
582 1178 782 1225 leniseam,
813 1191 931 1226 eoque
953 1190 1032 1213 ma-

370 1235 465 1271 iores
497 1239 608 1282 atque
636 1234 803 1280 altiores,
843 1246 914 1282 quo
944 1245 1032 1283 pro-

369 1291 454 1341 pius
485 1291 619 1327 absunt
647 1303 669 1327 a
694 1290 814 1328 Tanai
847 1289 1031 1338 marisque

369 1347 518 1384 Asovici
540 1359 615 1382 ora.
654 1346 817 1396 Lapides
837 1358 946 1396 super
967 1358 1030 1382 eos

370 1404 469 1440 haud
490 1416 572 1440 raro
593 1408 732 1440 erectos
749 1404 863 1449 vides,
892 1405 1031 1438 statuas

370 1460 496 1508 figuris
527 1460 716 1508 signisque
750 1458 940 1508 insculptis
973 1458 1031 1494 in-

372 1518 520 1564 signe53
562 1517 698 1552 variam
727 1516 764 1551 in
794 1516 882 1566 ipsis
908 1513 1031 1564 sepul-

371 1574 440 1609 cris
471 1573 610 1608 invenis
638 1571 944 1622 suppellectilem,
974 1582 1033 1606 ar-

371 1632 545 1677 genteam
586 1629 679 1666 adeo
720 1633 832 1676 atque
873 1638 1032 1672 auream,

371 1696 456 1722 ossa
499 1684 639 1733 equina
679 1684 899 1730 humanave,
949 1681 1030 1718 alia.

371 1741 447 1784 Qui
479 1741 604 1777 tumuli
635 1753 713 1777 cnm
737 1752 858 1789 neque
877 1752 898 1775 a
915 1739 1033 1775 Grae-

371 1797 421 1834 cis
446 1798 555 1834 erecti
580 1797 715 1834 fuerint
737 1809 858 1845 neque
878 1807 901 1832 a
922 1794 1030 1832 Mon·

369 1853 462 1901 golis
482 1853 845 1902 Zingischanidarum
871 1852 937 1888 sub
959 1852 1030 1887 im-

369 1910 473 1961 perio
495 1908 557 1959 (ut
574 1909 763 1960 probabile
782 1910 925 1946 videtur
936 1907 1030 1944 Mei-

370 1967 493 2003 nersio
543 1966 580 2002 in
616 1965 715 2002 Actt.
760 1966 886 2002 societ.
924 1964 1029 2001 Gott.

371 2023 459 2059 XIII
473 2034 560 2072 pag.
576 2024 626 2062 71
647 2035 750 2071 seqq.
771 2020 865 2069 74);
895 2022 1031 2071 quippe

373 2091 466 2128 quos
506 2079 699 2116 maximam
735 2082 875 2128 partem
914 2078 1031 2124 (narn

373 2135 515 2184 aliquos
550 2139 647 2172 certe
677 2147 698 2171 a
723 2133 909 2183 Mongolis
933 2138 1031 2170 stru-

373 2196 451 2228 ctos
475 2191 530 2229 vel
550 2192 670 2241 potius
689 2192 867 2241 prioribus
887 2189 1031 2227 tumulis

372 2248 519 2285 additos
539 2248 650 2285 fuisse
672 2260 746 2283 non
765 2251 821 2284 est
843 2248 942 2296 quod
965 2259 1033 2283 ne-

373 2317 522 2353 gemus,
574 2308 723 2340 auctore
758 2303 912 2341 Rennel.
946 2314 1032 2353 pag.

373 2359 458 2401 422
477 2361 574 2409 seq.)
599 2364 684 2397 ante
706 2358 961 2407 Mongolorum
984 2360 1034 2396 ir-

372 2417 560 2466 ruptiones
581 2416 877 2464 dominatumque
895 2415 1032 2451 dudum

374 2476 513 2509 erectos
542 2472 653 2509 fuisse
673 2475 820 2521 pateat3
860 2484 935 2507 non
961 2470 1031 2507 nisi

373 2529 421 2565 ad
440 2533 585 2577 gentem
608 2528 791 2576 quandam
808 2528 1030 2576 indigenam,

374 2585 485 2633 vulgo
517 2584 732 2633 Scytharum
762 2584 907 2621 nomine
937 2584 1031 2620 anti-

376 2642 496 2691 quitus
522 2639 820 2690 comprehensam
850 2640 1032 2677 referendi

378 2701 493 2735 erunt.
523 2698 555 2734 V
559 2698 606 2734 id.
627 2696 941 2734 Ritter.v0rha11e
962 2701 1031 2733 etc.

376 2767 412 2804 p-
433 2753 514 2794 246
534 2766 636 2803 seqq.
656 2752 738 2793 255
750 2765 854 2802 seqq.
885 2752 936 2789 Et
954 2765 1033 2789 mo-

377 2814 440 2847 net
450 2810 657 2847 Maltcbrun
670 2808 830 2857 (Annall.
842 2809 876 2846 d.
888 2809 1029 2858 Voyag.

379 2866 413 2904 ΙΙ
433 2879 518 2919 pag.
541 2866 637 2917 152)
658 2878 752 2917 quae
767 2879 883 2918 nuper
901 2866 949 2904 ad
970 2878 1030 2903 ur-

1090 839 1172 877 bem
1194 838 1350 877 Kertsch
1376 838 1423 885 (s.
1443 838 1747 890 Panticapaeum)

1090 901 1218 946 aperta
1239 897 1373 934 suerint
1391 897 1578 946 sepulcra,
1609 896 1656 932 ad
1673 897 1747 932 for-

1088 966 1183 989 mam
1217 965 1258 990 ac
1286 953 1565 1002 descriptionem
1598 951 1748 988 interio-

1088 1022 1164 1046 rem
1190 1021 1367 1059 perquam
1394 1007 1519 1044 similia
1550 1008 1661 1044 fuisse
1686 1021 1746 1045 se-

1086 1065 1219 1115 pulcris
1233 1092 1244 1110 ,
1284 1065 1404 1113 qualia
1425 1065 1470 1101 ab
1491 1064 1686 1101 Herodoto
1707 1064 1742 1103 h.

1087 1121 1111 1158 l.
1136 1122 1398 1158 describantur.

1144 1176 1183 1222 ἐς
1217 1174 1267 1227 ὃ]
1310 1178 1444 1214 Struve
1491 1177 1745 1226 reponendum

1087 1238 1209 1270 censet
1252 1232 1291 1279 ἐς
1322 1227 1376 1271 τό.
1441 1232 1525 1269 vid.
1563 1237 1658 1270 nott.
1697 1232 1745 1270 ad

1086 1289 1160 1336 IV,
1189 1289 1254 1330 56.

1143 1342 1522 1396 κατακεκηρωμένον
1572 1340 1644 1394 μὲν
1700 1339 1745 1382 ‘co'

1089 1400 1228 1452 σῶμα]
1287 1402 1349 1438 Ad
1393 1407 1609 1438 structuram
1649 1400 1745 1438 conf.

1088 1458 1219 1496 Matth.
1242 1459 1307 1495 Gr.
1330 1459 1395 1495 Gr.
1417 1457 1453 1509 ἓ.
1475 1457 1570 1503 427,
1592 1457 1627 1493 b.
1654 1469 1744 1507 pag.

1089 1517 1182 1554 788.
1214 1535 1271 1542 —-
1300 1514 1358 1552 De
1389 1514 1624 1552 cadaveribus
1662 1514 1745 1550 cera

1089 1571 1255 1607 obductis
1294 1571 1390 1608 conf.
1430 1570 1466 1616 I,
1509 1569 1588 1610 140
1622 1569 1746 1618 ibique

1088 1631 1179 1663 nott.
1214 1626 1244 1663 C
1251 1640 1278 1663 r.
1298 1627 1385 1663 citat
1401 1627 1566 1675 Zoegam
1579 1625 1637 1663 De
1656 1625 1746 1663 obe-

1088 1682 1183 1719 liscc.
1206 1696 1242 1732 p.
1265 1685 1370 1728 268,
1400 1683 1460 1719 ubi
1480 1684 1526 1720 de
1547 1681 1745 1719 consimili-

1089 1740 1155 1776 bus
1175 1739 1324 1775 aliorum
1338 1739 1554 1789 populorum
1572 1739 1744 1775 moribus.

1089 1796 1231 1846 Sponte
1250 1801 1369 1832 autem
1393 1807 1457 1841 ea,
1489 1807 1582 1844 quae
1605 1795 1673 1831 hoe
1691 1794 1747 1830 lo-

1086 1865 1128 1888 co
1148 1852 1195 1890 de
1206 1852 1353 1902 Scythis
1368 1851 1488 1889 retulit
1506 1856 1610 1901 pater
1628 1850 1744 1887 histo-

1086 1909 1182 1952 riae,
1221 1909 1328 1946 nobis
1351 1909 1386 1945 in
1407 1909 1618 1945 memoriam
1639 1919 1746 1944 revo-

1088 1969 1173 2001 cant
1197 1977 1261 2012 ea,
1300 1977 1394 2014 quae
1423 1965 1469 2001 de
1486 1964 1744 2014 Aegyptiorum

1087 2033 1191 2058 more
1231 2033 1383 2072 corpora
1422 2021 1614 2058 condiendi
1650 2019 1744 2057 libro

1088 2079 1248 2114 secundo
1271 2090 1349 2127 cap.
1363 2079 1414 2117 86
1433 2089 1537 2126 seqq.
1555 2088 1742 2126 exponun-

1087 2139 1158 2171 tur.
1207 2134 1257 2170 Et
1276 2147 1364 2172 sane
1385 2133 1570 2183 complura
1599 2134 1744 2182 utrique

1089 2191 1190 2239 genti
1214 2191 1416 2228 communia
1446 2191 1579 2235 fuisse,
1616 2194 1743 2226 osten-

1090 2248 1184 2284 dunt
1221 2259 1315 2296 quae
1355 2259 1399 2284 ex
1427 2246 1641 2296 Hippocrat.
1682 2244 1742 2282 De

1089 2316 1162 2341 aer.
1189 2315 1249 2352 aq.
1272 2308 1309 2340 et
1327 2302 1413 2340 loce.
1437 2302 1583 2350 collegit
1602 2301 1740 2338 Coraes

1089 2360 1137 2395 ad
1159 2359 1253 2396 hunc
1271 2359 1399 2396 librum
1419 2357 1466 2395 T.
1491 2358 1505 2394 I
1528 2371 1562 2407 p.
1584 2359 1664 2398 269
1684 2369 1739 2406 sq.

1088 2415 1244 2452 Videtur
1260 2416 1353 2453 enirn
1365 2415 1610 2464 Hippocrates
1631 2414 1665 2449 in
1685 2414 1742 2460 iis,

1088 2484 1183 2520 quae
1204 2472 1250 2509 de
1269 2471 1412 2519 Scythis
1431 2470 1556 2516 tradit,
1576 2469 1742 2506 consulto

1087 2529 1286 2565 instituisse
1315 2528 1601 2576 comparationes
1631 2537 1743 2574 quas-

1089 2585 1173 2621 dam
1202 2597 1280 2621 cum
1307 2582 1511 2632 Aegyptiis.
1568 2581 1628 2620 De
1651 2594 1742 2619 voce

1087 2635 1211 2691 νηδύς
1229 2641 1272 2677 cs.
1298 2640 1343 2687 Il,
1363 2641 1428 2679 86.
1449 2640 1514 2678 87.

1144 2695 1267 2746 πλέην
1287 2694 1459 2744 κυπέρου
1475 2691 1738 2745 κεκομμένου]

1086 2752 1241 2790 Videtur
1274 2765 1354 2789 esse
1393 2751 1549 2801 Cnperus
1590 2763 1739 2788 comosus

1086 2809 1216 2856 Linn.,
1249 2810 1295 2846 de
1316 2822 1388 2858 quo
1410 2809 1504 2846 conf.
1527 2807 1739 2844 Schneider.

1086 2867 1134 2904 ad
1153 2865 1393 2918 Theophrast.
1413 2865 1463 2904 H.
1482 2863 1536 2902 Pl.
1562 2864 1651 2911 XV,
1685 2864 1734 2904 11
