<?xml version="1.0" encoding="UTF-8"?>
<!DOCTYPE html PUBLIC "-//W3C//DTD XHTML 1.0 Transitional//EN"
    "http://www.w3.org/TR/xhtml1/DTD/xhtml1-transitional.dtd">
<html xmlns="http://www.w3.org/1999/xhtml" xml:lang="en" lang="en">
 <head>
  <title>
</title>
<meta http-equiv="Content-Type" content="text/html;charset=utf-8" />
  <meta name='ocr-system' content='tesseract 3.04.00' />
  <meta name='ocr-capabilities' content='ocr_page ocr_carea ocr_par ocr_line ocrx_word'/>
</head>
<body>
  <div class='ocr_page' id='page_1' title='image "./musaeherodoto02hero/musaeherodoto02hero_0168.png"; bbox 0 0 1904 3304; ppageno 0'>
   <div class='ocr_carea' id='block_1_1' title="bbox 421 241 504 282">
    <p class='ocr_par' dir='ltr' id='par_1_1' title="bbox 421 241 504 282">
     <span class='ocr_line' id='line_1_1' title="bbox 421 241 504 282; baseline 0 0"><span class='ocrx_word' id='word_1_1' title='bbox 421 241 504 282; x_wconf 83' lang='lat'>160</span> 
     </span>
    </p>
   </div>
   <div class='ocr_carea' id='block_1_2' title="bbox 821 239 1291 279">
    <p class='ocr_par' dir='ltr' id='par_1_2' title="bbox 821 239 1291 279">
     <span class='ocr_line' id='line_1_2' title="bbox 821 239 1291 279; baseline -0.002 -1"><span class='ocrx_word' id='word_1_2' title='bbox 821 239 1291 279; x_wconf 87' lang='lat' dir='ltr'>HERODOTI</span> 
     </span>
    </p>
   </div>
   <div class='ocr_carea' id='block_1_3' title="bbox 388 347 1692 549">
    <p class='ocr_par' dir='ltr' id='par_1_3' title="bbox 388 347 1692 549">
     <span class='ocr_line' id='line_1_3' title="bbox 424 347 1692 407; baseline -0.002 -12"><span class='ocrx_word' id='word_1_3' title='bbox 424 349 697 407; x_wconf 75' lang='grc' dir='ltr'><em>ἀπαγινέειν·</em></span> <span class='ocrx_word' id='word_1_4' title='bbox 744 353 856 393; x_wconf 82' lang='grc' dir='ltr'><em>τοῖσι</em></span> <span class='ocrx_word' id='word_1_5' title='bbox 887 348 933 392; x_wconf 77' lang='grc' dir='ltr'>δὲ</span> <span class='ocrx_word' id='word_1_6' title='bbox 962 349 1144 405; x_wconf 80' lang='grc' dir='ltr'><em>χρυσίον</em></span> <span class='ocrx_word' id='word_1_7' title='bbox 1174 347 1480 405; x_wconf 79' lang='grc' dir='ltr'><em>ἀπαγινέουσι,</em></span> <span class='ocrx_word' id='word_1_8' title='bbox 1510 348 1692 407; x_wconf 84' lang='grc' dir='ltr'><em>Εὐβοει-</em></span> 
     </span>
     <span class='ocr_line' id='line_1_4' title="bbox 388 419 1691 478; baseline 0.002 -16"><span class='ocrx_word' id='word_1_9' title='bbox 388 421 514 465; x_wconf 80' lang='grc' dir='ltr'>4κόν.</span> <span class='ocrx_word' id='word_1_10' title='bbox 573 421 622 465; x_wconf 82' lang='grc' dir='ltr'>τὸ</span> <span class='ocrx_word' id='word_1_11' title='bbox 654 421 699 465; x_wconf 80' lang='grc' dir='ltr'>δὲ</span> <span class='ocrx_word' id='word_1_12' title='bbox 732 419 1022 477; x_wconf 80' lang='grc' dir='ltr'><em>Βαβυλώνιον</em></span> <span class='ocrx_word' id='word_1_13' title='bbox 1058 419 1272 464; x_wconf 80' lang='grc' dir='ltr'><em>τάλαντον</em></span> <span class='ocrx_word' id='word_1_14' title='bbox 1308 420 1492 465; x_wconf 84' lang='grc' dir='ltr'><em>δύναται</em></span> <span class='ocrx_word' id='word_1_15' title='bbox 1522 420 1691 478; x_wconf 79' lang='grc' dir='ltr'><em>Εὐβοΐ-</em></span> 
     </span>
     <span class='ocr_line' id='line_1_5' title="bbox 417 490 1691 549; baseline 0 -13"><span class='ocrx_word' id='word_1_16' title='bbox 417 494 498 544; x_wconf 78' lang='grc' dir='ltr'>δας</span> <span class='ocrx_word' id='word_1_17' title='bbox 528 492 828 549; x_wconf 81' lang='grc' dir='ltr'><em>ἑβδομήκοντα</em></span> <span class='ocrx_word' id='word_1_18' title='bbox 858 491 1001 547; x_wconf 79' lang='grc' dir='ltr'><em>μνέας.</em></span> <span class='ocrx_word' id='word_1_19' title='bbox 1058 490 1150 534; x_wconf 86' lang='grc' dir='ltr'>Ἐπὶ</span> <span class='ocrx_word' id='word_1_20' title='bbox 1174 490 1258 547; x_wconf 75' lang='grc' dir='ltr'>γὰρ</span> <span class='ocrx_word' id='word_1_21' title='bbox 1279 490 1434 547; x_wconf 82' lang='grc' dir='ltr'><em>Κύρου</em></span> <span class='ocrx_word' id='word_1_22' title='bbox 1465 491 1691 548; x_wconf 77' lang='grc' dir='ltr'><em>ἄρχοντος,</em></span> 
     </span>
    </p>
   </div>
   <div class='ocr_carea' id='block_1_4' title="bbox 415 555 1840 620">
    <p class='ocr_par' dir='ltr' id='par_1_4' title="bbox 415 555 1840 620">
     <span class='ocr_line' id='line_1_6' title="bbox 415 555 1840 620; baseline 0.001 -13"><span class='ocrx_word' id='word_1_23' title='bbox 415 564 489 607; x_wconf 79' lang='grc' dir='ltr'>καὶ</span> <span class='ocrx_word' id='word_1_24' title='bbox 519 559 642 615; x_wconf 81' lang='grc' dir='ltr'><em>αὖτις</em></span> <span class='ocrx_word' id='word_1_25' title='bbox 675 563 942 619; x_wconf 82' lang='grc' dir='ltr'><em>Καμβύσεω,</em></span> <span class='ocrx_word' id='word_1_26' title='bbox 985 558 1042 620; x_wconf 81' lang='grc' dir='ltr'>ἦν</span> <span class='ocrx_word' id='word_1_27' title='bbox 1078 562 1338 617; x_wconf 79' lang='grc' dir='ltr'><strong><em>κατεστηκὸς</em></strong></span> <span class='ocrx_word' id='word_1_28' title='bbox 1379 562 1508 607; x_wconf 78' lang='grc' dir='ltr'><em>οὐδὲν</em></span> <span class='ocrx_word' id='word_1_29' title='bbox 1545 562 1690 620; x_wconf 86' lang='grc' dir='ltr'><em>φόρου</em></span> <span class='ocrx_word' id='word_1_30' title='bbox 1756 555 1840 601; x_wconf 79' lang='lat'>244</span> 
     </span>
    </p>
   </div>
   <div class='ocr_carea' id='block_1_5' title="bbox 392 631 1752 1048">
    <p class='ocr_par' dir='ltr' id='par_1_5' title="bbox 392 631 1752 1048">
     <span class='ocr_line' id='line_1_7' title="bbox 392 631 1752 690; baseline -0.002 -13"><span class='ocrx_word' id='word_1_31' title='bbox 392 634 547 689; x_wconf 84' lang='grc' dir='ltr'><em>5πέρι,</em></span> <span class='ocrx_word' id='word_1_32' title='bbox 588 634 694 678; x_wconf 77' lang='grc' dir='ltr'>ἀλλὰ</span> <span class='ocrx_word' id='word_1_33' title='bbox 725 637 848 689; x_wconf 77' lang='grc' dir='ltr'><em>δῶρα</em></span> <span class='ocrx_word' id='word_1_34' title='bbox 879 632 1067 690; x_wconf 75' lang='grc' dir='ltr'><em>ἀγίνεον.</em></span> <span class='ocrx_word' id='word_1_35' title='bbox 1126 632 1198 676; x_wconf 80' lang='grc' dir='ltr'><em>διοὶ</em></span> <span class='ocrx_word' id='word_1_36' title='bbox 1235 631 1280 676; x_wconf 81' lang='grc' dir='ltr'>δὲ</span> <span class='ocrx_word' id='word_1_37' title='bbox 1310 632 1473 690; x_wconf 80' lang='grc' dir='ltr'><em>ταύτην</em></span> <span class='ocrx_word' id='word_1_38' title='bbox 1501 634 1582 690; x_wconf 77' lang='grc' dir='ltr'>τὴν</span> <span class='ocrx_word' id='word_1_39' title='bbox 1611 634 1752 678; x_wconf 82' lang='grc' dir='ltr'><strong>ἐπί-10</strong></span> 
     </span>
     <span class='ocr_line' id='line_1_8' title="bbox 418 703 1698 762; baseline 0.002 -14"><span class='ocrx_word' id='word_1_40' title='bbox 418 708 540 757; x_wconf 84' lang='grc' dir='ltr'><em>ταξιν</em></span> <span class='ocrx_word' id='word_1_41' title='bbox 569 711 649 750; x_wconf 87' lang='grc' dir='ltr'>τοῦ</span> <span class='ocrx_word' id='word_1_42' title='bbox 680 706 849 761; x_wconf 79' lang='grc' dir='ltr'><em>φόρου,</em></span> <span class='ocrx_word' id='word_1_43' title='bbox 889 706 964 750; x_wconf 85' lang='grc' dir='ltr'>καὶ</span> <span class='ocrx_word' id='word_1_44' title='bbox 992 703 1273 761; x_wconf 79' lang='grc' dir='ltr'><em>παραπλήσια</em></span> <span class='ocrx_word' id='word_1_45' title='bbox 1302 703 1438 762; x_wconf 81' lang='grc' dir='ltr'><em>ταύτῃ</em></span> <span class='ocrx_word' id='word_1_46' title='bbox 1466 705 1595 758; x_wconf 80' lang='grc' dir='ltr'><em>ἄλλα,</em></span> <span class='ocrx_word' id='word_1_47' title='bbox 1635 705 1698 750; x_wconf 82' lang='grc' dir='ltr'>λε’·</span> 
     </span>
     <span class='ocr_line' id='line_1_9' title="bbox 425 769 1696 833; baseline 0.001 -14"><span class='ocrx_word' id='word_1_48' title='bbox 425 788 553 832; x_wconf 73' lang='grc' dir='ltr'><em>γουσι</em></span> <span class='ocrx_word' id='word_1_49' title='bbox 587 778 774 832; x_wconf 83' lang='grc' dir='ltr'><em>Πέρσαι,</em></span> <span class='ocrx_word' id='word_1_50' title='bbox 808 775 868 829; x_wconf 73' lang='grc' dir='ltr'>ὥς</span> <span class='ocrx_word' id='word_1_51' title='bbox 896 781 1084 832; x_wconf 79' lang='grc' dir='ltr'><em>Δαρεῖος</em></span> <span class='ocrx_word' id='word_1_52' title='bbox 1113 776 1191 831; x_wconf 76' lang='grc' dir='ltr'>μὲν</span> <span class='ocrx_word' id='word_1_53' title='bbox 1218 769 1275 832; x_wconf 80' lang='grc' dir='ltr'>ἦν</span> <span class='ocrx_word' id='word_1_54' title='bbox 1307 775 1518 832; x_wconf 80' lang='grc' dir='ltr'><em>κάπηλος·</em></span> <span class='ocrx_word' id='word_1_55' title='bbox 1577 780 1696 833; x_wconf 59' lang='lat' dir='ltr'>Koty-</span> 
     </span>
     <span class='ocr_line' id='line_1_10' title="bbox 424 844 1697 906; baseline 0 -15"><span class='ocrx_word' id='word_1_56' title='bbox 424 847 562 904; x_wconf 84' lang='grc' dir='ltr'><em>βύσης</em></span> <span class='ocrx_word' id='word_1_57' title='bbox 592 849 637 893; x_wconf 77' lang='grc' dir='ltr'>δὲ</span> <span class='ocrx_word' id='word_1_58' title='bbox 668 849 897 906; x_wconf 85' lang='grc' dir='ltr'><em>δεσπότης·</em></span> <span class='ocrx_word' id='word_1_59' title='bbox 956 851 1105 902; x_wconf 78' lang='grc' dir='ltr'><em>Κῦρος</em></span> <span class='ocrx_word' id='word_1_60' title='bbox 1135 847 1181 890; x_wconf 82' lang='grc' dir='ltr'>ὁὲ</span> <span class='ocrx_word' id='word_1_61' title='bbox 1210 844 1377 902; x_wconf 78' lang='grc' dir='ltr'><em>πατήρ·</em></span> <span class='ocrx_word' id='word_1_62' title='bbox 1437 845 1461 890; x_wconf 90' lang='grc' dir='ltr'>ὁ</span> <span class='ocrx_word' id='word_1_63' title='bbox 1492 850 1592 904; x_wconf 77' lang='grc' dir='ltr'>μὲν,</span> <span class='ocrx_word' id='word_1_64' title='bbox 1631 847 1697 892; x_wconf 81' lang='grc' dir='ltr'>ὅτι</span> 
     </span>
     <span class='ocr_line' id='line_1_11' title="bbox 424 915 1697 976; baseline 0.001 -14"><span class='ocrx_word' id='word_1_65' title='bbox 424 919 661 976; x_wconf 78' lang='grc' dir='ltr'><em>ἐκαπήλευε</em></span> <span class='ocrx_word' id='word_1_66' title='bbox 689 919 831 964; x_wconf 75' lang='grc' dir='ltr'><em>πάντα</em></span> <span class='ocrx_word' id='word_1_67' title='bbox 859 920 912 963; x_wconf 83' lang='grc' dir='ltr'>τοὶ</span> <span class='ocrx_word' id='word_1_68' title='bbox 942 918 1198 976; x_wconf 74' lang='grc' dir='ltr'><em>πρήγματα·</em></span> <span class='ocrx_word' id='word_1_69' title='bbox 1252 915 1278 961; x_wconf 78' lang='grc' dir='ltr'>ὁ</span> <span class='ocrx_word' id='word_1_70' title='bbox 1308 918 1377 967; x_wconf 79' lang='grc' dir='ltr'>δὲ,</span> <span class='ocrx_word' id='word_1_71' title='bbox 1418 917 1484 962; x_wconf 81' lang='grc' dir='ltr'>ὅτι</span> <span class='ocrx_word' id='word_1_72' title='bbox 1512 918 1697 975; x_wconf 80' lang='grc' dir='ltr'><em>χαλεπός</em></span> 
     </span>
     <span class='ocr_line' id='line_1_12' title="bbox 425 986 1752 1048; baseline -0.002 -14"><span class='ocrx_word' id='word_1_73' title='bbox 425 1007 471 1034; x_wconf 88' lang='grc' dir='ltr'>τε</span> <span class='ocrx_word' id='word_1_74' title='bbox 500 986 557 1048; x_wconf 78' lang='grc' dir='ltr'>ἦν</span> <span class='ocrx_word' id='word_1_75' title='bbox 585 991 658 1036; x_wconf 82' lang='grc' dir='ltr'>καὶ</span> <span class='ocrx_word' id='word_1_76' title='bbox 688 990 926 1048; x_wconf 77' lang='grc' dir='ltr'><em>ὀλίγωρος·</em></span> <span class='ocrx_word' id='word_1_77' title='bbox 976 990 999 1035; x_wconf 92' lang='grc' dir='ltr'>ὁ</span> <span class='ocrx_word' id='word_1_78' title='bbox 1031 991 1098 1044; x_wconf 81' lang='grc' dir='ltr'>δὲ,</span> <span class='ocrx_word' id='word_1_79' title='bbox 1141 990 1207 1034; x_wconf 83' lang='grc' dir='ltr'>ὅτι</span> <span class='ocrx_word' id='word_1_80' title='bbox 1236 989 1366 1047; x_wconf 79' lang='grc' dir='ltr'><em>ἤπιός</em></span> <span class='ocrx_word' id='word_1_81' title='bbox 1391 1006 1459 1041; x_wconf 84' lang='grc' dir='ltr'>τε,</span> <span class='ocrx_word' id='word_1_82' title='bbox 1491 991 1564 1035; x_wconf 84' lang='grc' dir='ltr'>καὶ</span> <span class='ocrx_word' id='word_1_83' title='bbox 1594 989 1696 1047; x_wconf 61' lang='lat' dir='ltr'><strong>0322oe-</strong></span> <span class='ocrx_word' id='word_1_84' title='bbox 1709 995 1752 1032; x_wconf 91' lang='grc'>15</span> 
     </span>
    </p>
   </div>
   <div class='ocr_carea' id='block_1_6' title="bbox 366 1090 644 1096">
    <p class='ocr_par' dir='ltr' id='par_1_6' title="bbox 366 1090 644 1096">
     <span class='ocr_line' id='line_1_13' title="bbox 366 1090 644 1096; baseline 0 0"><span class='ocrx_word' id='word_1_85' title='bbox 366 1090 644 1096; x_wconf 95' lang='lat' dir='ltr'> </span> 
     </span>
    </p>
   </div>
   <div class='ocr_carea' id='block_1_7' title="bbox 344 1131 1039 2760">
    <p class='ocr_par' dir='ltr' id='par_1_7' title="bbox 365 1131 1035 1917">
     <span class='ocr_line' id='line_1_14' title="bbox 370 1131 1031 1179; baseline 0.002 -12"><span class='ocrx_word' id='word_1_86' title='bbox 370 1132 446 1169; x_wconf 83' lang='lat' dir='ltr'>sive</span> <span class='ocrx_word' id='word_1_87' title='bbox 465 1134 592 1179; x_wconf 80' lang='lat' dir='ltr'>o,932</span> <span class='ocrx_word' id='word_1_88' title='bbox 605 1134 711 1173; x_wconf 79' lang='lat'>7821</span> <span class='ocrx_word' id='word_1_89' title='bbox 734 1132 814 1170; x_wconf 86' lang='lat' dir='ltr'><strong>libr.</strong></span> <span class='ocrx_word' id='word_1_90' title='bbox 835 1131 963 1169; x_wconf 90' lang='lat' dir='ltr'>Colon.</span> <span class='ocrx_word' id='word_1_91' title='bbox 983 1131 1031 1179; x_wconf 90' lang='lat' dir='ltr'>(s.</span> 
     </span>
     <span class='ocr_line' id='line_1_15' title="bbox 369 1187 1030 1236; baseline 0 -11"><span class='ocrx_word' id='word_1_92' title='bbox 369 1190 424 1228; x_wconf 77' lang='grc'>29</span> <span class='ocrx_word' id='word_1_93' title='bbox 435 1187 543 1225; x_wconf 84' lang='lat' dir='ltr'><strong>Loth.</strong></span> <span class='ocrx_word' id='word_1_94' title='bbox 557 1190 596 1235; x_wconf 86' lang='lat'>3,</span> <span class='ocrx_word' id='word_1_95' title='bbox 609 1191 716 1230; x_wconf 84' lang='lat'>3961</span> <span class='ocrx_word' id='word_1_96' title='bbox 731 1189 855 1233; x_wconf 83' lang='lat' dir='ltr'>Quint.</span> <span class='ocrx_word' id='word_1_97' title='bbox 867 1188 1030 1236; x_wconf 89' lang='lat' dir='ltr'>Colon.)‚</span> 
     </span>
     <span class='ocr_line' id='line_1_16' title="bbox 369 1244 1032 1291; baseline -0.003 -9"><span class='ocrx_word' id='word_1_98' title='bbox 369 1244 549 1282; x_wconf 81' lang='lat' dir='ltr'>talentum</span> <span class='ocrx_word' id='word_1_99' title='bbox 575 1246 640 1291; x_wconf 81' lang='lat'>53,</span> <span class='ocrx_word' id='word_1_100' title='bbox 660 1244 797 1285; x_wconf 79' lang='grc'>47843</span> <span class='ocrx_word' id='word_1_101' title='bbox 817 1245 896 1282; x_wconf 88' lang='lat' dir='ltr'>libr.</span> <span class='ocrx_word' id='word_1_102' title='bbox 919 1244 1032 1281; x_wconf 87' lang='lat' dir='ltr'>Paris.</span> 
     </span>
     <span class='ocr_line' id='line_1_17' title="bbox 371 1300 1032 1348; baseline 0 -10"><span class='ocrx_word' id='word_1_103' title='bbox 371 1315 402 1339; x_wconf 92' lang='lat' dir='ltr'>s.</span> <span class='ocrx_word' id='word_1_104' title='bbox 425 1300 631 1348; x_wconf 81' lang='lat'>55,96694</span> <span class='ocrx_word' id='word_1_105' title='bbox 651 1301 730 1338; x_wconf 86' lang='lat' dir='ltr'>libr.</span> <span class='ocrx_word' id='word_1_106' title='bbox 754 1301 884 1338; x_wconf 87' lang='lat' dir='ltr'>Colon.</span> <span class='ocrx_word' id='word_1_107' title='bbox 916 1300 1032 1338; x_wconf 88' lang='lat' dir='ltr'>Aliam</span> 
     </span>
     <span class='ocr_line' id='line_1_18' title="bbox 370 1357 1032 1407; baseline 0.002 -14"><span class='ocrx_word' id='word_1_108' title='bbox 370 1357 468 1394; x_wconf 89' lang='lat' dir='ltr'>Galli</span> <span class='ocrx_word' id='word_1_109' title='bbox 499 1358 618 1402; x_wconf 92' lang='lat' dir='ltr'>docti,</span> <span class='ocrx_word' id='word_1_110' title='bbox 648 1357 848 1404; x_wconf 82' lang='lat' dir='ltr'>Letronne,</span> <span class='ocrx_word' id='word_1_111' title='bbox 880 1370 1032 1407; x_wconf 88' lang='lat' dir='ltr'>compu-</span> 
     </span>
     <span class='ocr_line' id='line_1_19' title="bbox 367 1413 1032 1461; baseline -0.002 -10"><span class='ocrx_word' id='word_1_112' title='bbox 367 1415 543 1452; x_wconf 80' lang='lat' dir='ltr'>tationem</span> <span class='ocrx_word' id='word_1_113' title='bbox 577 1414 723 1452; x_wconf 83' lang='lat' dir='ltr'>exhibet</span> <span class='ocrx_word' id='word_1_114' title='bbox 752 1414 871 1461; x_wconf 85' lang='lat' dir='ltr'>Miot,</span> <span class='ocrx_word' id='word_1_115' title='bbox 902 1413 1032 1451; x_wconf 81' lang='lat' dir='ltr'>Gallus</span> 
     </span>
     <span class='ocr_line' id='line_1_20' title="bbox 365 1470 1032 1520; baseline -0.003 -12"><span class='ocrx_word' id='word_1_116' title='bbox 365 1470 548 1508; x_wconf 80' lang='lat' dir='ltr'><strong>Herodoti</strong></span> <span class='ocrx_word' id='word_1_117' title='bbox 567 1471 770 1520; x_wconf 77' lang='lat' dir='ltr'>interpres3</span> <span class='ocrx_word' id='word_1_118' title='bbox 786 1484 830 1509; x_wconf 83' lang='lat' dir='ltr'>ex</span> <span class='ocrx_word' id='word_1_119' title='bbox 850 1471 921 1520; x_wconf 71' lang='lat' dir='ltr'>qua</span> <span class='ocrx_word' id='word_1_120' title='bbox 934 1472 1032 1507; x_wconf 83' lang='lat' dir='ltr'>mina</span> 
     </span>
     <span class='ocr_line' id='line_1_21' title="bbox 365 1527 1031 1577; baseline 0 -14"><span class='ocrx_word' id='word_1_121' title='bbox 365 1527 488 1566; x_wconf 74' lang='lat' dir='ltr'>Attica</span> <span class='ocrx_word' id='word_1_122' title='bbox 507 1529 604 1565; x_wconf 88' lang='lat' dir='ltr'>valet</span> <span class='ocrx_word' id='word_1_123' title='bbox 627 1527 750 1574; x_wconf 78' lang='lat'>436‚5</span> <span class='ocrx_word' id='word_1_124' title='bbox 772 1540 954 1577; x_wconf 84' lang='lat' dir='ltr'>grammes</span> <span class='ocrx_word' id='word_1_125' title='bbox 971 1540 1031 1564; x_wconf 92' lang='lat' dir='ltr'>re-</span> 
     </span>
     <span class='ocr_line' id='line_1_22' title="bbox 367 1584 1032 1630; baseline -0.003 -9"><span class='ocrx_word' id='word_1_126' title='bbox 367 1584 536 1622; x_wconf 88' lang='lat' dir='ltr'>centioris</span> <span class='ocrx_word' id='word_1_127' title='bbox 555 1596 767 1630; x_wconf 82' lang='lat' dir='ltr'>mensurae3</span> <span class='ocrx_word' id='word_1_128' title='bbox 784 1584 947 1620; x_wconf 73' lang='lat' dir='ltr'>Euboica</span> <span class='ocrx_word' id='word_1_129' title='bbox 966 1584 1032 1619; x_wconf 82' lang='lat' dir='ltr'>mi-</span> 
     </span>
     <span class='ocr_line' id='line_1_23' title="bbox 370 1639 1032 1689; baseline -0.003 -11"><span class='ocrx_word' id='word_1_130' title='bbox 370 1654 419 1678; x_wconf 75' lang='grc' dir='ltr'>πα</span> <span class='ocrx_word' id='word_1_131' title='bbox 427 1639 603 1687; x_wconf 82' lang='grc'>448,971</span> <span class='ocrx_word' id='word_1_132' title='bbox 616 1652 795 1688; x_wconf 80' lang='lat' dir='ltr'>grammes</span> <span class='ocrx_word' id='word_1_133' title='bbox 807 1641 965 1689; x_wconf 84' lang='lat' dir='ltr'>indeque</span> <span class='ocrx_word' id='word_1_134' title='bbox 975 1643 1032 1676; x_wconf 87' lang='lat' dir='ltr'>ta-</span> 
     </span>
     <span class='ocr_line' id='line_1_24' title="bbox 372 1695 1033 1745; baseline 0 -12"><span class='ocrx_word' id='word_1_135' title='bbox 372 1697 503 1734; x_wconf 78' lang='lat' dir='ltr'><em>lentum</em></span> <span class='ocrx_word' id='word_1_136' title='bbox 531 1695 728 1733; x_wconf 73' lang='lat' dir='ltr'>Euboc&#39;cum</span> <span class='ocrx_word' id='word_1_137' title='bbox 749 1698 887 1737; x_wconf 79' lang='lat'><strong>26938</strong></span> <span class='ocrx_word' id='word_1_138' title='bbox 911 1709 1033 1745; x_wconf 84' lang='lat' dir='ltr'>gram-</span> 
     </span>
     <span class='ocr_line' id='line_1_25' title="bbox 372 1753 1032 1802; baseline 0 -11"><span class='ocrx_word' id='word_1_139' title='bbox 372 1766 450 1791; x_wconf 86' lang='lat' dir='ltr'>mes</span> <span class='ocrx_word' id='word_1_140' title='bbox 468 1754 542 1791; x_wconf 90' lang='lat' dir='ltr'>sive</span> <span class='ocrx_word' id='word_1_141' title='bbox 564 1755 617 1792; x_wconf 79' lang='lat'>26</span> <span class='ocrx_word' id='word_1_142' title='bbox 640 1753 920 1802; x_wconf 75' lang='lat' dir='ltr'>Kilogrammes,</span> <span class='ocrx_word' id='word_1_143' title='bbox 951 1754 1032 1793; x_wconf 83' lang='lat'>938</span> 
     </span>
     <span class='ocr_line' id='line_1_26' title="bbox 372 1808 1035 1859; baseline -0.003 -12"><span class='ocrx_word' id='word_1_144' title='bbox 372 1822 568 1859; x_wconf 86' lang='lat' dir='ltr'>grammes,</span> <span class='ocrx_word' id='word_1_145' title='bbox 599 1822 627 1846; x_wconf 80' lang='lat' dir='ltr'>S.</span> <span class='ocrx_word' id='word_1_146' title='bbox 653 1810 706 1851; x_wconf 89' lang='lat'>55</span> <span class='ocrx_word' id='word_1_147' title='bbox 729 1810 789 1847; x_wconf 91' lang='lat' dir='ltr'>lib.</span> <span class='ocrx_word' id='word_1_148' title='bbox 812 1808 838 1849; x_wconf 86' lang='lat'><strong>4</strong></span> <span class='ocrx_word' id='word_1_149' title='bbox 860 1823 912 1859; x_wconf 81' lang='lat' dir='ltr'>gr.</span> <span class='ocrx_word' id='word_1_150' title='bbox 939 1809 1035 1846; x_wconf 91' lang='lat' dir='ltr'>anti-</span> 
     </span>
     <span class='ocr_line' id='line_1_27' title="bbox 370 1866 636 1917; baseline -0.004 -13"><span class='ocrx_word' id='word_1_151' title='bbox 370 1868 432 1917; x_wconf 89' lang='lat' dir='ltr'>qui</span> <span class='ocrx_word' id='word_1_152' title='bbox 451 1866 636 1915; x_wconf 86' lang='lat' dir='ltr'>ponderis.</span> 
     </span>
    </p>

    <p class='ocr_par' dir='ltr' id='par_1_8' title="bbox 344 1917 1039 2760">
     <span class='ocr_line' id='line_1_28' title="bbox 429 1917 1034 1974; baseline -0.005 -14"><span class='ocrx_word' id='word_1_153' title='bbox 429 1918 526 1961; x_wconf 70' lang='grc' dir='ltr'><em>α’λλιὶ</em></span> <span class='ocrx_word' id='word_1_154' title='bbox 560 1923 668 1973; x_wconf 71' lang='grc' dir='ltr'><em>δῶρα</em></span> <span class='ocrx_word' id='word_1_155' title='bbox 703 1917 889 1974; x_wconf 63' lang='grc' dir='ltr'><em>ἀγίνεον]</em></span> <span class='ocrx_word' id='word_1_156' title='bbox 931 1920 1034 1958; x_wconf 87' lang='lat' dir='ltr'>Haec</span> 
     </span>
     <span class='ocr_line' id='line_1_29' title="bbox 370 1979 1035 2027; baseline -0.005 -10"><span class='ocrx_word' id='word_1_157' title='bbox 370 1980 558 2017; x_wconf 83' lang='lat' dir='ltr'>verissime</span> <span class='ocrx_word' id='word_1_158' title='bbox 580 1979 650 2016; x_wconf 90' lang='lat' dir='ltr'>dici</span> <span class='ocrx_word' id='word_1_159' title='bbox 664 1979 966 2027; x_wconf 82' lang='lat' dir='ltr'>orientaliumque</span> <span class='ocrx_word' id='word_1_160' title='bbox 977 1991 1035 2015; x_wconf 92' lang='lat' dir='ltr'>re-</span> 
     </span>
     <span class='ocr_line' id='line_1_30' title="bbox 373 2036 1033 2086; baseline -0.002 -14"><span class='ocrx_word' id='word_1_161' title='bbox 373 2049 526 2086; x_wconf 86' lang='lat' dir='ltr'>gnorum</span> <span class='ocrx_word' id='word_1_162' title='bbox 547 2036 747 2073; x_wconf 86' lang='lat' dir='ltr'>conditioni</span> <span class='ocrx_word' id='word_1_163' title='bbox 766 2036 920 2073; x_wconf 85' lang='lat' dir='ltr'>maxime</span> <span class='ocrx_word' id='word_1_164' title='bbox 944 2047 1033 2071; x_wconf 92' lang='lat' dir='ltr'>con-</span> 
     </span>
     <span class='ocr_line' id='line_1_31' title="bbox 375 2091 1035 2142; baseline -0.005 -13"><span class='ocrx_word' id='word_1_165' title='bbox 375 2092 562 2130; x_wconf 84' lang='lat' dir='ltr'>venienter</span> <span class='ocrx_word' id='word_1_166' title='bbox 573 2092 688 2141; x_wconf 88' lang='lat' dir='ltr'>quivis</span> <span class='ocrx_word' id='word_1_167' title='bbox 708 2092 896 2142; x_wconf 79' lang='lat' dir='ltr'>intelliget.</span> <span class='ocrx_word' id='word_1_168' title='bbox 917 2091 1035 2141; x_wconf 89' lang='lat' dir='ltr'>Quip-</span> 
     </span>
     <span class='ocr_line' id='line_1_32' title="bbox 374 2147 1036 2200; baseline -0.005 -14"><span class='ocrx_word' id='word_1_169' title='bbox 374 2162 422 2200; x_wconf 90' lang='lat' dir='ltr'>pe</span> <span class='ocrx_word' id='word_1_170' title='bbox 458 2149 495 2186; x_wconf 90' lang='lat' dir='ltr'>in</span> <span class='ocrx_word' id='word_1_171' title='bbox 520 2149 651 2198; x_wconf 87' lang='lat' dir='ltr'>quibus</span> <span class='ocrx_word' id='word_1_172' title='bbox 681 2149 864 2198; x_wconf 83' lang='lat' dir='ltr'>hodieque</span> <span class='ocrx_word' id='word_1_173' title='bbox 900 2147 1036 2184; x_wconf 85' lang='lat' dir='ltr'>subditi</span> 
     </span>
     <span class='ocr_line' id='line_1_33' title="bbox 375 2203 1036 2255; baseline -0.005 -13"><span class='ocrx_word' id='word_1_174' title='bbox 375 2205 597 2252; x_wconf 88' lang='lat' dir='ltr'>muneribus,</span> <span class='ocrx_word' id='word_1_175' title='bbox 618 2218 713 2254; x_wconf 88' lang='lat' dir='ltr'>quae</span> <span class='ocrx_word' id='word_1_176' title='bbox 734 2206 811 2255; x_wconf 81' lang='lat' dir='ltr'>regi</span> <span class='ocrx_word' id='word_1_177' title='bbox 832 2219 859 2242; x_wconf 91' lang='lat' dir='ltr'>s.</span> <span class='ocrx_word' id='word_1_178' title='bbox 883 2203 1036 2254; x_wconf 86' lang='lat' dir='ltr'>principi</span> 
     </span>
     <span class='ocr_line' id='line_1_34' title="bbox 376 2261 1037 2310; baseline -0.003 -12"><span class='ocrx_word' id='word_1_179' title='bbox 376 2262 509 2299; x_wconf 86' lang='lat' dir='ltr'>offerre</span> <span class='ocrx_word' id='word_1_180' title='bbox 535 2261 650 2298; x_wconf 86' lang='lat' dir='ltr'>coacti</span> <span class='ocrx_word' id='word_1_181' title='bbox 678 2267 775 2309; x_wconf 87' lang='lat' dir='ltr'>sunt,</span> <span class='ocrx_word' id='word_1_182' title='bbox 806 2263 920 2310; x_wconf 81' lang='lat' dir='ltr'>magis</span> <span class='ocrx_word' id='word_1_183' title='bbox 943 2261 1037 2297; x_wconf 85' lang='lat' dir='ltr'>adeo</span> 
     </span>
     <span class='ocr_line' id='line_1_35' title="bbox 376 2317 1038 2369; baseline -0.005 -14"><span class='ocrx_word' id='word_1_184' title='bbox 376 2321 602 2369; x_wconf 87' lang='lat' dir='ltr'>premuntur,</span> <span class='ocrx_word' id='word_1_185' title='bbox 633 2330 741 2366; x_wconf 88' lang='lat' dir='ltr'>quam</span> <span class='ocrx_word' id='word_1_186' title='bbox 761 2318 907 2355; x_wconf 88' lang='lat' dir='ltr'>tributis</span> <span class='ocrx_word' id='word_1_187' title='bbox 937 2317 1038 2353; x_wconf 90' lang='lat' dir='ltr'>ordi-</span> 
     </span>
     <span class='ocr_line' id='line_1_36' title="bbox 374 2372 1039 2423; baseline -0.005 -12"><span class='ocrx_word' id='word_1_188' title='bbox 374 2375 482 2411; x_wconf 86' lang='lat' dir='ltr'>nariis</span> <span class='ocrx_word' id='word_1_189' title='bbox 507 2373 830 2423; x_wconf 82' lang='lat' dir='ltr'>vectigalibusqne.</span> <span class='ocrx_word' id='word_1_190' title='bbox 871 2373 952 2410; x_wconf 77' lang='lat' dir='ltr'>Nec</span> <span class='ocrx_word' id='word_1_191' title='bbox 974 2372 1039 2409; x_wconf 89' lang='lat' dir='ltr'>ali-</span> 
     </span>
     <span class='ocr_line' id='line_1_37' title="bbox 344 2430 1036 2479; baseline -0.003 -12"><span class='ocrx_word' id='word_1_192' title='bbox 344 2436 346 2438; x_wconf 78' lang='grc'>’</span> <span class='ocrx_word' id='word_1_193' title='bbox 373 2435 431 2467; x_wconf 93' lang='lat' dir='ltr'>ter</span> <span class='ocrx_word' id='word_1_194' title='bbox 452 2430 539 2479; x_wconf 83' lang='lat' dir='ltr'>Cyri</span> <span class='ocrx_word' id='word_1_195' title='bbox 556 2430 701 2466; x_wconf 84' lang='lat' dir='ltr'>maioris</span> <span class='ocrx_word' id='word_1_196' title='bbox 721 2435 811 2466; x_wconf 85' lang='lat' dir='ltr'>natu</span> <span class='ocrx_word' id='word_1_197' title='bbox 833 2430 1036 2466; x_wconf 89' lang='lat' dir='ltr'>institutum</span> 
     </span>
     <span class='ocr_line' id='line_1_38' title="bbox 373 2485 1037 2535; baseline -0.002 -12"><span class='ocrx_word' id='word_1_198' title='bbox 373 2488 506 2532; x_wconf 83' lang='lat' dir='ltr'>fuisse,</span> <span class='ocrx_word' id='word_1_199' title='bbox 536 2498 592 2522; x_wconf 86' lang='lat' dir='ltr'>res</span> <span class='ocrx_word' id='word_1_200' title='bbox 622 2486 702 2535; x_wconf 87' lang='lat' dir='ltr'>ipsa</span> <span class='ocrx_word' id='word_1_201' title='bbox 732 2486 849 2524; x_wconf 89' lang='lat' dir='ltr'>docet.</span> <span class='ocrx_word' id='word_1_202' title='bbox 899 2485 1037 2522; x_wconf 87' lang='lat' dir='ltr'>Confer</span> 
     </span>
     <span class='ocr_line' id='line_1_39' title="bbox 374 2539 1033 2591; baseline -0.005 -11"><span class='ocrx_word' id='word_1_203' title='bbox 374 2542 535 2580; x_wconf 86' lang='lat' dir='ltr'>Heeren.</span> <span class='ocrx_word' id='word_1_204' title='bbox 564 2541 676 2578; x_wconf 89' lang='lat' dir='ltr'>Ideen</span> <span class='ocrx_word' id='word_1_205' title='bbox 709 2542 745 2588; x_wconf 89' lang='lat'>1,</span> <span class='ocrx_word' id='word_1_206' title='bbox 778 2545 798 2582; x_wconf 90' lang='lat'>1</span> <span class='ocrx_word' id='word_1_207' title='bbox 827 2554 911 2591; x_wconf 81' lang='lat' dir='ltr'>pag.</span> <span class='ocrx_word' id='word_1_208' title='bbox 939 2539 1033 2581; x_wconf 81' lang='lat'>404.</span> 
     </span>
     <span class='ocr_line' id='line_1_40' title="bbox 375 2598 1039 2646; baseline -0.005 -10"><span class='ocrx_word' id='word_1_209' title='bbox 375 2598 457 2636; x_wconf 86' lang='lat' dir='ltr'>Nec</span> <span class='ocrx_word' id='word_1_210' title='bbox 479 2599 682 2646; x_wconf 81' lang='lat' dir='ltr'>refragatur</span> <span class='ocrx_word' id='word_1_211' title='bbox 703 2598 938 2635; x_wconf 88' lang='lat' dir='ltr'>Herodoteae</span> <span class='ocrx_word' id='word_1_212' title='bbox 955 2610 1039 2633; x_wconf 89' lang='lat' dir='ltr'>nar-</span> 
     </span>
     <span class='ocr_line' id='line_1_41' title="bbox 378 2654 1038 2693; baseline -0.003 -1"><span class='ocrx_word' id='word_1_213' title='bbox 378 2655 509 2693; x_wconf 87' lang='lat' dir='ltr'>rationi</span> <span class='ocrx_word' id='word_1_214' title='bbox 549 2654 596 2691; x_wconf 91' lang='lat' dir='ltr'>de</span> <span class='ocrx_word' id='word_1_215' title='bbox 630 2654 696 2691; x_wconf 84' lang='lat' dir='ltr'>hac</span> <span class='ocrx_word' id='word_1_216' title='bbox 723 2655 940 2691; x_wconf 90' lang='lat' dir='ltr'>tributorum</span> <span class='ocrx_word' id='word_1_217' title='bbox 972 2666 1038 2690; x_wconf 90' lang='lat' dir='ltr'>an-</span> 
     </span>
     <span class='ocr_line' id='line_1_42' title="bbox 378 2709 1038 2760; baseline -0.006 -12"><span class='ocrx_word' id='word_1_218' title='bbox 378 2723 530 2748; x_wconf 89' lang='lat' dir='ltr'>nuorum</span> <span class='ocrx_word' id='word_1_219' title='bbox 549 2711 792 2760; x_wconf 88' lang='lat' dir='ltr'>descriptione</span> <span class='ocrx_word' id='word_1_220' title='bbox 811 2723 832 2747; x_wconf 91' lang='lat' dir='ltr'>a</span> <span class='ocrx_word' id='word_1_221' title='bbox 851 2709 964 2747; x_wconf 89' lang='lat' dir='ltr'>Dario</span> <span class='ocrx_word' id='word_1_222' title='bbox 983 2710 1038 2745; x_wconf 93' lang='lat' dir='ltr'>in-</span> 
     </span>
    </p>
   </div>
   <div class='ocr_carea' id='block_1_8' title="bbox 380 2766 1039 2815">
    <p class='ocr_par' dir='ltr' id='par_1_9' title="bbox 380 2766 1039 2815">
     <span class='ocr_line' id='line_1_43' title="bbox 380 2766 1039 2815; baseline 0.002 -11"><span class='ocrx_word' id='word_1_223' title='bbox 380 2768 504 2804; x_wconf 68' lang='lat' dir='ltr'>stituta</span> <span class='ocrx_word' id='word_1_224' title='bbox 530 2766 646 2814; x_wconf 87' lang='lat' dir='ltr'>(conf.</span> <span class='ocrx_word' id='word_1_225' title='bbox 674 2766 846 2815; x_wconf 79' lang='lat' dir='ltr'>Polyaen.</span> <span class='ocrx_word' id='word_1_226' title='bbox 869 2766 948 2812; x_wconf 84' lang='lat' dir='ltr'>Vll,</span> <span class='ocrx_word' id='word_1_227' title='bbox 974 2767 1039 2812; x_wconf 90' lang='lat'>10,</span> 
     </span>
    </p>
   </div>
   <div class='ocr_carea' id='block_1_9' title="bbox 380 2822 1040 2929">
    <p class='ocr_par' dir='ltr' id='par_1_10' title="bbox 380 2822 1040 2929">
     <span class='ocr_line' id='line_1_44' title="bbox 380 2822 1038 2873; baseline 0.002 -13"><span class='ocrx_word' id='word_1_228' title='bbox 380 2822 427 2873; x_wconf 88' lang='lat'>3)</span> <span class='ocrx_word' id='word_1_229' title='bbox 463 2822 572 2870; x_wconf 90' lang='lat' dir='ltr'>illud,</span> <span class='ocrx_word' id='word_1_230' title='bbox 607 2824 706 2872; x_wconf 90' lang='lat' dir='ltr'>quod</span> <span class='ocrx_word' id='word_1_231' title='bbox 736 2835 845 2873; x_wconf 87' lang='lat' dir='ltr'>supra</span> <span class='ocrx_word' id='word_1_232' title='bbox 882 2822 955 2867; x_wconf 92' lang='lat' dir='ltr'>Ill,</span> <span class='ocrx_word' id='word_1_233' title='bbox 985 2823 1038 2861; x_wconf 87' lang='lat'>67</span> 
     </span>
     <span class='ocr_line' id='line_1_45' title="bbox 381 2878 1040 2929; baseline -0.006 -11"><span class='ocrx_word' id='word_1_234' title='bbox 381 2879 501 2918; x_wconf 83' lang='lat' dir='ltr'>Persis</span> <span class='ocrx_word' id='word_1_235' title='bbox 513 2878 647 2929; x_wconf 83' lang='lat' dir='ltr'>Magus</span> <span class='ocrx_word' id='word_1_236' title='bbox 668 2880 891 2918; x_wconf 81' lang='lat' dir='ltr'>concessisse</span> <span class='ocrx_word' id='word_1_237' title='bbox 910 2878 1040 2916; x_wconf 89' lang='lat' dir='ltr'>dicitur</span> 
     </span>
    </p>
   </div>
   <div class='ocr_carea' id='block_1_10' title="bbox 1088 1125 1759 2928">
    <p class='ocr_par' dir='ltr' id='par_1_11' title="bbox 1088 1125 1758 1732">
     <span class='ocr_line' id='line_1_46' title="bbox 1090 1125 1753 1182; baseline -0.003 -13"><span class='ocrx_word' id='word_1_238' title='bbox 1090 1125 1277 1180; x_wconf 73' lang='grc' dir='ltr'><em>ἆτεληΐην</em></span> <span class='ocrx_word' id='word_1_239' title='bbox 1295 1130 1507 1182; x_wconf 59' lang='grc' dir='ltr'>στρατηῖῖης</span> <span class='ocrx_word' id='word_1_240' title='bbox 1522 1128 1588 1169; x_wconf 79' lang='grc' dir='ltr'>καὶ</span> <span class='ocrx_word' id='word_1_241' title='bbox 1608 1125 1753 1181; x_wconf 81' lang='grc' dir='ltr'><em>φόρου.</em></span> 
     </span>
     <span class='ocr_line' id='line_1_47' title="bbox 1088 1187 1755 1225; baseline -0.003 -1"><span class='ocrx_word' id='word_1_242' title='bbox 1088 1187 1185 1225; x_wconf 92' lang='lat' dir='ltr'>Nam</span> <span class='ocrx_word' id='word_1_243' title='bbox 1206 1188 1256 1224; x_wconf 89' lang='lat' dir='ltr'>ibi</span> <span class='ocrx_word' id='word_1_244' title='bbox 1278 1200 1351 1224; x_wconf 91' lang='lat' dir='ltr'>non</span> <span class='ocrx_word' id='word_1_245' title='bbox 1365 1188 1411 1224; x_wconf 89' lang='lat' dir='ltr'>de</span> <span class='ocrx_word' id='word_1_246' title='bbox 1429 1188 1613 1224; x_wconf 88' lang='lat' dir='ltr'>ordinario</span> <span class='ocrx_word' id='word_1_247' title='bbox 1627 1199 1669 1223; x_wconf 89' lang='lat' dir='ltr'>ac</span> <span class='ocrx_word' id='word_1_248' title='bbox 1680 1191 1755 1222; x_wconf 85' lang='lat' dir='ltr'>sta-</span> 
     </span>
     <span class='ocr_line' id='line_1_48' title="bbox 1089 1243 1754 1292; baseline -0.003 -12"><span class='ocrx_word' id='word_1_249' title='bbox 1089 1248 1128 1280; x_wconf 91' lang='lat' dir='ltr'>to</span> <span class='ocrx_word' id='word_1_250' title='bbox 1147 1243 1283 1280; x_wconf 89' lang='lat' dir='ltr'>tributo</span> <span class='ocrx_word' id='word_1_251' title='bbox 1302 1244 1434 1292; x_wconf 84' lang='lat' dir='ltr'>agitur,</span> <span class='ocrx_word' id='word_1_252' title='bbox 1445 1244 1512 1281; x_wconf 90' lang='lat' dir='ltr'>sed</span> <span class='ocrx_word' id='word_1_253' title='bbox 1533 1243 1580 1280; x_wconf 92' lang='lat' dir='ltr'>de</span> <span class='ocrx_word' id='word_1_254' title='bbox 1599 1255 1642 1280; x_wconf 89' lang='lat' dir='ltr'>eo</span> <span class='ocrx_word' id='word_1_255' title='bbox 1660 1244 1754 1292; x_wconf 88' lang='lat' dir='ltr'>ipso,</span> 
     </span>
     <span class='ocr_line' id='line_1_49' title="bbox 1090 1299 1754 1349; baseline 0 -14"><span class='ocrx_word' id='word_1_256' title='bbox 1090 1300 1191 1349; x_wconf 84' lang='lat' dir='ltr'>qued</span> <span class='ocrx_word' id='word_1_257' title='bbox 1215 1300 1366 1347; x_wconf 81' lang='lat' dir='ltr'>singulis</span> <span class='ocrx_word' id='word_1_258' title='bbox 1389 1299 1559 1348; x_wconf 84' lang='lat' dir='ltr'>gentibus</span> <span class='ocrx_word' id='word_1_259' title='bbox 1571 1312 1637 1349; x_wconf 88' lang='lat' dir='ltr'>pro</span> <span class='ocrx_word' id='word_1_260' title='bbox 1659 1303 1754 1336; x_wconf 90' lang='lat' dir='ltr'>tem-</span> 
     </span>
     <span class='ocr_line' id='line_1_50' title="bbox 1089 1355 1758 1406; baseline 0 -14"><span class='ocrx_word' id='word_1_261' title='bbox 1089 1368 1220 1406; x_wconf 88' lang='lat' dir='ltr'>porum</span> <span class='ocrx_word' id='word_1_262' title='bbox 1241 1356 1478 1405; x_wconf 88' lang='lat' dir='ltr'>locorumque</span> <span class='ocrx_word' id='word_1_263' title='bbox 1506 1356 1648 1393; x_wconf 88' lang='lat' dir='ltr'>ratione</span> <span class='ocrx_word' id='word_1_264' title='bbox 1676 1355 1758 1392; x_wconf 88' lang='lat' dir='ltr'>fue-</span> 
     </span>
     <span class='ocr_line' id='line_1_51' title="bbox 1089 1411 1758 1462; baseline -0.001 -13"><span class='ocrx_word' id='word_1_265' title='bbox 1089 1413 1135 1449; x_wconf 86' lang='lat' dir='ltr'>rit</span> <span class='ocrx_word' id='word_1_266' title='bbox 1157 1413 1377 1462; x_wconf 86' lang='lat' dir='ltr'>impositum‚</span> <span class='ocrx_word' id='word_1_267' title='bbox 1390 1413 1466 1450; x_wconf 89' lang='lat' dir='ltr'>sive</span> <span class='ocrx_word' id='word_1_268' title='bbox 1484 1412 1571 1449; x_wconf 91' lang='lat' dir='ltr'>doni</span> <span class='ocrx_word' id='word_1_269' title='bbox 1584 1411 1758 1449; x_wconf 89' lang='lat' dir='ltr'>adinstar</span> 
     </span>
     <span class='ocr_line' id='line_1_52' title="bbox 1089 1469 1756 1519; baseline -0.001 -14"><span class='ocrx_word' id='word_1_270' title='bbox 1089 1469 1286 1518; x_wconf 82' lang='lat' dir='ltr'>quotannis</span> <span class='ocrx_word' id='word_1_271' title='bbox 1308 1474 1346 1505; x_wconf 95' lang='lat' dir='ltr'>ut</span> <span class='ocrx_word' id='word_1_272' title='bbox 1368 1469 1573 1519; x_wconf 87' lang='lat' dir='ltr'>penderent</span> <span class='ocrx_word' id='word_1_273' title='bbox 1597 1469 1756 1518; x_wconf 85' lang='lat' dir='ltr'>impera-</span> 
     </span>
     <span class='ocr_line' id='line_1_53' title="bbox 1088 1525 1754 1575; baseline 0.006 -13"><span class='ocrx_word' id='word_1_274' title='bbox 1088 1530 1176 1562; x_wconf 91' lang='lat' dir='ltr'>tum.</span> <span class='ocrx_word' id='word_1_275' title='bbox 1207 1525 1340 1561; x_wconf 88' lang='lat' dir='ltr'>Strabo</span> <span class='ocrx_word' id='word_1_276' title='bbox 1357 1525 1426 1562; x_wconf 91' lang='lat' dir='ltr'>XV</span> <span class='ocrx_word' id='word_1_277' title='bbox 1445 1539 1479 1575; x_wconf 91' lang='lat' dir='ltr'>p.</span> <span class='ocrx_word' id='word_1_278' title='bbox 1493 1525 1573 1564; x_wconf 85' lang='lat'>735</span> <span class='ocrx_word' id='word_1_279' title='bbox 1595 1538 1622 1561; x_wconf 84' lang='lat' dir='ltr'>S.</span> <span class='ocrx_word' id='word_1_280' title='bbox 1646 1525 1754 1565; x_wconf 89' lang='grc'>1068</span> 
     </span>
     <span class='ocr_line' id='line_1_54' title="bbox 1088 1580 1756 1630; baseline -0.003 -12"><span class='ocrx_word' id='word_1_281' title='bbox 1088 1582 1132 1618; x_wconf 90' lang='grc' dir='ltr'>Β.</span> <span class='ocrx_word' id='word_1_282' title='bbox 1153 1581 1199 1618; x_wconf 87' lang='lat' dir='ltr'>ad</span> <span class='ocrx_word' id='word_1_283' title='bbox 1220 1580 1374 1618; x_wconf 82' lang='lat' dir='ltr'>Darium</span> <span class='ocrx_word' id='word_1_284' title='bbox 1394 1581 1666 1630; x_wconf 82' lang='lat' dir='ltr'>Longimanum</span> <span class='ocrx_word' id='word_1_285' title='bbox 1689 1580 1756 1617; x_wconf 85' lang='lat' dir='ltr'>tri-</span> 
     </span>
     <span class='ocr_line' id='line_1_55' title="bbox 1089 1638 1756 1675; baseline 0 -1"><span class='ocrx_word' id='word_1_286' title='bbox 1089 1638 1258 1674; x_wconf 86' lang='lat' dir='ltr'>butorum</span> <span class='ocrx_word' id='word_1_287' title='bbox 1279 1638 1456 1675; x_wconf 88' lang='lat' dir='ltr'>rationem</span> <span class='ocrx_word' id='word_1_288' title='bbox 1475 1638 1675 1674; x_wconf 82' lang='lat' dir='ltr'>institutam</span> <span class='ocrx_word' id='word_1_289' title='bbox 1697 1649 1756 1674; x_wconf 89' lang='lat' dir='ltr'>re-</span> 
     </span>
     <span class='ocr_line' id='line_1_56' title="bbox 1088 1694 1172 1732; baseline -0.024 -2"><span class='ocrx_word' id='word_1_290' title='bbox 1088 1694 1172 1732; x_wconf 87' lang='lat' dir='ltr'>iicit.</span> 
     </span>
    </p>

    <p class='ocr_par' dir='ltr' id='par_1_12' title="bbox 1090 1743 1759 2871">
     <span class='ocr_line' id='line_1_57' title="bbox 1149 1743 1752 1801; baseline -0.002 -13"><span class='ocrx_word' id='word_1_291' title='bbox 1149 1748 1203 1796; x_wconf 77' lang='grc' dir='ltr'>ὥς</span> <span class='ocrx_word' id='word_1_292' title='bbox 1216 1753 1385 1801; x_wconf 81' lang='grc' dir='ltr'><em>Δαρεῖος</em></span> <span class='ocrx_word' id='word_1_293' title='bbox 1403 1747 1475 1801; x_wconf 77' lang='grc' dir='ltr'>μὲν</span> <span class='ocrx_word' id='word_1_294' title='bbox 1487 1743 1538 1801; x_wconf 76' lang='grc' dir='ltr'>ἦν</span> <span class='ocrx_word' id='word_1_295' title='bbox 1556 1745 1752 1800; x_wconf 71' lang='grc' dir='ltr'>κάπηλος]</span> 
     </span>
     <span class='ocr_line' id='line_1_58' title="bbox 1090 1805 1755 1844; baseline -0.003 -1"><span class='ocrx_word' id='word_1_296' title='bbox 1090 1807 1283 1844; x_wconf 87' lang='lat' dir='ltr'>Sententia</span> <span class='ocrx_word' id='word_1_297' title='bbox 1306 1808 1351 1844; x_wconf 84' lang='lat' dir='ltr'>ab</span> <span class='ocrx_word' id='word_1_298' title='bbox 1381 1806 1606 1844; x_wconf 87' lang='lat' dir='ltr'>orientalium</span> <span class='ocrx_word' id='word_1_299' title='bbox 1631 1805 1755 1843; x_wconf 85' lang='lat' dir='ltr'>indole</span> 
     </span>
     <span class='ocr_line' id='line_1_59' title="bbox 1090 1862 1756 1913; baseline -0.003 -13"><span class='ocrx_word' id='word_1_300' title='bbox 1090 1863 1310 1913; x_wconf 88' lang='lat' dir='ltr'>loquendive</span> <span class='ocrx_word' id='word_1_301' title='bbox 1328 1877 1429 1901; x_wconf 90' lang='lat' dir='ltr'>more</span> <span class='ocrx_word' id='word_1_302' title='bbox 1443 1876 1516 1900; x_wconf 91' lang='lat' dir='ltr'>non</span> <span class='ocrx_word' id='word_1_303' title='bbox 1529 1862 1648 1900; x_wconf 85' lang='lat' dir='ltr'>aliena</span> <span class='ocrx_word' id='word_1_304' title='bbox 1670 1862 1756 1899; x_wconf 89' lang='lat' dir='ltr'>etin</span> 
     </span>
     <span class='ocr_line' id='line_1_60' title="bbox 1091 1919 1757 1971; baseline 0 -15"><span class='ocrx_word' id='word_1_305' title='bbox 1091 1921 1333 1971; x_wconf 84' lang='lat' dir='ltr'>posteriorum</span> <span class='ocrx_word' id='word_1_306' title='bbox 1346 1921 1562 1970; x_wconf 82' lang='lat' dir='ltr'>scriptorum</span> <span class='ocrx_word' id='word_1_307' title='bbox 1575 1919 1674 1955; x_wconf 87' lang='lat' dir='ltr'>libris</span> <span class='ocrx_word' id='word_1_308' title='bbox 1683 1919 1757 1956; x_wconf 86' lang='lat' dir='ltr'>fre-</span> 
     </span>
     <span class='ocr_line' id='line_1_61' title="bbox 1091 1976 1758 2025; baseline 0 -13"><span class='ocrx_word' id='word_1_309' title='bbox 1091 1989 1206 2025; x_wconf 88' lang='lat' dir='ltr'>quens</span> <span class='ocrx_word' id='word_1_310' title='bbox 1226 1977 1343 2023; x_wconf 82' lang='lat' dir='ltr'>obvia‚</span> <span class='ocrx_word' id='word_1_311' title='bbox 1367 1977 1429 2014; x_wconf 85' lang='lat' dir='ltr'>ubi</span> <span class='ocrx_word' id='word_1_312' title='bbox 1448 1976 1580 2013; x_wconf 54' lang='lat' dir='ltr'>Darius</span> <span class='ocrx_word' id='word_1_313' title='bbox 1603 1976 1649 2013; x_wconf 92' lang='lat' dir='ltr'>ob</span> <span class='ocrx_word' id='word_1_314' title='bbox 1671 1987 1758 2012; x_wconf 83' lang='lat' dir='ltr'>ava-</span> 
     </span>
     <span class='ocr_line' id='line_1_62' title="bbox 1091 2032 1756 2080; baseline -0.002 -11"><span class='ocrx_word' id='word_1_315' title='bbox 1091 2034 1210 2069; x_wconf 88' lang='lat' dir='ltr'>ritiam</span> <span class='ocrx_word' id='word_1_316' title='bbox 1228 2037 1386 2070; x_wconf 87' lang='lat' dir='ltr'>notatur.</span> <span class='ocrx_word' id='word_1_317' title='bbox 1431 2032 1553 2080; x_wconf 87' lang='lat' dir='ltr'>Plura,</span> <span class='ocrx_word' id='word_1_318' title='bbox 1582 2035 1756 2069; x_wconf 89' lang='lat' dir='ltr'>monente</span> 
     </span>
     <span class='ocr_line' id='line_1_63' title="bbox 1092 2087 1752 2140; baseline -0.003 -14"><span class='ocrx_word' id='word_1_319' title='bbox 1092 2089 1328 2139; x_wconf 64' lang='lat' dir='ltr'>W‘esseling„</span> <span class='ocrx_word' id='word_1_320' title='bbox 1350 2088 1547 2140; x_wconf 88' lang='lat' dir='ltr'>Spanhem.</span> <span class='ocrx_word' id='word_1_321' title='bbox 1561 2089 1613 2126; x_wconf 79' lang='lat' dir='ltr'>ad</span> <span class='ocrx_word' id='word_1_322' title='bbox 1627 2087 1752 2125; x_wconf 82' lang='lat' dir='ltr'>Iulian.</span> 
     </span>
     <span class='ocr_line' id='line_1_64' title="bbox 1094 2144 1753 2197; baseline -0.005 -14"><span class='ocrx_word' id='word_1_323' title='bbox 1094 2146 1161 2183; x_wconf 87' lang='lat' dir='ltr'>Or.</span> <span class='ocrx_word' id='word_1_324' title='bbox 1183 2147 1198 2182; x_wconf 90' lang='lat'><em>1</em></span> <span class='ocrx_word' id='word_1_325' title='bbox 1224 2160 1260 2197; x_wconf 90' lang='lat' dir='ltr'>p.</span> <span class='ocrx_word' id='word_1_326' title='bbox 1284 2148 1308 2186; x_wconf 84' lang='lat'>9</span> <span class='ocrx_word' id='word_1_327' title='bbox 1332 2150 1369 2184; x_wconf 86' lang='lat' dir='ltr'>et</span> <span class='ocrx_word' id='word_1_328' title='bbox 1394 2145 1517 2184; x_wconf 85' lang='lat' dir='ltr'>Davis.</span> <span class='ocrx_word' id='word_1_329' title='bbox 1547 2146 1584 2181; x_wconf 89' lang='lat' dir='ltr'>in</span> <span class='ocrx_word' id='word_1_330' title='bbox 1602 2144 1753 2182; x_wconf 86' lang='lat' dir='ltr'>Maximi</span> 
     </span>
     <span class='ocr_line' id='line_1_65' title="bbox 1095 2200 1754 2251; baseline -0.002 -13"><span class='ocrx_word' id='word_1_331' title='bbox 1095 2202 1180 2251; x_wconf 81' lang='lat' dir='ltr'>Tyr.</span> <span class='ocrx_word' id='word_1_332' title='bbox 1213 2202 1311 2240; x_wconf 85' lang='lat' dir='ltr'>Diss.</span> <span class='ocrx_word' id='word_1_333' title='bbox 1340 2202 1390 2239; x_wconf 90' lang='lat' dir='ltr'>IV</span> <span class='ocrx_word' id='word_1_334' title='bbox 1421 2215 1506 2251; x_wconf 87' lang='lat' dir='ltr'>pag.</span> <span class='ocrx_word' id='word_1_335' title='bbox 1530 2201 1624 2242; x_wconf 87' lang='grc'><strong>508.</strong></span> <span class='ocrx_word' id='word_1_336' title='bbox 1657 2200 1754 2238; x_wconf 86' lang='lat' dir='ltr'>Add.</span> 
     </span>
     <span class='ocr_line' id='line_1_66' title="bbox 1095 2256 1757 2308; baseline -0.005 -12"><span class='ocrx_word' id='word_1_337' title='bbox 1095 2259 1314 2308; x_wconf 82' lang='lat' dir='ltr'>Krabinger.</span> <span class='ocrx_word' id='word_1_338' title='bbox 1343 2259 1389 2295; x_wconf 91' lang='lat' dir='ltr'>ad</span> <span class='ocrx_word' id='word_1_339' title='bbox 1412 2257 1555 2306; x_wconf 73' lang='lat' dir='ltr'>Synesii</span> <span class='ocrx_word' id='word_1_340' title='bbox 1585 2261 1678 2294; x_wconf 85' lang='lat' dir='ltr'>orat.</span> <span class='ocrx_word' id='word_1_341' title='bbox 1708 2256 1757 2294; x_wconf 86' lang='lat' dir='ltr'>de</span> 
     </span>
     <span class='ocr_line' id='line_1_67' title="bbox 1095 2312 1756 2365; baseline -0.003 -14"><span class='ocrx_word' id='word_1_342' title='bbox 1095 2327 1198 2363; x_wconf 83' lang='lat' dir='ltr'>regn.</span> <span class='ocrx_word' id='word_1_343' title='bbox 1218 2328 1297 2365; x_wconf 77' lang='lat' dir='ltr'>cap.</span> <span class='ocrx_word' id='word_1_344' title='bbox 1322 2314 1373 2351; x_wconf 78' lang='lat' dir='ltr'>JV</span> <span class='ocrx_word' id='word_1_345' title='bbox 1396 2327 1432 2364; x_wconf 89' lang='lat' dir='ltr'>p.</span> <span class='ocrx_word' id='word_1_346' title='bbox 1456 2313 1546 2354; x_wconf 83' lang='lat'>154.</span> <span class='ocrx_word' id='word_1_347' title='bbox 1590 2312 1756 2350; x_wconf 86' lang='lat' dir='ltr'>Probant</span> 
     </span>
     <span class='ocr_line' id='line_1_68' title="bbox 1094 2368 1757 2408; baseline -0.005 0"><span class='ocrx_word' id='word_1_348' title='bbox 1094 2376 1215 2408; x_wconf 87' lang='lat' dir='ltr'>autem</span> <span class='ocrx_word' id='word_1_349' title='bbox 1242 2371 1345 2408; x_wconf 86' lang='lat' dir='ltr'>Darii</span> <span class='ocrx_word' id='word_1_350' title='bbox 1365 2371 1553 2407; x_wconf 82' lang='lat' dir='ltr'>avaritiam</span> <span class='ocrx_word' id='word_1_351' title='bbox 1579 2368 1636 2406; x_wconf 84' lang='lat' dir='ltr'>vel</span> <span class='ocrx_word' id='word_1_352' title='bbox 1657 2372 1757 2406; x_wconf 83' lang='lat' dir='ltr'>certe</span> 
     </span>
     <span class='ocr_line' id='line_1_69' title="bbox 1094 2426 1757 2476; baseline -0.005 -12"><span class='ocrx_word' id='word_1_353' title='bbox 1094 2427 1241 2464; x_wconf 87' lang='lat' dir='ltr'>nimium</span> <span class='ocrx_word' id='word_1_354' title='bbox 1265 2427 1406 2476; x_wconf 84' lang='lat' dir='ltr'>argenti</span> <span class='ocrx_word' id='word_1_355' title='bbox 1422 2426 1578 2462; x_wconf 87' lang='lat' dir='ltr'>studium</span> <span class='ocrx_word' id='word_1_356' title='bbox 1591 2438 1647 2471; x_wconf 87' lang='lat' dir='ltr'>ea,</span> <span class='ocrx_word' id='word_1_357' title='bbox 1660 2436 1757 2474; x_wconf 89' lang='lat' dir='ltr'>quae</span> 
     </span>
     <span class='ocr_line' id='line_1_70' title="bbox 1093 2480 1756 2532; baseline -0.006 -11"><span class='ocrx_word' id='word_1_358' title='bbox 1093 2484 1290 2521; x_wconf 87' lang='lat' dir='ltr'>memoriae</span> <span class='ocrx_word' id='word_1_359' title='bbox 1311 2482 1514 2532; x_wconf 88' lang='lat' dir='ltr'>produntur</span> <span class='ocrx_word' id='word_1_360' title='bbox 1528 2480 1554 2528; x_wconf 89' lang='lat' dir='ltr'>l,</span> <span class='ocrx_word' id='word_1_361' title='bbox 1570 2482 1660 2521; x_wconf 85' lang='lat'>187.</span> <span class='ocrx_word' id='word_1_362' title='bbox 1695 2480 1756 2517; x_wconf 89' lang='lat' dir='ltr'>Ad</span> 
     </span>
     <span class='ocr_line' id='line_1_71' title="bbox 1093 2537 1758 2587; baseline -0.005 -11"><span class='ocrx_word' id='word_1_363' title='bbox 1093 2539 1286 2587; x_wconf 82' lang='lat' dir='ltr'>vectigalia</span> <span class='ocrx_word' id='word_1_364' title='bbox 1318 2551 1339 2575; x_wconf 89' lang='lat' dir='ltr'>a</span> <span class='ocrx_word' id='word_1_365' title='bbox 1365 2538 1479 2575; x_wconf 85' lang='lat' dir='ltr'>Dario</span> <span class='ocrx_word' id='word_1_366' title='bbox 1508 2537 1678 2586; x_wconf 89' lang='lat' dir='ltr'>imposita</span> <span class='ocrx_word' id='word_1_367' title='bbox 1702 2538 1758 2574; x_wconf 88' lang='lat' dir='ltr'>sa-</span> 
     </span>
     <span class='ocr_line' id='line_1_72' title="bbox 1094 2593 1756 2644; baseline -0.002 -13"><span class='ocrx_word' id='word_1_368' title='bbox 1094 2596 1193 2632; x_wconf 89' lang='lat' dir='ltr'>ciunt</span> <span class='ocrx_word' id='word_1_369' title='bbox 1211 2594 1389 2632; x_wconf 88' lang='lat' dir='ltr'>Plutarch.</span> <span class='ocrx_word' id='word_1_370' title='bbox 1411 2593 1442 2630; x_wconf 90' lang='lat' dir='ltr'>ll</span> <span class='ocrx_word' id='word_1_371' title='bbox 1467 2607 1501 2644; x_wconf 92' lang='lat' dir='ltr'>p.</span> <span class='ocrx_word' id='word_1_372' title='bbox 1525 2593 1756 2643; x_wconf 81' lang='lat' dir='ltr'>172Fopp.</span> 
     </span>
     <span class='ocr_line' id='line_1_73' title="bbox 1095 2649 1758 2701; baseline -0.005 -13"><span class='ocrx_word' id='word_1_373' title='bbox 1095 2656 1131 2689; x_wconf 92' lang='lat' dir='ltr'>et</span> <span class='ocrx_word' id='word_1_374' title='bbox 1158 2650 1331 2701; x_wconf 87' lang='lat' dir='ltr'>Polyaen.</span> <span class='ocrx_word' id='word_1_375' title='bbox 1360 2650 1441 2696; x_wconf 63' lang='lat' dir='ltr'>Vll,</span> <span class='ocrx_word' id='word_1_376' title='bbox 1465 2652 1504 2696; x_wconf 88' lang='lat'>8,</span> <span class='ocrx_word' id='word_1_377' title='bbox 1530 2651 1567 2689; x_wconf 84' lang='lat'>3.</span> <span class='ocrx_word' id='word_1_378' title='bbox 1588 2671 1644 2677; x_wconf 85' lang='lat'>——</span> <span class='ocrx_word' id='word_1_379' title='bbox 1677 2649 1758 2686; x_wconf 85' lang='lat' dir='ltr'>Ho-</span> 
     </span>
     <span class='ocr_line' id='line_1_74' title="bbox 1094 2706 1759 2745; baseline -0.008 -1"><span class='ocrx_word' id='word_1_380' title='bbox 1094 2707 1345 2745; x_wconf 84' lang='lat' dir='ltr'>norificentius</span> <span class='ocrx_word' id='word_1_381' title='bbox 1375 2707 1421 2744; x_wconf 92' lang='lat' dir='ltr'>de</span> <span class='ocrx_word' id='word_1_382' title='bbox 1449 2706 1563 2743; x_wconf 90' lang='lat' dir='ltr'>Dario</span> <span class='ocrx_word' id='word_1_383' title='bbox 1593 2707 1759 2743; x_wconf 88' lang='lat' dir='ltr'>testimo-</span> 
     </span>
     <span class='ocr_line' id='line_1_75' title="bbox 1095 2759 1758 2814; baseline -0.005 -14"><span class='ocrx_word' id='word_1_384' title='bbox 1095 2764 1193 2801; x_wconf 91' lang='lat' dir='ltr'>nium</span> <span class='ocrx_word' id='word_1_385' title='bbox 1224 2763 1327 2800; x_wconf 84' lang='lat' dir='ltr'>Plato</span> <span class='ocrx_word' id='word_1_386' title='bbox 1360 2763 1514 2814; x_wconf 87' lang='lat' dir='ltr'>praebet</span> <span class='ocrx_word' id='word_1_387' title='bbox 1543 2761 1660 2813; x_wconf 86' lang='lat' dir='ltr'>Epist.</span> <span class='ocrx_word' id='word_1_388' title='bbox 1690 2759 1758 2797; x_wconf 89' lang='lat' dir='ltr'>VlI</span> 
     </span>
     <span class='ocr_line' id='line_1_76' title="bbox 1095 2820 1301 2871; baseline -0.005 -15"><span class='ocrx_word' id='word_1_389' title='bbox 1095 2833 1132 2871; x_wconf 91' lang='lat' dir='ltr'>p.</span> <span class='ocrx_word' id='word_1_390' title='bbox 1155 2821 1238 2861; x_wconf 81' lang='lat'>332</span> <span class='ocrx_word' id='word_1_391' title='bbox 1258 2820 1301 2856; x_wconf 92' lang='lat' dir='ltr'>B.</span> 
     </span>
    </p>

    <p class='ocr_par' dir='ltr' id='par_1_13' title="bbox 1152 2871 1757 2928">
     <span class='ocr_line' id='line_1_77' title="bbox 1152 2871 1757 2928; baseline -0.015 -12"><span class='ocrx_word' id='word_1_392' title='bbox 1152 2872 1258 2928; x_wconf 78' lang='grc' dir='ltr'><strong><em>ὀλίγ</em></strong></span> <span class='ocrx_word' id='word_1_393' title='bbox 1272 2890 1300 2915; x_wconf 92' lang='grc' dir='ltr'><em>ω</em></span> <span class='ocrx_word' id='word_1_394' title='bbox 1314 2873 1411 2927; x_wconf 85' lang='grc' dir='ltr'>ρος]</span> <span class='ocrx_word' id='word_1_395' title='bbox 1442 2875 1505 2912; x_wconf 87' lang='lat' dir='ltr'>Sic</span> <span class='ocrx_word' id='word_1_396' title='bbox 1529 2874 1671 2921; x_wconf 89' lang='lat' dir='ltr'>dicitur,</span> <span class='ocrx_word' id='word_1_397' title='bbox 1693 2871 1757 2922; x_wconf 87' lang='lat' dir='ltr'>qui</span> 
     </span>
    </p>
   </div>
  </div>
 </body>
</html>
