1904 3304
418 289 502 329 470
817 285 1286 327 HERODOTI

87 402 158 429 ¹¹¹¹¹0
177 402 309 430 ablstro
327 403 365 431 ³1¹
423 399 514 440 τῶν
544 395 625 439 δύο
663 394 831 451 μερέων
866 394 1146 450 κατηκόντων
1175 396 1218 447 ἐς
1254 395 1506 449 θάλασσαν,
1547 412 1686 454 παντη

89 436 271 464 Maeotida-m
281 458 291 472 ‚
354 441 366 464 t

88 470 262 531 {alm-¹133?
275 471 366 532 ¹¹:133?
425 470 523 512 ἴσον
552 465 602 510 τό
631 482 675 509 τε
716 465 759 517 ἐς
794 466 875 521 τήν
914 463 1151 520 μεσόγαιαν
1180 467 1342 522 φέρον,
1391 467 1464 511 καὶ
1489 467 1538 511 τὰ
1568 469 1686 524 παρὰ

88 543 245 564 [erfaltvsss
257 547 264 565 :

90 707 182 735 cenis.

285 542 365 566 ¹³¹³·
395 539 507 594 Qvijv
543 536 783 580 θάλασσαν.

89 579 148 632 que
173 571 290 599 itineris
314 571 365 599 XX

111 605 224 640 iurum,
260 606 367 633 stadiis

90 639 120 666 in
142 639 278 673 singulos
303 639 367 667 dics

90 673 270 707 computatis
315 673 369 702 du-

365 797 508 835 prorsus
543 783 704 834 aequalis
743 787 817 832 est,
860 786 933 820 tum
974 797 1028 830 ea,

370 840 443 891 (1αᾶ
469 842 508 877 in
536 841 792 878 mediterranea
813 842 1029 891 porrigitur,

370 902 443 934 tum
461 897 597 946 altera,
623 911 724 948 ,quae
742 898 929 934 ,secundum
950 909 1028 934 ma-

369 967 405 992 re
422 956 634 1004 porrigitur.
685 954 913 998 Quadratain
933 955 1029 992 enim

370 1024 449 1049 cum
479 1011 547 1049 sibi
569 1010 708 1049 Noster
735 1015 857 1048 terrae
883 1010 1028 1060 Scythi-

371 1062 437 1105 dae
474 1067 636 1105 finxisset
665 1068 839 1113 formam,
880 1066 1030 1116 singulis

370 1128 528 1173 quatuor
548 1125 712 1175 partibus
737 1136 763 1160 s.
786 1123 960 1160 lateribus
981 1124 1030 1159 si-

374 1181 411 1216 bi
439 1181 587 1230 paribus
616 1180 844 1228 longitudine
875 1184 1032 1228 quatuor

374 1236 471 1274 mille
500 1237 724 1281 stadiorum,
771 1236 839 1272 hoc
865 1236 916 1272 ita
942 1235 1032 1272 effe-

374 1297 470 1330 ctum
480 1305 561 1330 esse
570 1293 787 1343 putabat,ut
798 1291 1033 1328 occidentalis

373 1349 477 1386 huius
495 1349 664 1398 quadrati
682 1361 767 1399 pars
785 1349 1033 1385 contineretur

374 1403 487 1452 Istro,
513 1418 623 1455 quem
642 1418 663 1442 a
684 1407 936 1455 septentrione
954 1417 1031 1441 me-

373 1462 505 1499 ridiem
538 1474 665 1499 versus
701 1461 882 1499 labentem
918 1465 957 1498 et
994 1461 1032 1497 in

372 1518 530 1555 Pontum
555 1520 769 1555 influentem
790 1517 928 1555 Noster
951 1517 1032 1567 opi-

373 1579 480 1613 natus
509 1580 588 1613 erat
621 1574 746 1621 (conf.
769 1574 823 1621 ll,
868 1572 921 1613 34
942 1574 1029 1622 ibiq.

371 1635 463 1669 nott.
486 1636 522 1668 et
537 1630 756 1668 Dahlmann.
781 1630 919 1667 Herod.
944 1642 1030 1680 pag.

373 1690 440 1729 87.
468 1688 565 1736 88);
609 1687 663 1724 cui
694 1687 789 1736 parti
817 1685 1032 1723 occidentali

374 1757 395 1782 e
422 1748 545 1781 mente
573 1743 754 1780 Herodoti
790 1755 937 1793 prorsus
977 1755 1035 1778 re-

373 1801 538 1851 spondet
556 1799 739 1849 planeque
758 1812 825 1849 par
847 1803 904 1836 est
920 1800 1035 1835 orien-

378 1857 483 1904 talis,
510 1856 618 1906 palus
631 1855 814 1892 Maeotica
833 1856 879 1893 ab
898 1856 1036 1892 oriente

377 1913 595 1964 quadratum
604 1912 713 1949 hocce
722 1912 917 1949 includens.
930 1912 1037 1955 Quae

379 1971 473 2007 enim
487 1981 612 2007 revera
623 1969 803 2006 orientem
815 1981 940 2006 versus
953 1972 1036 2005 ten-

379 2026 497 2073 ditur,
541 2038 623 2063 eam
646 2025 932 2075 septentrionem
955 2037 1037 2060 ver-

376 2095 437 2119 sus
474 2086 660 2119 extensam
705 2082 861 2131 putabat
898 2080 1038 2119 Noster

376 2141 504 2189 (quem
540 2139 588 2176 de
619 2137 725 2174 huius
768 2138 866 2174 sinus
897 2138 1037 2175 ambitu

377 2209 451 2232 non
480 2200 579 2233 recte
607 2195 776 2232 edoctum
795 2195 907 2232 fuisse
928 2206 1037 2244 supra

378 2253 449 2289 iam
469 2251 713 2297 monuimus)3
744 2252 796 2288 ita
816 2256 857 2287 ut
875 2251 1036 2288 orienta-

378 2308 412 2345 le
446 2308 618 2356 Scythiae
655 2307 749 2344 latus
785 2307 942 2345 Maeotis
982 2308 1037 2343 in-

375 2364 540 2401 cluderet
568 2376 640 2401 una
673 2376 752 2400 cum
784 2363 928 2410 Tanai,
973 2363 1036 2412 qui

376 2422 414 2457 in
434 2421 511 2457 eius
531 2433 709 2457 recessum
723 2432 751 2456 s.
768 2419 941 2468 angulum
962 2432 1037 2456 ma-

377 2477 472 2514 xime
503 2475 715 2513 orientalem
745 2488 785 2513 se
814 2477 1036 2523 infunderet,

377 2534 576 2571 terminans
611 2532 657 2569 ab
686 2533 828 2569 oriente
860 2532 1036 2582 reliquam

377 2590 550 2639 Scythiae
573 2593 712 2639 partem
740 2601 855 2637 usque
876 2590 924 2626 ad
945 2590 1036 2626 fines

377 2644 694 2696 septentrionales.
761 2645 888 2682 Tertia
932 2651 1037 2696 parte

379 2715 497 2752 eaque
515 2700 743 2740 meridionali
769 2702 919 2749 Scythia
941 2702 1038 2738 Pon-

378 2764 417 2796 to
469 2759 610 2795 Euxino
669 2758 885 2795 terminatur
906 2787 916 2805 ‚
991 2759 1037 2796 ab

381 2816 474 2852 Istro
524 2816 572 2852 ad
617 2814 885 2863 Borysthenem
924 2828 1038 2864 usque

380 2876 550 2923 porrecta
581 2875 738 2921 quatuor
773 2870 868 2909 mille
901 2872 1038 2908 stadio-

381 2941 460 2966 rum
477 2928 621 2980 spati03
651 2940 673 2966 a
695 2928 944 2980 septentrione
960 2929 1037 2979 pari

849 535 937 580 οἷπὸ
977 534 1061 592 γὰρ
1089 536 1263 591 Ἴστρου
1301 537 1370 581 ἐπὶ
1409 539 1691 594 Βορυσθένεα

424 608 529 652 δέκα
568 604 766 663 ἡμερέων
804 604 928 658 ὁδός·
979 605 1065 651 ἀπὸ
1096 607 1397 664 Βορυσθένεός
1432 606 1474 651 τ’
1515 609 1582 654 ἐπὶ
1611 611 1690 668 τήν

1088 784 1206 835 spatio
1231 785 1418 834 Scythiam
1453 785 1642 825 includunt
1679 800 1746 826 eae

1088 846 1241 890 gentes,
1282 855 1371 891 quas
1393 842 1537 891 Scythis
1555 845 1745 893 contiguas

1087 898 1125 934 in
1156 897 1242 935 locis
1272 899 1548 936 mediterraneis
1579 900 1625 936 ab
1653 901 1746 938 Istro

1088 968 1204 1003 usque
1243 956 1291 991 ad
1327 955 1472 992 Tanain
1514 955 1624 1005 paulo
1659 961 1748 994 ante

1088 1010 1179 1059 (lv,
1213 1007 1312 1063 100)
1343 1018 1584 1049 recensuerat.
1645 1012 1748 1050 Haec

1087 1069 1117 1104 si
1137 1072 1350 1114 teneantur,
1380 1068 1633 1105 Herodoteam
1653 1070 1745 1119 Scy-

1088 1124 1199 1161 thiam
1231 1124 1427 1162 Valachiae
1461 1137 1503 1161 ac
1536 1124 1748 1163 Moldaviae

1088 1181 1291 1231 provincias
1337 1192 1409 1217 una
1459 1193 1539 1217 cum
1583 1182 1748 1231 partibus

1089 1237 1309 1285 quibusdam
1329 1236 1489 1274 Galitiae
1508 1250 1549 1273 ac
1571 1237 1748 1275 Poloniae

1089 1293 1250 1341 itemque
1298 1292 1455 1330 Russiae
1505 1293 1750 1330 meridionalis

1089 1354 1241 1396 tractus,
1267 1348 1500 1397 Volhyniam,
1530 1349 1749 1398 Ukraniam‚

1089 1417 1198 1455 quam
1225 1410 1376 1451 vocant,
1420 1404 1491 1442 alia
1523 1406 1749 1456 complexam

1090 1475 1170 1499 esse
1189 1466 1306 1512 patet.
1338 1462 1518 1500 Accurate
1538 1463 1584 1500 de
1603 1463 1656 1499 his
1675 1464 1750 1501 dis-

1088 1519 1229 1568 putavit
1251 1518 1430 1556 Niebuhr.
1461 1519 1581 1556 Verm.
1604 1520 1750 1557 Schrift.

1089 1576 1104 1611 1
1131 1588 1166 1625 p.
1188 1574 1269 1614 355
1292 1587 1395 1623 seqq.
1424 1575 1502 1611 coll.
1530 1575 1609 1616 156
1629 1589 1749 1625 seqq.‚

1087 1631 1249 1679 itemque
1270 1630 1437 1668 Volcker.
1461 1632 1484 1667 l.
1508 1631 1528 1667 l.
1560 1644 1644 1682 pag.
1669 1634 1749 1673 172

1089 1700 1216 1735 seqq.,
1257 1688 1318 1735 qui
1341 1686 1608 1736 elegantissima
1626 1688 1750 1725 tabula

1090 1744 1232 1780 adiecta
1268 1743 1357 1780 haec
1387 1745 1515 1781 eximie
1550 1744 1750 1782 illustrasse

1090 1800 1276 1851 putandus
1296 1804 1364 1837 est.
1413 1799 1508 1837 Add.
1534 1799 1689 1839 Rennel.
1712 1815 1748 1852 p.

1093 1858 1188 1897 403.
1209 1855 1303 1896 405.
1323 1855 1405 1896 413
1427 1869 1504 1906 seq.
1565 1857 1752 1895 Mannert.

1094 1913 1143 1949 IV
1171 1926 1207 1962 p.
1235 1913 1300 1953 69.
1344 1912 1504 1949 Heeren.
1527 1913 1640 1951 ldeen
1659 1913 1695 1961 l,
1724 1917 1751 1955 2

1093 1982 1130 2019 p.
1150 1970 1255 2015 268,
1299 1968 1361 2018 qui
1390 1968 1497 2018 paulo
1527 1968 1632 2007 aliter
1662 1969 1752 2007 haec

1094 2025 1302 2071 constituit,
1351 2028 1390 2061 ut
1426 2025 1598 2074 Scythiae
1634 2027 1752 2063 forma

1094 2081 1181 2119 inde
1208 2082 1341 2119 evadat
1373 2082 1553 2131 quadrata
1588 2083 1750 2132 quidem,

1094 2139 1160 2175 sed
1199 2150 1274 2174 non
1302 2151 1450 2188 prorsus
1488 2139 1556 2175 sibi
1589 2138 1751 2188 aequalis

1094 2195 1335 2243 omnibusque
1348 2195 1565 2232 conveniens
1576 2195 1750 2245 partibus.

1150 2247 1232 2289 α’πό
1265 2248 1339 2302 γι-ἒρ
1360 2247 1513 2303 Ἴστρου
1541 2250 1606 2290 ἐπὶ
1624 2253 1750 2302 Βορυ-

1094 2306 1242 2346 σθένεα
1280 2305 1374 2346 δέκα
1412 2305 1594 2358 ἡμερέων
1640 2303 1750 2358 ὁδός]

1094 2365 1198 2402 Citat
1230 2363 1399 2402 Eustath.
1429 2365 1476 2401 ad
1506 2363 1658 2412 Dionys.
1681 2364 1753 2402 Pe-

1093 2421 1184 2470 rieg.
1207 2424 1300 2462 311.
1341 2420 1379 2456 ln
1400 2421 1750 2471 universumlautem

1093 2477 1316 2524 tenendum,
1356 2476 1587 2513 Herodotum
1620 2476 1677 2514 hic
1707 2489 1751 2514 eo

1093 2545 1285 2571 mensurae
1331 2545 1466 2581 genere
1513 2534 1587 2579 uti,
1650 2533 1751 2582 quod

1095 2603 1204 2640 quam
1233 2589 1484 2639 imperfectum
1519 2589 1565 2625 sit
1587 2589 1752 2627 minime·

1094 2659 1166 2696 que
1183 2650 1388 2683 accuratum
1408 2646 1477 2681 iam
1496 2658 1606 2696 supra
1625 2646 1672 2682 ad
1688 2645 1752 2693 IV,

1094 2703 1147 2743 86
1161 2701 1374 2739 monuimus.
1396 2702 1453 2738 Cf.
1468 2701 1598 2740 Ukert.
1611 2703 1749 2752 Geogr.

1094 2759 1122 2806 l,
1142 2761 1168 2799 2
1194 2771 1229 2808 p.
1256 2759 1321 2799 58.
1369 2758 1450 2795 Nec
1470 2759 1549 2809 ipse
1576 2759 1642 2796 sibi
1665 2771 1752 2795 con-

1095 2820 1194 2852 stans
1217 2815 1416 2865 reperitur,
1453 2819 1495 2852 ut
1520 2816 1582 2864 qui
1611 2814 1665 2862 V,
1697 2816 1750 2857 53

1094 2874 1226 2909 centum
1247 2873 1511 2921 qulnquaginta
1532 2872 1652 2909 stadia
1678 2883 1750 2908 uno

1094 2929 1154 2966 die
1172 2928 1299 2966 confici
1319 2929 1473 2977 scribat,
1503 2927 1571 2966 hoc
1589 2928 1667 2966 loco
1684 2927 1750 2965 du-
