1904 3304
462 232 545 272 442
854 229 1318 268 HERODOTI

463 339 509 384 ὁὲ
546 336 571 382 ὁ
604 336 917 393 Ἑλλήσποντος
954 337 996 388 ἐς
1035 338 1173 394 χάσμα
1208 337 1431 394 πελάγεος,
1472 338 1520 381 τὸ
1552 338 1604 393 δὴ
1635 339 1710 381 Αἰ-

332 407 399 453 86
455 415 585 464 ναῖον
622 408 826 452 καλέεται.
885 407 1160 464 Μεμέτρηται
1196 411 1240 453 δὲ
1281 413 1416 453 ταῦτα
1445 404 1545 453 ὧδε·
1603 412 1712 464 νηῦς

131 471 346 499 ⁰¹¹m¹¹⁵³¹¹³v³⁸
359 471 401 499 ‘¹³'
461 481 618 524 ἐπίπαν
682 477 863 534 μάλιστα
933 495 987 533 κη
1055 479 1258 523 κατανύει
1330 479 1376 522 ἓν
1441 481 1710 535 μακρημερίῃ

127 505 402 570 δ’ἴέιῖῗὼῗῖἲῖοῗὲῗῖ
471 550 480 563 .
602 549 610 561 =
684 548 695 563 .
1205 550 1214 563 ,
1309 550 1319 562 .
1403 550 1415 563 ρ
1637 552 1646 565 ,

459 566 636 606 οργυιας
677 551 1033 604 επτακισμυρίας,
1086 567 1242 601 νυκτος
1281 552 1344 602 δὲ,
1397 551 1710 606 εξακισμυριας.

129 580 184 599 nus
194 593 203 606 ‚
238 573 402 600 stadiorum

403 732 644 778 Germanica3
711 741 806 778 quae
871 728 1057 766 verissima

403 801 483 826 esse
517 788 726 838 optimeque
751 797 951 833 congruere
979 797 1058 821 mo-

404 850 464 882 net
489 844 609 881 Kruse
636 843 658 881 l.
692 843 713 879 l.
748 854 832 891 pag.
867 843 931 881 52.
964 843 1055 881 120.

402 902 514 938 Secus
543 900 734 937 videbatur
757 897 956 946 Breigero,
994 898 1056 946 qui

399 970 486 1007 pag.
525 959 574 996 21
611 976 661 984 —--
699 956 779 1000 23,
817 955 1056 991 recentiorum

399 1013 613 1050 testimoniis
651 1013 698 1049 de
716 1010 943 1060 Hellesponti
979 1009 1057 1046 lon-

400 1069 566 1117 gitudine
616 1068 758 1112 allatis,
804 1066 1055 1103 Herodoteam

399 1138 604 1162 mensuram
651 1123 838 1161 contendit
885 1134 963 1159 esse
1001 1123 1056 1158 ni-

399 1182 531 1228 miam,
564 1193 682 1229 neque
711 1191 791 1215 cum
819 1177 970 1214 aliorum
999 1179 1055 1214 in-

400 1237 501 1273 diciis
546 1236 725 1273 conciliari
754 1246 862 1284 posse
889 1233 957 1269 nisi
988 1234 1055 1269 mi-

398 1293 546 1329 noribus
573 1292 630 1328 hic
661 1303 808 1340 quoque
827 1289 954 1325 stadiis
975 1288 1054 1326 No-

397 1354 507 1385 strum
534 1360 637 1384 usum
667 1347 779 1384 fuisse
798 1357 931 1382 sumas,
961 1344 1052 1382 Mihi

392 1404 512 1455 potior
532 1404 657 1440 Krusii
678 1402 870 1441 sententia.

548 1460 657 1510 Cap.
686 1458 889 1496 LXXXVI.

452 1519 550 1566 νηῦς
570 1515 715 1554 ἐπίπαν
737 1529 771 1553 κ.
793 1529 823 1552 τ.
839 1512 887 1563 L]
909 1513 968 1551 De
988 1526 1052 1550 vo-

396 1586 438 1611 ce
461 1572 606 1612 ἐπίπαν
625 1573 718 1609 conf.
737 1571 807 1617 IV,
837 1572 902 1610 68.
961 1571 1051 1607 Mox

397 1630 483 1667 dedi
502 1628 545 1668 ἐν
564 1627 809 1680 μακρημερίῃ
828 1639 906 1663 cum
928 1625 1050 1663 Medi-

395 1698 459 1723 ceo
474 1713 484 1731 ,
514 1684 751 1730 Florentino,
779 1682 870 1719 'aliis
894 1682 1047 1719 duobus.

394 1741 540 1790 Reliqui
559 1740 660 1777 libri:
691 1739 733 1780 ἐν
756 1740 889 1792 μακρῇ
907 1736 1048 1792 ἡμέρῃ,

394 1798 493 1845 quod
526 1810 547 1834 a
570 1796 776 1834 melioribus
796 1796 903 1832 codd.
926 1794 1047 1831 afferri

393 1854 538 1890 minime
567 1853 686 1890 dicere
718 1852 876 1889 debebat
894 1851 1047 1888 Schnei-

393 1909 471 1947 der.
499 1911 535 1946 in
563 1908 653 1946 Lex.
682 1909 747 1945 Gr.
775 1921 804 1944 s.
833 1919 866 1943 v.
935 1908 1046 1956 Apud

392 1965 529 2013 Scylac.
552 1966 588 2002 in
617 1964 748 2014 Peripl.
776 1976 863 2013 pag.
884 1965 909 2004 8
940 1963 1047 1999 Hud-

392 2033 468 2058 son.
490 2035 524 2071 p.
544 2020 625 2061 248
644 2021 737 2057 Gail.
764 2020 935 2069 legimus:
973 2034 1045 2057 πα-

392 2072 567 2126 ράπλους
606 2075 649 2116 δέ
689 2076 769 2116 ἐστι
803 2097 858 2103 --
897 2073 1046 2126 ἡμέρας

390 2136 553 2183 μακρᾶς.

447 2186 607 2241 ὀργυιοῖς
627 2187 952 2238 ἑπτακισμυρίας,
976 2203 1046 2226 νυ-

390 2243 481 2292 κτός
495 2243 547 2293 δὲ,
569 2243 860 2295 ἑξακισμυρίας]
883 2240 1045 2295 ὄργυιᾶς

390 2314 456 2351 pro
479 2297 660 2353 ἅργυιέας
679 2315 759 2338 cum
779 2306 933 2338 recentt.
958 2301 1042 2337 edd.

391 2358 487 2394 dedi.
519 2358 577 2394 Cf.
597 2358 642 2403 ll,
668 2357 757 2397 149.
797 2357 865 2392 Est
886 2369 971 2393 vero
987 2361 1045 2392 ta-

392 2412 435 2449 lis
452 2413 635 2451 Herodoti
655 2413 890 2462 computatiO,
916 2417 955 2448 ut
973 2425 1043 2448 uno

392 2482 511 2518 coque
534 2471 644 2517 longo
676 2469 736 2506 die
760 2468 860 2505 navis
880 2469 1045 2505 conficiat

390 2525 458 2561 iter
486 2527 636 2571 70,000
676 2525 906 2573 orgyiarum,
938 2528 1044 2561 nocte

391 2585 513 2618 autem
535 2583 686 2627 60‚OOO
704 2581 928 2629 orgyiarum:
950 2593 1044 2629 quae

392 2649 566 2674 summam
589 2639 670 2677 700
693 2641 728 2673 et
747 2639 828 2676 600
849 2637 1043 2673 stadiorum

393 2691 553 2730 efficiunt
592 2706 635 2730 ea
672 2705 715 2730 ex
759 2692 1042 2739 ratiocinatione,

392 2761 500 2797 quam
532 2749 580 2786 ad
615 2748 669 2795 11,
710 2747 787 2789 149
818 2749 1042 2785 tradidimus.

390 2805 509 2849 Quam
526 2805 708 2842 Herodoti
736 2804 910 2842 rationem
936 2803 1042 2852 vulgo

389 2861 629 2912 receptiorem
642 2861 753 2899 fuisse
761 2860 929 2898 observat
937 2859 1043 2898 Wes-

1113 726 1307 776 selingius,
1351 725 1441 762 alios
1472 727 1650 775 quosdam
1683 725 1766 763 hinc

1113 784 1342 821 discedentes
1365 782 1532 819 afferens.
1554 783 1635 819 Vid.
1649 782 1767 820 Ukert

1113 839 1252 889 Geogr.
1275 840 1310 876 d.
1332 839 1398 876 Gr.
1418 851 1452 874 u.
1474 839 1579 875 Rom.
1611 839 1646 885 Ι,
1672 841 1699 878 2
1727 853 1764 889 p.

1114 895 1167 935 56
1188 909 1265 945 seq.
1283 895 1348 935 58.
1378 894 1474 931 Add.
1496 895 1702 932 casaubon,
1716 896 1765 931 ad

1114 951 1235 989 Strab.
1268 951 1281 987 l
1308 965 1342 1001 p.
1366 953 1415 991 61
1450 949 1495 1001 (S.
1521 964 1558 1001 p.
1582 949 1679 1001 35),
1718 951 1765 988 de

1113 1009 1212 1044 vario
1232 1009 1356 1054 modo,
1387 1020 1460 1056 quo
1479 1012 1619 1044 veteres
1639 1011 1674 1044 et
1689 1010 1764 1044 ter-

1113 1065 1240 1100 restria
1253 1068 1287 1100 et
1304 1065 1481 1100 maritima
1495 1064 1622 1100 itinera
1641 1075 1763 1100 emen-

1112 1120 1141 1155 si
1168 1121 1260 1165 sint,
1298 1132 1459 1157 monens.
1518 1120 1571 1156 Ac
1604 1119 1763 1156 locorum

1112 1175 1302 1212 distantias
1321 1176 1465 1212 omnino
1482 1175 1678 1213 secundum
1695 1187 1762 1212 na-

1109 1231 1301 1279 vigationis
1321 1232 1398 1268 dies
1411 1258 1422 1278 ,
1457 1232 1518 1280 qui
1537 1232 1584 1267 ad
1602 1230 1673 1268 tale
1693 1231 1762 1268 iter

1109 1287 1373 1324 conficiendum
1385 1288 1514 1324 insumi
1527 1286 1677 1333 soleant,
1697 1287 1762 1324 de-

1108 1343 1202 1379 finiri
1229 1347 1325 1381 recte
1353 1348 1460 1381 notat
1477 1343 1573 1380 Gail.
1602 1343 1650 1380 ad
1670 1342 1761 1392 Scy-

1107 1398 1172 1439 lac.
1206 1400 1243 1435 in
1268 1400 1424 1448 Geogrr.
1457 1401 1601 1437 minorr.
1634 1399 1758 1449 Ipag.

1108 1457 1189 1496 328
1211 1468 1289 1504 seq.
1340 1456 1448 1493 Unde
1475 1457 1543 1492 iter
1571 1456 1761 1505 ipsamque

1108 1512 1319 1548 distantiam
1349 1513 1407 1548 vix
1435 1512 1632 1548 accuratius
1666 1512 1762 1548 indi-

1107 1568 1178 1603 cari
1197 1580 1305 1617 posse
1323 1567 1439 1616 quivis
1459 1567 1657 1616 intelliget,
1697 1568 1760 1616 qui

1106 1623 1265 1660 locorum
1313 1623 1566 1670 difficultates,
1631 1629 1758 1660 ventos

1106 1680 1224 1727 magis
1244 1679 1435 1728 minusque
1449 1691 1666 1729 prosperos,
1695 1691 1758 1717 ae-

1106 1740 1202 1782 stus,
1232 1737 1382 1783 fluctus,
1416 1736 1534 1782 vada,
1565 1735 1635 1771 alia
1654 1736 1755 1772 navi-

1103 1792 1258 1840 gationis
1313 1792 1571 1841 impedimenta
1589 1820 1600 1837 ,
1669 1792 1757 1840 quin

1103 1849 1200 1897 ipsas
1225 1860 1334 1884 naves
1356 1860 1430 1884 non
1452 1849 1530 1899 pari
1547 1860 1664 1894 cursu,
1689 1848 1755 1885 sed

1102 1904 1232 1953 partim
1260 1903 1418 1940 velocius
1452 1904 1584 1954 partim
1617 1904 1754 1940 tardius

1101 1960 1375 2009 progredientes
1386 1989 1397 2007 ‚
1427 1960 1514 1998 satis
1534 1960 1755 2010 respexerit;

1102 2028 1322 2065 quamquam
1349 2017 1411 2053 ubi
1441 2017 1567 2053 stadiis
1600 2016 1754 2066 spatium

1102 2071 1201 2108 haud
1219 2072 1316 2109 licuit
1335 2077 1500 2111 accurate
1516 2073 1678 2120 definire,
1701 2072 1755 2109 al-

1102 2133 1216 2165 teram
1240 2129 1416 2166 rationem
1436 2130 1631 2166 secundum
1652 2130 1754 2166 navi-

1102 2184 1258 2233 gationis
1303 2186 1400 2232 dies,
1458 2186 1620 2223 latiorem
1657 2184 1751 2221 illam

1101 2241 1247 2289 quidem
1261 2269 1272 2287 ‚
1301 2246 1462 2287 veteres,
1500 2247 1540 2279 ut
1557 2254 1588 2277 v.
1606 2254 1636 2294 c..
1657 2241 1750 2290 Scy-

1100 2297 1211 2334 lacem
1241 2298 1453 2348 praetulisse
1480 2301 1610 2347 sponte
1637 2301 1749 2346 patet.

1102 2354 1207 2395 Quae
1224 2367 1302 2390 cum
1321 2355 1372 2390 ita
1393 2355 1477 2398 sint,
1497 2353 1593 2390 haud
1609 2353 1750 2399 mirum,

1100 2409 1301 2447 huiusmodi
1319 2422 1504 2447 mensuras
1524 2408 1647 2446 laxiori
1668 2421 1751 2446 sen-

1100 2478 1143 2501 su
1174 2466 1271 2516 apud
1300 2465 1484 2513 Scylacem
1521 2465 1750 2514 accipiendas

1101 2534 1206 2567 esse,
1236 2523 1298 2570 qui
1319 2534 1386 2558 nec
1406 2521 1484 2571 ipse
1509 2522 1544 2557 in
1567 2520 1634 2557 illis
1655 2521 1750 2558 indi-

1101 2578 1226 2615 candis
1257 2578 1323 2614 sibi
1359 2582 1529 2614 constans
1558 2578 1749 2627 reperitur,

1100 2637 1270 2671 monente
1293 2634 1387 2670 Gail.
1409 2633 1429 2669 l.
1452 2633 1476 2669 l.
1507 2647 1544 2683 p.
1561 2635 1643 2674 329
1666 2633 1746 2673 coll.

1101 2691 1194 2730 334.
1254 2690 1337 2733 Quo
1364 2691 1480 2726 minus
1498 2690 1711 2727 Mannertus
1731 2691 1747 2727 Ι

1099 2760 1135 2796 p.
1157 2745 1237 2787 214
1255 2747 1536 2794 quingentorum
1550 2747 1748 2784 stadiorum

1098 2814 1301 2840 mensuram
1319 2816 1341 2839 a
1358 2802 1506 2852 Scylace
1520 2815 1665 2853 semper
1681 2803 1747 2840 ob-

1099 2859 1233 2898 servari
1252 2859 1408 2896 debebat
1427 2860 1671 2910 pronuntiare.
1701 2859 1748 2895 Et
