1904 3304
133 363 266 396 iinguam
292 363 408 398 propri-

131 404 178 423 am
197 396 325 430 habeut,
343 405 407 424 car-

131 438 170 456 ne
195 429 325 458 humana
354 439 405 458 ve-

130 469 265 492 ficulnus.

305 502 403 547 107

305 723 404 768 103

467 255 551 296 478

854 255 1316 297 HERODOTI

465 362 589 421 νόμῳ
629 362 776 406 οὐδενὶ
807 360 1055 418 χρεώμενοι.
1111 365 1296 422 νομάδες
1334 367 1380 411 δέ
1423 369 1522 412 εἰσι·
1568 368 1730 424 ἐσθῆτα
1794 378 1877 420 329

465 434 511 477 δὲ
533 433 746 489 φορέουσι
765 437 817 490 τῇ
833 438 1042 492 Σκυθικῇ
1060 434 1216 493 ὁμοίην
1233 453 1241 462 ·
1284 443 1486 494 γλῶσσαν
1518 439 1563 483 δὲ
1594 441 1729 496 ἰδίην·

462 503 896 560 ἀνθρωποφαγέουσι
936 505 982 550 δὲ
1020 509 1180 562 μοῦνοι
1211 509 1394 552 τούτων.
1462 509 1730 566 Μελάγχλαι-

463 591 534 618 νοι
565 575 611 618 δὲ
642 576 794 629 εἵματα
823 577 903 632 μὲν
927 578 1091 632 μέλανα
1121 578 1332 634 φορέουσι
1360 580 1536 633 πάντες,
1567 580 1638 624 ἐπ’
1670 575 1732 624 ὧν

463 644 539 688 καὶ
565 643 643 695 τοὶς
671 645 922 703 ἐπωνυμίας
951 648 1116 704 ἔχουσι·
1165 647 1341 705 νόμοισι
1380 652 1426 694 δὲ
1463 655 1729 696 Σκυθικοῖσι
1741 659 1786 692 55

462 715 682 771 χρέωνται.
743 721 956 763 Βουδῖνοι
986 720 1052 769 δὲ,
1097 720 1228 772 ἔθνος
1267 720 1340 764 ἐὸν
1378 721 1487 777 μέγα
1524 722 1598 765 καὶ
1627 727 1730 766 πολ-

407 863 444 899 in
483 862 637 900 formula
668 862 743 910 IV,
782 862 835 905 94
869 865 931 902 fin.
960 866 1066 903 obvia

406 916 533 966 θεούς
580 920 765 970 νομίζειν.
824 920 876 958 Ac
916 924 1066 973 propius

409 975 477 1012 huc
512 980 678 1026 spectare
718 978 863 1015 videtur
903 979 939 1025 l,
988 978 1067 1020 142

407 1034 590 1084 γλῶσσαν
621 1028 670 1071 ου’
697 1030 770 1083 τήν
797 1029 925 1084 αὐτήν
950 1049 1067 1073 νενο-

408 1089 566 1139 μίκασι,
599 1089 659 1126 ubi
689 1090 760 1127 vid.
791 1094 885 1127 nott.
915 1091 970 1138 ΙΙ,
1001 1090 1067 1132 42.

408 1145 481 1192 IV,
515 1147 605 1186 183.
644 1145 697 1192 V,
729 1148 793 1187 97.
842 1147 901 1184 De
929 1147 1069 1184 Andro-

405 1201 540 1252 pliagz's
560 1202 631 1238 vid.
654 1206 752 1239 nott.
773 1203 822 1239 ad
847 1202 914 1249 1V,
949 1206 1011 1244 18.

465 1257 618 1307 ἐσθῆτα
649 1279 701 1286 -
739 1256 908 1309 ὁμοίην]
956 1259 1070 1297 Plane

406 1314 537 1351 eadem
559 1313 690 1350 locutio
713 1314 741 1360 Ι,
764 1314 856 1355 215.
880 1336 929 1343 —
964 1316 1070 1360 Quae

406 1371 582 1407 continuo
593 1375 794 1419 sequuntur
802 1372 929 1409 verba:
947 1375 1069 1423 γλῶσ-

407 1437 481 1465 σαν
514 1423 556 1465 δὲ
589 1426 699 1477 ἰδίην
730 1441 796 1478 per
826 1442 980 1478 zeugma
1007 1442 1070 1467 ex-

404 1483 576 1533 plicanda
608 1496 712 1530 esse,
742 1485 792 1521 ita
822 1489 861 1522 ut
889 1499 934 1523 ex
963 1490 1068 1524 ante-

405 1540 554 1577 cedenti
576 1538 770 1592 φορέουσι
792 1546 913 1580 mente
932 1543 1069 1580 subau-

406 1596 526 1633 diatur
561 1595 692 1646 ἔχουσι
728 1597 783 1635 vel
818 1598 931 1636 simile
965 1600 1067 1648 quid,

406 1657 493 1702 post
525 1653 741 1701 Wesseling.
770 1655 909 1691 monuit
934 1654 1066 1693 Matth.

407 1706 444 1760 ἓ.
469 1709 551 1750 634
578 1723 664 1759 pag.
691 1712 810 1750 1307.
850 1711 975 1754 Quare
1000 1712 1068 1749 mi-

408 1766 504 1803 nime
540 1778 631 1815 opus
671 1766 739 1803 hoc
777 1767 894 1817 ipsum
935 1767 1067 1817 ἔχουσι

407 1822 521 1859 textui
555 1823 736 1869 inserere,
773 1828 814 1860 ut
847 1824 1067 1873 quibusdam

408 1877 587 1928 placuisse
628 1880 755 1927 video,
796 1880 897 1918 libris
925 1882 1066 1932 scriptis

407 1936 707 1984 repugnantibus.

465 1986 860 2044 ἅνθρωποφαγὲουσι
871 1990 911 2032 δὲ
924 1995 1069 2043 μοῦνοι

406 2042 584 2097 τούτων]
621 2048 728 2087 Haec
756 2049 866 2086 verba
891 2050 990 2100 prius
1018 2051 1066 2087 ad

406 2116 485 2153 seq.
514 2117 592 2155 cap.
617 2106 853 2143 trahebantur
876 2111 961 2156 post
982 2119 1066 2144 ver-

404 2160 452 2197 ba
471 2159 700 2211 ἐπωνυμίας
724 2160 877 2212 ἕχουσι,
908 2176 980 2211 quo
1004 2176 1067 2200 eo-

405 2217 488 2255 dem
513 2218 635 2255 retulit
657 2218 823 2256 Eustath.
846 2219 893 2256 ad
913 2219 1065 2268 Dionys.

404 2273 549 2322 Perieg.
579 2287 631 2311 vs.
653 2277 746 2315 309.
786 2275 976 2313 Meliorem
1007 2290 1066 2313 or-

404 2330 527 2366 dinem
549 2332 706 2368 restituit
718 2332 837 2377 Reiz.,
857 2346 965 2382 quem
984 2346 1065 2370 cum

403 2390 556 2423 recentt.
584 2387 669 2425 edd.
693 2400 815 2425 sumus
838 2390 962 2426 secuti.
993 2388 1066 2425 Pro

405 2436 799 2495 ἅνθρωποφαγέουσι
826 2449 947 2482 exstat
969 2458 1067 2494 quo-

405 2511 478 2547 que
496 2494 826 2551 ἀνδροφαγέουσι.
855 2500 965 2551 Apud
979 2502 1064 2539 Mel.

405 2555 461 2601 ΙΙ,
515 2558 561 2602 1,
614 2558 693 2597 120
741 2561 825 2594 sunt
867 2558 1065 2608 Anthropo-

400 2612 544 2661 phagz',·
581 2614 680 2661 quod
712 2626 845 2651 nomen
873 2616 970 2653 unde
998 2617 1065 2652 du-

405 2673 503 2705 ctum
530 2669 599 2715 sit,
637 2670 816 2707 neminem
849 2672 953 2719 sugit.
998 2671 1065 2708 At-

405 2738 476 2774 que
507 2729 662 2762 testatur
685 2727 820 2763 Strabo
840 2727 905 2764 Vll
926 2741 961 2777 p.
981 2730 1064 2770 302

405 2781 449 2818 C.
470 2795 507 2832 p.
530 2780 611 2822 463
633 2782 678 2819 B.
708 2783 925 2832 Scytharum
953 2798 1066 2833 quos—

406 2838 491 2875 dam
510 2839 604 2876 adeo
625 2851 706 2877 esse
725 2840 920 2886 immanes,
950 2846 989 2877 ut
1009 2841 1063 2879 vei

406 2894 563 2933 humana
578 2902 810 2934 vescerentur
824 2909 945 2936 carne.
975 2897 1063 2935 Inde

1124 865 1192 902 hoc
1205 877 1335 903 nomen
1347 866 1466 914 gentis
1478 866 1662 916 proprium
1674 867 1692 903 s
1690 867 1786 904 uisse

1123 927 1236 970 negat
1256 923 1416 960 Heeren.
1441 923 1552 961 ldeen
1577 922 1611 969 1,
1643 926 1668 964 2
1697 936 1784 972 pag.

1125 982 1205 1020 277
1220 1008 1231 1025 ‚
1262 979 1326 1015 sed
1353 992 1373 1015 a
1394 979 1544 1016 Graecis
1565 980 1704 1016 famoso
1727 979 1786 1015 illo

1125 1048 1168 1072 ex
1182 1048 1282 1072 more
1294 1035 1470 1081 inditum3
1492 1036 1682 1086 ipsamque
1695 1048 1786 1084 gen-

1124 1095 1199 1128 tem
1245 1092 1294 1128 ad
1336 1091 1535 1128 Bastarnos
1574 1092 1786 1141 antiquissi-

1125 1160 1295 1196 mamque
1331 1147 1597 1185 Germanorum
1633 1149 1785 1198 stirpem

1125 1204 1251 1241 referri
1276 1216 1383 1253 posse
1412 1205 1613 1242 contendit.
1652 1203 1786 1253 Neque

1125 1272 1212 1296 vero
1225 1260 1290 1296 viri
1304 1260 1402 1296 docti
1416 1261 1602 1297 cuiusdam
1615 1260 1789 1309 probabi-

1127 1315 1168 1352 lis
1187 1316 1330 1353 videtur
1353 1316 1476 1366 opinio
1497 1317 1596 1367 apud
1615 1316 1787 1365 Schwgh.

1127 1371 1399 1422 Androphagos
1448 1374 1569 1410 crudis
1611 1385 1787 1422 equorum

1126 1429 1293 1466 carnibus
1324 1429 1436 1467 vitam
1463 1433 1689 1467 sustentasse
1722 1430 1788 1466 mi-

1125 1486 1221 1522 niine
1240 1485 1396 1522 humana
1413 1498 1542 1533 carne3
1582 1499 1662 1523 cum
1680 1499 1702 1523 a
1720 1485 1785 1523 tali

1125 1541 1338 1579 crudelitate
1394 1543 1637 1586 abhorreant,
1691 1555 1786 1592 quae

1125 1598 1198 1644 lv,
1233 1599 1310 1637 119
1341 1599 1544 1638 tradantur.
1592 1599 1786 1649 Pomponii

1124 1654 1244 1691 Melae
1271 1652 1608 1704 Anthropophagos
1640 1656 1675 1691 in
1706 1655 1784 1704 agri

1124 1710 1409 1748 Smolenscensis
1422 1717 1457 1748 et
1468 1711 1696 1761 Vitepcensis
1709 1715 1784 1748 tra·

1123 1768 1238 1804 ctibus
1261 1767 1379 1816 egisse
1406 1768 1628 1805 existimarat
1651 1768 1783 1817 Bayer.

1125 1824 1283 1874 Opuscc.
1307 1837 1391 1874 pag.
1414 1827 1479 1865 90.

1328 1881 1437 1930 Cap.
1468 1880 1579 1917 CVII.

1182 1931 1493 1987 Μελάγχλαινοι]
1519 1936 1577 1974 De
1591 1936 1659 1974 hac
1673 1941 1785 1986 gente

1124 1994 1197 2029 vid.
1226 1997 1320 2030 nott.
1348 1993 1395 2029 ad
1423 1993 1497 2038 lV,
1530 1996 1595 2034 20.
1633 1993 1785 2030 Bastar-

1124 2051 1178 2086 nis
1199 2050 1382 2087 accenseri
1401 2049 1527 2087 volunt
1544 2050 1729 2088 Gatterer.
1749 2054 1785 2087 et

1122 2106 1281 2144 Heeren.
1316 2106 1336 2142 Ι.
1363 2106 1386 2143 l.
1429 2106 1487 2144 Ad
1510 2119 1642 2144 nomen
1663 2106 1784 2156 gentis

1122 2163 1281 2213 pertinet
1311 2162 1410 2200 Mela
1439 2163 1491 2210 ΙΙ,
1535 2166 1556 2204 1
1602 2161 1642 2214 §.
1679 2165 1782 2204 107:

1122 2219 1434 2266 „Melanchlaenis
1455 2224 1534 2256 atra
1551 2220 1662 2257 vestis
1683 2223 1720 2257 et
1740 2231 1783 2255 ex

1124 2289 1166 2314 ea
1197 2278 1371 2313 nomen.“
1409 2276 1488 2313 coll.
1516 2276 1553 2321 Ι,
1587 2277 1657 2323 19,
1691 2276 1781 2316 105.

1123 2332 1175 2369 Ac
1203 2334 1387 2370 referente
1408 2332 1562 2370 Reunei.
1592 2344 1675 2381 pag.
1699 2330 1782 2372 415

1124 2388 1360 2426 Tamerlanes
1406 2390 1443 2425 in
1483 2389 1635 2425 Caucasi
1669 2389 1781 2425 Indici

1124 2446 1305 2482 montibus
1328 2445 1457 2482 tribum
1477 2444 1662 2494 quandam
1681 2445 1782 2482 inve—

1123 2503 1196 2548 nit,
1226 2515 1334 2551 quam
1361 2502 1541 2538 vocabant
1561 2500 1781 2551 Sz'aposhian

1123 2559 1145 2595 i.
1185 2571 1219 2595 e.
1258 2560 1368 2605 nigra
1406 2561 1496 2594 veste
1523 2557 1698 2597 indutam,
1724 2579 1780 2585 -

1122 2616 1194 2652 Pro
1222 2609 1289 2652 ἐπ’
1315 2607 1370 2652 ὧν
1395 2615 1455 2651 alii
1474 2615 1581 2651 codd.
1604 2609 1678 2652 ἀπ’
1701 2607 1779 2663 ὦν,-

1121 2672 1168 2709 de
1186 2683 1258 2720 quo
1275 2671 1346 2707 vid.
1366 2676 1457 2707 nott.
1480 2672 1528 2707 ad
1546 2670 1595 2707 lV
1608 2702 1618 2719 ‚
1649 2669 1714 2712 45.

1313 2727 1421 2778 Cap.
1450 2727 1579 2764 CVIII.

1178 2783 1366 2821 Βουδῖνοι
1389 2781 1431 2822 δὲ
1461 2807 1511 2811 -
1543 2779 1716 2835 γλαυκόν
1739 2797 1779 2822 τε

1120 2842 1201 2878 πᾶν
1225 2839 1395 2889 ἰσχυραῖς
1413 2839 1493 2879 ἐστὶ
1513 2839 1580 2879 καὶ
1599 2834 1776 2892 πυῤῥὸν]

1119 2897 1177 2934 De
1197 2895 1356 2934 Budc'nz's
1377 2898 1530 2935 diximus
1550 2898 1598 2935 ad
1619 2896 1684 2945 IV,
1711 2898 1777 2938 21.

1900 1198 1902 1287 i

1898 1300 1904 1382 4
