1904 3304
624 250 973 293 THALIA.

1032 251 1095 292 ΙΙΙ.
1413 252 1496 292 137

217 363 356 422 ἐφάνη
395 361 559 421 ἰρήκων
596 361 706 406 ἑπτὰ
744 361 916 418 ζεύγεα,
965 360 1049 405 δύο
1090 360 1308 416 αἰγυπιῶν
1343 357 1494 415 ζεύγεα

189 435 439 481 ὄδιώκοντά
477 451 522 479 τε
554 434 627 478 καὶ
656 436 858 478 τίλλοντα
886 433 962 477 καὶ
1002 431 1269 487 ἀμύσσοντα.

218 509 264 553 δὲ
302 512 439 551 ταῦτα
477 509 520 550 οἱ
556 505 685 558 ἑπτα,
725 505 805 562 τήν
842 521 886 548 τε
915 505 1111 558 Δαρείου
1149 503 1308 554 πάντες
1345 504 1496 546 αἴνεον

215 579 415 636 γνώμην,
445 578 518 622 καὶ
549 578 692 621 ἔπειτα
722 577 854 634 ἤϊσαν
883 576 953 620 ἐπὶ
981 574 1033 619 τὰ
1062 573 1291 632 βασιλήϊα,
1334 579 1497 628 τεθαρ-

96 656 162 702 '77
221 650 398 708 σηκότες
426 655 539 693 τοῖσι
569 649 726 704 ὄρνισι.
782 645 1003 690 Ἐπιστᾶσι
1044 647 1090 690 δὲ
1127 645 1197 689 ἐπὶ
1234 643 1314 696 τοὶς
1354 646 1496 696 πύλας

215 722 380 779 ἐγίνετο
413 718 510 765 οἷόν
539 737 580 764 τι
608 720 783 775 Δαρείῳ
822 716 849 774 ἦ
890 717 1040 774 γνώμη
1071 717 1219 772 ἔφερε·
1278 715 1497 760 καταιδεό-

217 811 341 851 μενοι
379 793 463 850 γοὶρ
496 794 539 837 οἷ
582 791 774 848 φύλακοι
804 789 968 846 ἄνδρας
1005 789 1111 840 τούς
1138 788 1345 842 Περσέων
1375 786 1540 843 πρῶ-55

219 882 345 917 τους,
395 865 468 909 καὶ
509 863 640 907 οὐδὲν
678 866 883 905 τοιοῦτον
919 859 1241 911 ὑποπτεύοντες
1272 861 1313 911 ἐξ
1348 858 1495 903 αὐτῶν

219 937 416 988 ἔσεσθαι,
458 936 692 988 παρίεσαν,
732 935 833 991 θείῃ
863 937 1015 990 πομπῇ
1043 931 1335 988 χρεωμένους·
1394 929 1495 975 οὐδ’

192 1008 435 1065 Ξέπειρώτα
468 1005 626 1058 οὐδείς.
683 1005 773 1049 ἐπεί
811 1021 856 1049 τε
898 1005 943 1049 δὲ
972 1007 1205 1060 παρῆλθον
1234 1002 1277 1054 ἐς
1306 1001 1386 1059 τήν
1416 1000 1495 1045 αὐ-

163 1204 222 1238 cat
258 1202 420 1252 γυπῶν,
463 1202 500 1237 et
531 1192 726 1249 εἷμύσσειν
760 1209 827 1247 per

163 1254 377 1306 ταράσσειν
422 1255 499 1306 (sc.
543 1250 827 1304 σπαράσσειν),

165 1312 320 1360 ἕλκοῦν,
352 1311 462 1360 ξέειν.
522 1311 603 1349 Nec
624 1311 727 1348 aliter
751 1310 828 1346 He-

167 1370 309 1418 sychius
335 1383 362 1406 s.
384 1382 417 1406 v.
457 1369 567 1405 Conf.
596 1367 734 1404 Herod.
763 1366 827 1412 ΙΙΙ,

168 1428 259 1466 108.
293 1426 350 1464 De
370 1426 448 1476 ipso
477 1425 629 1472 augurio
658 1424 747 1461 haec
767 1427 825 1460 te-

166 1483 244 1520 neri
275 1483 398 1519 velim:
440 1481 598 1530 aquilam
642 1485 677 1517 et
710 1479 827 1516 vultu-

166 1552 241 1576 rem
263 1544 298 1577 et
317 1539 521 1589 accipitrem
541 1538 636 1574 inter
654 1537 829 1573 Oromas-

167 1597 222 1633 dis
245 1595 411 1633 animalia
436 1607 545 1644 quam
567 1594 721 1630 maxime
744 1605 828 1630 cen-

168 1653 237 1690 seri
259 1653 452 1702 ipsumque
470 1664 604 1688 numen
622 1650 757 1686 bonum
786 1649 828 1685 iis

168 1710 442 1759 quodammodo
455 1707 731 1758 repraesentari.
748 1705 830 1743 Un-

168 1767 216 1803 de
240 1768 388 1812 factum,
418 1770 458 1801 ut
486 1764 606 1813 aquila
630 1776 696 1813 pro
728 1763 830 1811 regia.

166 1821 359 1860 haberetur
384 1835 472 1867 ave,
494 1821 691 1870 regiaeque
709 1820 830 1868 digni-

167 1880 253 1915 tatis
285 1879 432 1915 omnino
467 1883 566 1914 esset
603 1878 743 1925 signum
789 1888 831 1913 ac

170 1935 384 1982 symbolum.
450 1934 501 1970 Et
548 1934 694 1970 omnino
732 1932 831 1983 apud

173 1990 366 2027 orientales
393 1990 557 2027 homines
593 1989 733 2026 vulture
766 1989 832 2025 ad-

171 2047 306 2083 volanti
344 2047 481 2094 regiam
520 2046 734 2094 (lignitatem
776 2043 833 2082 vel

172 2103 286 2140 simile
308 2104 396 2151 quid
421 2103 604 2153 portendi,
636 2101 833 2138 luculenter

173 2161 339 2210 exposuit
370 2159 395 2195 Ι.
419 2162 465 2196 de
488 2159 673 2195 Hammer.
694 2158 834 2194 Hister.

173 2217 325 2253 Osman.
348 2216 361 2252 Ι
384 2229 467 2265 pag.
490 2216 542 2256 50
561 2227 664 2263 seqq.
687 2214 834 2260 adAPer-

173 2285 231 2309 sas
252 2265 392 2310 veteres
413 2272 513 2321 quod
536 2272 677 2317 attinet,
707 2275 835 2307 auctor

172 2334 227 2366 est
251 2329 534 2378 Olympiodorus
549 2328 773 2365 Commentt.
796 2327 833 2363 in

173 2386 316 2422 Platon.
337 2384 482 2422 Alcib.1
501 2385 602 2434 adp.
629 2386 703 2423 121
726 2384 772 2421 D.
796 2396 832 2432 p.

176 2443 267 2483 153.
290 2440 368 2482 154
400 2442 581 2479 eunuchos
610 2441 718 2488 regiis
740 2440 833 2485 filiis,

175 2511 265 2547 quos
286 2499 495 2544 educarent,
524 2498 724 2535 venustatis
750 2509 834 2534 cau-

177 2566 215 2590 sa
234 2567 360 2591 nasum
382 2555 432 2591 ita
454 2556 643 2599 formasse,
672 2558 713 2590 ut
731 2553 833 2602 aqui-

176 2609 232 2646 lae
253 2623 380 2647 nasum
399 2612 596 2656 referrent3
616 2611 651 2646 in
665 2623 737 2659 quo
752 2610 832 2659 ipso

177 2665 311 2713 Cyrum
342 2679 380 2703 se
409 2667 537 2703 imitari
572 2667 717 2704 dixisse.
773 2665 835 2702 Tu

177 2722 251 2757 vid.
275 2721 443 2769 Hydeum
462 2724 509 2760 de
530 2728 601 2761 vet.
622 2723 724 2772 relig.
745 2722 835 2760 Per-

180 2790 267 2814 sarr.
293 2790 378 2826 pag.
401 2778 482 2817 374
503 2792 580 2828 seq.
607 2792 629 2816 a
652 2780 720 2816 Cr.
750 2779 836 2815 lau-

180 2834 327 2879 datum,
376 2834 566 2884 ipsumque
597 2836 769 2873 Creuzer.
800 2836 836 2872 in

180 2889 343 2940 Symbol.
360 2889 376 2927 l
403 2903 441 2941 p.
458 2892 540 2932 723
561 2896 597 2930 et
617 2892 665 2929 ad
690 2892 836 2943 Olymp.

883 1195 904 1233 l.
927 1195 948 1232 l.
979 1194 1076 1233 Add.
1100 1194 1283 1232 Plutarch.
1303 1192 1336 1230 ΙΙ
1355 1206 1390 1243 p.
1411 1193 1489 1232 821
1505 1190 1550 1229 E.

884 1266 920 1303 p-
946 1255 1029 1293 292
1060 1252 1252 1301 W'yttenb.
1310 1250 1351 1286 In
1379 1249 1451 1286 fine
1472 1261 1551 1298 cap.

886 1322 966 1346 cum
983 1315 1135 1346 recentt.
1157 1309 1242 1346 edd.
1257 1306 1385 1356 scripsi
1409 1309 1552 1354 τεθαρ-

888 1361 1046 1415 σηκότες
1075 1378 1143 1415 pro
1178 1364 1274 1413 vulg.
1305 1357 1554 1413 τεθαρῤηκό-

883 1438 963 1468 τας.
1014 1421 1164 1458 Confer.
1193 1421 1351 1469 Gregor.
1387 1420 1473 1456 Cor.
1505 1419 1552 1455 de

885 1478 968 1515 dial.
1000 1477 1113 1515 Attic.
1151 1475 1186 1528 ἓ.
1219 1479 1272 1518 82
1302 1477 1387 1526 ibiq.
1428 1475 1552 1513 Koen.

884 1548 970 1587 pag.
999 1533 1078 1576 153
1100 1548 1177 1583 seq.

1057 1591 1163 1641 Cap.
1194 1588 1382 1627 LXXVH.

946 1643 1031 1687 οἷόν
1063 1662 1100 1686 τι
1143 1647 1302 1697 Δαρείῳ
1342 1643 1371 1695 ἦ
1408 1639 1551 1697 γνώμη

889 1703 1025 1755 ἔφερε]
1065 1705 1089 1742 i.
1120 1717 1150 1742 e.
1184 1704 1318 1740 accidit
1346 1703 1419 1739 tale
1451 1703 1551 1751 quid,

889 1762 992 1812 quale
1010 1761 1300 1798 Darz'isenteutia
1316 1760 1552 1796 indicaverat.

888 1819 997 1855 Conf.
1028 1818 1074 1855 de
1098 1817 1279 1855 locutione
1305 1817 1351 1864 V,
1375 1817 1465 1857 118.
1488 1816 1552 1864 VI,

891 1879 982 1916 110.
1004 1875 1103 1922 ΥΙΙΙ,
1135 1877 1227 1915 100.

945 1932 1039 1984 θείῃ
1053 1934 1196 1985 πομπῇ
1207 1927 1468 1981 χρεωμένους]
1489 1929 1512 1965 i.
1523 1942 1556 1966 e.

888 1988 1000 2026 veluti
1019 1988 1192 2025 diuinitus
1212 1989 1345 2033 missos,
1365 1987 1484 2023 divino
1499 1987 1555 2022 in-

888 2047 1021 2082 stinctu
1054 2048 1158 2094 atque
1188 2043 1353 2093 impulsu.
1401 2042 1554 2080 lVessel.

890 2102 1030 2139 confert
1058 2102 1198 2138 Herod.
1222 2101 1251 2146 l,
1278 2102 1342 2140 62.
1373 2099 1437 2145 IV,
1462 2101 1555 2139 152.

889 2156 1060 2205 Aeschyl.
1097 2158 1288 2206 Agamem.
1331 2156 1413 2196 757
1458 2153 1554 2202 [725

889 2213 1053 2262 Blomf.].
1083 2213 1181 2251 Add.
1203 2212 1385 2250 Plutarch.
1405 2211 1439 2247 ΙΙ
1468 2224 1556 2262 pag.

890 2273 972 2313 323
993 2270 1035 2306 F.

949 2326 1034 2366 ἐπεί
1054 2341 1093 2366 τε
1115 2322 1157 2365 δὲ
1179 2325 1408 2377 παρῆλθον]
1435 2325 1558 2361 Vocu-

890 2383 962 2421 lam
986 2382 1053 2421 καὶ
1074 2387 1161 2434 post
1180 2380 1222 2421 δὲ
1249 2382 1359 2431 vulgo
1383 2382 1556 2419 insertam

891 2454 970 2477 cum
993 2440 1198 2488 Schweigh.
1227 2443 1265 2476 et
1286 2439 1403 2476 Gaisf.
1425 2439 1554 2475 abieci.

890 2497 1060 2534 Retinuit
1084 2496 1278 2533 Matthiae.
1306 2517 1362 2523 ——
1394 2494 1454 2531 Ad
1476 2507 1557 2531 ver-

891 2554 940 2590 ba
957 2557 1059 2592 τοῖσι
1077 2550 1147 2599 τοὶς
1170 2549 1350 2604 ἀγγελίας
1366 2549 1556 2601 ἐσφέρου-

893 2622 931 2648 σι
953 2611 1048 2647 conf.
1071 2611 1101 2655 Ι,
1132 2610 1212 2650 114
1240 2610 1364 2657 ibique
1394 2612 1490 2645 nott.
1519 2611 1556 2644 et

891 2667 941 2703 ad
991 2667 1212 2703 locutionem
1255 2661 1380 2703 αὐτοῦ
1432 2659 1554 2717 ταύτῃ

893 2723 987 2760 conf.
1010 2723 1046 2769 Ι,
1071 2725 1162 2763 189.
1223 2721 1280 2759 Ad
1300 2725 1556 2770 argumentum

895 2792 1053 2829 compar.
1066 2779 1216 2816 Ctesiae
1233 2778 1419 2828 Excerptt.
1434 2777 1555 2814 Perss.

893 2835 931 2887 ᾗ.
956 2835 1026 2881 143
1045 2848 1118 2884 quo
1139 2839 1288 2872 auctore
1304 2833 1479 2871 coniurati
1498 2844 1556 2869 se-

893 2897 995 2943 ptem
1022 2904 1044 2929 a
1064 2891 1260 2943 Bagapata
1293 2890 1461 2936 conscio,
1491 2887 1555 2937 qui

1327 430 1495 482 ἰδόντες
1509 439 1554 473 50

1553 643 1587 670 In
1602 642 1702 671 aulam
1721 643 1831 670 admis-

1552 679 1597 711 εἰ,
1625 678 1831 706 eunuchorum

1553 711 1759 738 obsistentium

1554 749 1658 778 strage
1677 744 1774 779 facta,
1800 744 1831 772 in

1555 779 1696 806 conclave
1751 778 1830 806 irru-

1554 816 1617 841 unt.
