1904 3304
582 216 926 256 THALIA.

176 341 281 373 σωσι
309 328 382 372 καὶ
409 325 600 379 κόψωσι,
650 326 699 370 τό
732 327 936 371 ἐνθεῦτεν
965 330 1145 383 φορμοῦ
1176 327 1343 381 τρόπον
1374 345 1448 372 κα-
1505 367 1533 386 v·

55 405 121 451 99
175 399 476 452 ταπλέξαντες,
507 398 566 449 ὠς
595 399 777 455 θώρηκα
806 398 1070 444 ἐνδυνέουσι.
1116 399 1266 443 ’Ἄλλοι
1287 399 1332 442 δὲ
1361 403 1451 442 τῶν

173 470 319 515 Ἰνδῶν
357 470 468 525 πρός
508 469 575 528 ἠῶ
618 471 836 523 οἰκέοντες
873 470 1062 524 τούτων,
1120 470 1311 526 νομάδες
1347 471 1442 522 εἰσὶ,

172 545 315 597 κρεῶν
378 541 545 586 ἐδεσταὶ
613 541 763 598 ὠμῶν·

116 711 282 750 contalae
312 712 470 750 carmine
496 711 622 747 Iudico
650 716 779 762 patet3

115 783 210 818 quae
229 770 359 807 eadem
381 769 448 805 sub
469 768 545 805 sole
566 768 699 805 siccare
719 781 780 804 so-

114 825 250 873 lebant,
268 826 474 862 humiditati
497 830 536 861 ut
557 824 778 861 resisterent.

116 881 267 930 [‚,Conf.
281 883 490 920 Philostrat.
511 882 557 917 de
570 881 654 917 Vita
668 880 778 931 Apol-

114 938 201 975 lonii
226 939 295 985 111,
322 942 385 980 16.
414 937 538 975 Liber.
568 936 689 985 legum
713 950 778 974 au-

114 1000 213 1033 ctore
230 995 343 1032 Menu
367 1008 393 1031 s.
416 994 530 1030 Manu
555 1007 633 1043 cap.
655 994 701 1030 Vl
722 1007 775 1031 vs.

113 1055 151 1093 6.
204 1053 362 1089 Carmen
396 1051 559 1087 Indicum
590 1051 776 1099 Ramaya-

112 1121 160 1145 na
178 1108 237 1145 lib.
253 1109 267 1145 Ι
288 1108 438 1159 Stroph.
453 1109 508 1148 30
530 1112 565 1144 et
582 1108 775 1157 Kosegar-

113 1165 186 1202 teni
208 1165 342 1202 Annot.
366 1166 403 1201 in
428 1165 584 1201 version.
612 1177 773 1214 german.

112 1221 256 1259 fabulae
289 1222 451 1258 scenicae
481 1220 599 1258 Nalae
633 1221 774 1268 (Nali)

111 1291 196 1327 pug-
218 1279 299 1319 288
323 1280 406 1326 sq.“
441 1275 523 1326 Cn]
575 1278 650 1314 Sed
676 1279 773 1327 apud

112 1335 273 1371 Ctesiam
291 1333 311 1370 l.
324 1333 345 1370 l.
368 1329 506 1380 ξύλινα
525 1330 658 1383 ἱμάτια
676 1334 773 1370 haud

111 1390 186 1426 scio
223 1403 269 1427 an
315 1390 491 1427 eiusmodi
536 1390 772 1439 intelligenda

112 1447 184 1483 sint
201 1447 430 1493 vestimenta,
445 1446 564 1495 qualia
581 1460 692 1497 supra
710 1447 773 1493 ΙΙΙ,

110 1502 165 1542 47
194 1503 408 1540 Herodotus
425 1503 646 1541 indicaverat
671 1503 773 1555 εἴρια

110 1554 191 1597 dno*
217 1555 355 1606 ξύλου,
387 1559 409 1596 i.
438 1572 470 1596 e.
504 1572 546 1596 ex
578 1563 713 1597 cotoneo
742 1573 770 1598 s,

108 1618 270 1665 gossypio
306 1615 560 1666 (Baumwolle)
594 1619 769 1654 confecta.

108 1671 190 1709 vid.
215 1676 306 1710 nott.
329 1674 376 1709 ad
397 1674 496 1710 Ctes.
520 1686 605 1724 pag.
629 1675 710 1714 326
734 1678 770 1711 et

107 1728 156 1765 ad
175 1729 318 1766 Herod.
341 1729 404 1776 ΙΙΙ,
426 1728 490 1768 47.

164 1788 326 1836 φορμοῦ
342 1783 491 1836 τρόπον
505 1784 770 1833 καταπλέξαν-

105 1840 190 1890 τες]
219 1843 242 1878 ἰ.
265 1855 296 1879 e.
328 1843 438 1878 corbis
464 1842 513 1879 acl
546 1844 662 1879 instar
686 1856 769 1892 per-

107 1901 272 1934 ferente&
349 1898 587 1936 Locutionem
620 1900 768 1949 repetiit

106 1954 263 1991 Pausan.
281 1954 377 1998 wll,
396 1957 448 1994 22
468 1953 503 2005 ἓ.
518 1954 556 2002 4,
586 1956 646 1992 ubi
671 1958 766 1993 conf.

107 2010 272 2047 Siebelis.
293 2010 425 2047 Glossa
435 2012 646 2049 Herodotea
667 2013 714 2048 ad
732 2013 768 2049 h.

106 2065 128 2102 l.
150 2061 321 2117 φορμός·
343 2066 494 2119 πλέγμα
517 2066 570 2114 ὥς
582 2064 765 2116 κόφινος.

104 2143 161 2149 —-
181 2123 238 2159 Ad
258 2124 411 2160 formam
429 2123 765 2163 §vffvve'ovocconfi

104 2178 236 2216 Matth.
259 2180 325 2217 Gr.
350 2181 415 2217 Gr.
435 2194 520 2231 pag.
541 2180 633 2222 448.
685 2228 687 2230 Ι

302 2270 410 2321 Cap.
434 2271 568 2309 XCIX.

159 2347 366 2388 καλέονται
399 2347 441 2388 δὲ
475 2349 673 2401 Παδαῖοι]
705 2351 763 2389 De

101 2404 258 2443 Padaeis
281 2407 503 2457 interpretes
526 2407 677 2444 landant
699 2407 766 2445 Ti·

103 2461 188 2498 buli.
211 2463 272 2510 lV,
294 2466 329 2502 1.
351 2462 452 2509 144,
483 2468 519 2500 et
548 2464 667 2501 Nicol.
688 2464 764 2502 Da-

104 2530 258 2555 mascen.
287 2532 345 2570 ap.
377 2521 484 2557 Stob.
518 2534 554 2570 p.
577 2521 675 2567 105,
696 2523 761 2561 31.

102 2572 134 2608 E
154 2573 327 2622 Reliquiis
346 2577 482 2614 Histor.
502 2578 656 2615 univers.
677 2590 760 2628 pag.

106 2628 185 2669 144
214 2632 268 2668 ed.
306 2633 417 2669 Orelli
453 2636 497 2671 cf.
534 2635 691 2671 eundem
723 2635 759 2670 in

102 2685 352 2734 Supplement.
385 2689 534 2727 Notarr.
571 2691 607 2728 in
641 2690 757 2728 Nicol.

103 2740 273 2779 Damaso.
296 2756 382 2793 pag.
402 2748 454 2785 70
473 2759 525 2795 sq.
554 2747 757 2785 Larcherus

100 2810 180 2834 cum
204 2798 357 2837 Rennel.
380 2800 401 2836 l.
421 2801 444 2838 Ι,
469 2816 552 2852 pag.
572 2804 652 2844 519
681 2803 755 2840 Ρα-

100 2854 203 2891 ‹laeos
227 2860 265 2893 et
286 2857 490 2906 Gangarz'os
508 2872 575 2910 pro
600 2873 673 2898 una
693 2873 756 2898 ea-

986 218 1049 260 111.
1367 221 1449 260 183

846 543 1075 587 καλέονται
1132 543 1178 585 δὲ
1240 544 1445 586 Παδαῖοι.

837 711 995 761 demque
1013 715 1123 760 gente
1142 711 1264 758 habet,
1283 724 1379 761 quae.
1399 716 1502 749 utra-

836 781 907 817 que
940 781 961 804 a
991 769 1125 816 Gange
1149 769 1278 815 fluvio,
1310 769 1370 817 qui
1402 770 1500 806 idcm

837 824 965 861 Padus
985 838 1012 861 s.
1035 824 1171 860 Pmlda
1198 825 1233 861 in
1264 826 1501 863 sanseridana

834 881 958 930 lingua
982 881 1205 931 appessetm,
1236 894 1369 919 nomen
1396 895 1501 919 acce-

834 939 950 988 perit3
969 937 1018 974 ita
1038 943 1076 974 ut
1093 938 1321 975 l'adaeorum
1339 951 1430 987 gens
1451 939 1499 975 ad

835 996 1005 1044 Gangem
1029 993 1180 1043 eiusque
1206 995 1302 1031 ostia
1332 997 1377 1031 sit
1408 995 1499 1032 rele-

834 1052 969 1101 ganda.
1002 1052 1140 1088 Contra
1168 1051 1203 1087 in
1225 1051 1413 1087 montibus
1440 1064 1500 1088 se-

832 1107 1137 1159 ptentrionalibus
1159 1107 1252 1145 hanc
1274 1111 1423 1156 gentem
1445 1109 1500 1146 se-

833 1178 909 1202 ram
923 1164 1090 1202 Tartaris
1104 1165 1365 1201 conterminam
1385 1178 1500 1214 quae-

831 1223 983 1259 rendam
996 1234 1075 1258 esse
1086 1226 1209 1258 censet
1218 1220 1386 1258 Vincent.
1397 1222 1497 1271 apud

831 1277 988 1316 Rennel.
1008 1277 1028 1314 l.
1051 1277 1073 1313 l.
1099 1290 1185 1327 pag.
1208 1280 1301 1318 720.
1334 1278 1495 1315 Heeren.

830 1334 942 1372 ldeen
964 1334 991 1381 Ι,
1021 1337 1039 1373 1
1075 1347 1160 1383 pag.
1185 1332 1278 1373 364.
1320 1333 1497 1382 Paclaeos,

831 1392 894 1441 qui
912 1392 958 1428 ab
980 1391 1120 1428 oriente
1141 1391 1309 1427 ludorum
1327 1391 1495 1439 ichthyo-

829 1448 1031 1497 phagorum
1040 1476 1050 1493 ‚
1070 1460 1097 1483 s.
1109 1448 1154 1484 ab
1168 1448 1306 1485 oriente
1318 1447 1493 1484 ostiorum

830 1504 910 1541 Iudi
940 1505 1038 1541 fluvii
1070 1504 1176 1541 sedes
1205 1503 1418 1551 habuerint,
1456 1504 1495 1541 in

830 1565 929 1597 terra
968 1560 1094 1597 statuit
1133 1559 1366 1597 collocandos
1399 1572 1494 1607 esse,

827 1630 922 1666 quae
942 1630 1037 1654 nunc
1057 1621 1205 1653 vocatur
1227 1616 1403 1664 Guzeret,
1434 1617 1495 1653 ubi

825 1675 954 1711 fluvius
978 1673 1154 1720 Ραᾱάαΐ,
1185 1673 1232 1710 ad
1263 1674 1364 1711 cuius
1392 1673 1490 1724 ripas

825 1743 916 1779 gens
957 1730 1084 1781 palaris
1124 1742 1259 1767 nomen
1301 1730 1490 1768 invenerit.

825 1787 906 1824 Nec
918 1787 1029 1836 longe
1048 1787 1131 1824 hinc
1150 1787 1282 1824 abesse
1298 1790 1405 1824 notat
1423 1787 1489 1824 de-

826 1849 922 1880 serta
942 1844 1061 1894 ampia
1087 1843 1270 1891 sabulosa,
1299 1856 1416 1893 usque
1440 1843 1489 1880 ad

823 1905 956 1937 terram
977 1900 1120 1937 Multan
1141 1906 1327 1950 porrecta,
1350 1901 1387 1936 in
1407 1900 1490 1949 qui-

824 1957 891 1993 bus
917 1961 954 1994 et
973 1958 1125 2006 antiquo
1144 1961 1182 1993 et
1203 1957 1403 1994 recentiore
1423 1969 1488 1993 ae-

824 2026 869 2049 vo
883 2018 1011 2061 gentes
1021 2013 1175 2049 maxime
1194 2014 1303 2050 rudes
1326 2026 1368 2050 ac
1389 2013 1488 2050 ferae

824 2069 1043 2106 domicilium
1089 2069 1301 2115 habuerint,
1362 2068 1488 2118 quales

822 2125 959 2163 Noster
986 2125 1208 2163 Calatiarum
1234 2138 1262 2163 s.
1297 2125 1488 2162 Calantia-

824 2195 901 2218 rum
924 2182 1070 2219 nomine
1092 2193 1201 2231 supra
1221 2182 1285 2230 111,
1310 2183 1378 2228 38,
1406 2180 1488 2231 (ubi

823 2239 896 2274 vid.
922 2236 1033 2288 nott.)
1054 2237 1232 2274 indicarit.
1292 2239 1361 2275 Cui
1383 2237 1487 2274 oblo-

824 2296 946 2344 quitur
972 2295 1191 2333 Maltebrun.
1216 2294 1384 2332 Nouveli.
1407 2293 1487 2331 An-

822 2352 905 2388 nall.
928 2352 959 2388 ΙΙ
986 2366 1022 2403 p.
1050 2352 1143 2392 326.
1169 2352 1274 2399 329,
1304 2365 1385 2388 cum
1415 2351 1489 2388 Pa-

823 2409 998 2445 daeorum
1020 2409 1126 2445 sedes
1151 2407 1189 2444 in
1215 2409 1399 2446 montibus
1423 2421 1485 2444 su-

822 2465 974 2515 perioris
996 2470 1116 2502 terrae
1132 2463 1272 2501 Paniab
1297 2465 1484 2502 meridiem

819 2534 944 2559 versus
971 2535 993 2558 a
1023 2527 1120 2558 terra
1149 2520 1343 2558 Kaschmir
1371 2533 1484 2570 quae-

819 2579 954 2615 rendae
966 2581 1058 2624 sint3
1082 2583 1276 2627 utramque
1294 2591 1380 2615 vero
1393 2590 1484 2627 gen-

818 2638 891 2672 tem
922 2636 1151 2672 Padaeorum
1181 2640 1218 2671 et
1246 2635 1484 2680 Calatiarnm‚

816 2704 910 2740 quos
932 2692 1077 2729 ultimos
1098 2692 1145 2728 ad
1165 2691 1341 2728 orientem
1368 2692 1485 2729 Hero-

816 2748 924 2785 dotus
940 2750 1048 2795 norit,
1068 2761 1142 2785 non
1163 2751 1237 2784 tam
1255 2749 1403 2785 Indicae
1431 2747 1484 2782 vi-

814 2805 893 2842 deri
924 2805 998 2842 vult
1021 2806 1167 2857 stirpis,
1200 2817 1308 2854 quam
1337 2803 1482 2853 Scythi-

813 2873 889 2899 cae.

1508 326 1574 353 Indi
1598 326 1710 355 vadaei
1738 327 1781 354 vi-

1537 363 1580 387 int
1642 361 1783 388 carnibus

1507 394 1623 420 crudis:
1640 400 1782 429 aegrotos

1507 431 1635 454 etaenes
1652 432 1783 455 mactant

1502 465 1533 486 et
1551 461 1723 495 epulantur.

1502 498 1584 539 248
