1904 3304
95 388 225 417 cumflua
243 389 302 421 sit,
330 388 374 415 in-

96 426 280 458 compertum
292 431 299 448 :
313 430 373 449 nou

98 456 237 484 debuisse
251 459 374 490 terram,

99 498 188 525 quum
201 497 260 516 una
276 490 326 521 sit,
345 490 376 516 in

98 530 161 553 tres
180 528 281 556 partes
300 522 375 550 divi-

100 558 140 591 di,
161 557 229 584 Nilo
245 561 276 583 ct
287 556 376 583 Phasi

100 591 236 619 terminis
254 590 376 626 ponitis:

100 625 175 653 alios
209 632 262 660 pro
289 622 378 651 Phasi

102 667 214 695 ponere
242 657 378 691 Tanain,

118 691 301 719 Maeotidem
329 695 360 718 et

103 725 256 753 Porthmia
299 724 380 751 Cim-

103 761 215 788 meria:
243 758 378 793 Libyam,

431 282 515 322 370

821 277 1285 316 HERODOT1

434 388 605 446 φανερή
643 388 732 432 ἐστι
770 384 1094 443 γινωσκομένη,
1151 385 1251 430 οὔτε
1300 384 1353 429 τὰ
1395 384 1506 440 πρὸς
1557 382 1704 440 ἠέλιον

434 458 760 510 ἀνατέλλοντα,
820 456 921 500 οὔτε
979 455 1032 500 τά
1091 456 1202 512 πρὸς
1261 459 1420 512 βορῆν,

435 530 570 586 ῥυτός
621 531 734 573 ἐστι·

408 602 565 655 Ξτέρας
614 598 887 656 παρήκουσα.

800 527 928 584 μήκεϊ
980 527 1025 570 δὲ
1079 526 1336 582 γινώσκεται
1396 525 1501 581 παρ’

963 595 1076 642 Οὐδ’
1129 598 1208 654 ἔχω
1261 597 1585 653 συμβαλέσθαι,
1635 595 1702 639 ἐπ’

1482 457 1518 499 εἰ
1558 455 1702 509 περίῤ-

1562 523 1701 581 ἄμφο-

435 671 536 716 ὅτευ
566 674 646 726 μιῇ
678 669 811 727 ἐούσῃ
841 672 898 726 γῇ
922 668 1147 724 οὐνόματα
1169 668 1381 724 τριφάσια
1408 669 1570 718 κέεται,
1602 668 1704 710 έπω-
1718 675 1761 707 50

436 742 594 797 νυμίας
613 741 765 797 ἔχοντα
784 744 1031 796 γυναικῶν,
1066 740 1139 783 καὶ
1157 739 1398 795 οὐρίσματα
1418 738 1528 796 αὐτῇ
1549 736 1705 789 Νεῖλός

436 829 480 857 τε
505 810 528 856 ὁ
548 810 789 867 Αἰγύπτιος
810 809 1005 867 ποταμὸς
1027 810 1173 867 ἐτέθη,
1205 811 1278 854 καὶ
1302 809 1441 862 Φάσις
1469 809 1493 854 ὁ
1515 809 1704 866 Κόλχος·

383 943 515 982 eodem
537 941 678 993 capite:
714 937 744 991 ἦ
761 937 804 978 δὲ
829 936 880 990 δή
906 933 1043 987 Εὐρώ-

382 1015 439 1050 πη
484 995 575 1038 οὔτε
620 998 655 1037 εἰ
691 991 929 1048 περίῤῥυτός
967 995 1047 1034 ἐστι

383 1052 621 1109 γινώσκεται
639 1050 742 1105 πρὸς
763 1049 953 1104 ου’ὅαμῶν
978 1047 1047 1090 α’ν-

385 1107 579 1164 θρῶπων.
643 1111 804 1148 Verbum
860 1104 1048 1161 γινώσκε-

388 1174 487 1209 σθαι
510 1168 641 1205 eodem
671 1168 782 1204 modo
806 1166 875 1213 w,
907 1165 962 1206 42
985 1165 1047 1201 fin.

445 1220 565 1276 μήκεϊ
602 1220 644 1261 δὲ
683 1219 919 1274 γινώσκεται
957 1215 1048 1271 παρ’

388 1278 616 1331 ἀμφοτέρας
655 1274 920 1329 παρήκουσα]
960 1277 982 1313 i.
1015 1289 1048 1314 e.

386 1339 448 1375 hoc
465 1350 544 1374 vero
562 1339 769 1385 compertum
786 1338 836 1371 est
846 1364 858 1381 ‚
889 1334 1051 1382 longitu-

389 1395 473 1432 dine
487 1393 588 1430 illam
605 1391 831 1443 (Europam)
850 1390 1051 1428 secundum

388 1455 583 1499 utramque
634 1449 672 1495 (i.
711 1462 742 1485 e.
782 1447 905 1484 Asiam
941 1452 1053 1495 atque

385 1507 569 1554 Africam)
594 1506 756 1555 porrigi,
793 1505 869 1541 sive
894 1503 1054 1551 longitu-

388 1564 469 1601 dine
493 1566 663 1611 utrasque
682 1573 858 1611 superare.
899 1560 958 1597 De
979 1571 1053 1609 qua

387 1619 570 1658 Herodoti
603 1618 788 1655 sententia
818 1617 972 1654 diximus
1004 1615 1053 1652 ad

387 1676 452 1723 lv,
475 1675 530 1716 42
553 1675 631 1711 init.

444 1726 539 1770 Οὐδ’
557 1729 631 1781 ἔχω
653 1725 946 1780 συμβαλέσθαι]
977 1727 1000 1763 i.
1021 1739 1053 1763 e.

388 1800 497 1838 neque
540 1799 622 1824 vero
667 1784 872 1823 coniectura
914 1784 1056 1833 assequi

386 1857 540 1896 possum.
576 1843 634 1881 De
654 1842 755 1880 verbi
776 1839 1054 1893 συμβαλέσθαι

392 1901 657 1951 significatione
688 1899 781 1936 conf.
814 1898 852 1945 l,
894 1899 960 1938 68.
991 1896 1056 1943 ΙΙΙ,

392 1960 460 1999 68.
497 1956 555 1994 De
582 1969 650 1993 usu
677 1955 959 2006 praepositionis
991 1951 1056 1991 ἐπὶ

392 2014 430 2050 ἰ11
449 2013 630 2050 locutione
650 2007 707 2050 ἐπ’
729 2007 819 2050 ὅτευ
837 2011 907 2048 vid.
922 2009 1054 2047 Matth.

395 2070 461 2107 Gr.
483 2069 547 2106 Gr.
571 2081 655 2119 pag.
679 2070 785 2109 1163
807 2072 846 2106 et
863 2067 958 2106 conf.
978 2070 1055 2103 not.

395 2127 433 2164 in
455 2126 528 2162 fine
549 2126 654 2162 huius
675 2138 755 2176 cap.
787 2125 909 2162 Verba
928 2123 1057 2174 proxi-

394 2195 455 2220 ma
495 2184 568 2235 μιῇ
607 2178 728 2235 ἐούσῃ
763 2182 814 2235 γῇ
840 2179 1057 2229 Dionysium

395 2239 528 2276 imitari
546 2238 777 2287 Periegetem
801 2250 852 2273 vs,
881 2240 907 2277 7
934 2240 1059 2273 monet

394 2296 471 2333 eius
494 2295 676 2345 interpres
693 2293 916 2330 Eustathius.
956 2292 1057 2332 ἐπω-

395 2350 519 2402 νυμία
566 2350 602 2387 h.
644 2350 665 2387 l.
705 2350 802 2388 idem
842 2351 918 2387 sere
957 2349 1057 2398 quod

397 2404 538 2458 ὄνομα.
561 2407 618 2444 Cf.
632 2407 660 2453 l,
675 2406 737 2446 14.
760 2406 805 2453 11,
817 2407 855 2446 4.
866 2405 913 2451 V,
925 2407 977 2446 66
988 2412 1057 2443 etc.

455 2462 523 2502 καὶ
542 2458 763 2514 οὐρίσματα
789 2458 892 2515 αὐτῇ
913 2458 1059 2507 Νεῖλός

398 2534 440 2559 τε
456 2518 481 2559 ό
491 2515 712 2571 Αἰγύπτιος
730 2516 909 2569 ποταμός
923 2516 1058 2568 ἐτέθη]

398 2576 503 2614 Haec
524 2577 638 2614 verba
665 2576 833 2613 extremis
859 2575 979 2612 verbis
1001 2587 1061 2612 ca-

397 2633 485 2684 pitis
503 2632 773 2670 antecedentis:
803 2630 924 2682 ὁμοῖα
941 2645 1059 2682 παρε-

397 2687 545 2740 χομένη
575 2691 625 2742 τῇ
648 2685 786 2742 Λιβύῃ
809 2688 893 2725 olim
916 2688 1060 2725 annecti

398 2745 510 2782 voluit
542 2745 698 2783 Bouher.
730 2745 766 2781 in
792 2744 890 2781 Diss.
915 2744 1057 2782 Herod.

403 2803 455 2843 18
477 2814 562 2852 pag.
587 2805 679 2843 119.
713 2801 854 2838 Contra
875 2813 981 2850 quem
1001 2814 1058 2838 re-

399 2863 459 2896 cte
493 2858 698 2907 Schweigh.
739 2857 828 2894 haec
863 2858 1056 2894 observat:

397 2909 528 2969 »αὐτῇ
559 2927 634 2952 11011
660 2914 710 2952 ad
735 2914 857 2951 Asiam
887 2915 1055 2961 refertur,

1102 939 1166 975 sed
1196 938 1244 974 acl
1266 940 1465 975 um'versam
1485 941 1638 984 terram,
1669 949 1765 987 quae

1104 1008 1216 1044 quum
1254 1008 1329 1031 una
1368 998 1475 1043 atque
1511 996 1679 1031 continua
1719 994 1766 1030 sit

1105 1050 1174 1102 (γῆ
1209 1053 1279 1101 μία
1323 1048 1485 1103 ἐοῦσα),
1532 1052 1661 1088 mirum
1698 1049 1767 1087 sibi

1104 1108 1218 1144 videri
1246 1110 1295 1144 ait
1313 1108 1541 1153 Herodotus,
1573 1121 1636 1144 cur
1654 1108 1766 1143 tribus

1104 1165 1219 1200 nomin
1227 1165 1303 1200 ibus
1314 1164 1372 1200 illa
1385 1165 1646 1213 distinguatur,
1662 1163 1767 1212 quasi

1106 1224 1176 1256 tres
1195 1225 1316 1257 essent
1338 1224 1462 1266 terrae,
1487 1220 1576 1258 Nilo
1597 1226 1634 1258 et
1655 1219 1770 1257 Phasi

1105 1282 1169 1313 aut
1190 1276 1314 1313 Tanai
1332 1278 1460 1326 fluviis
1480 1277 1764 1319 disterminatae‚·

1107 1333 1323 1382 videturque
1337 1333 1404 1370 hoe
1414 1334 1638 1382 significare:
1655 1345 1767 1381 quum

1105 1394 1203 1436 tres,
1254 1402 1348 1438 quae
1379 1390 1489 1439 vulgo
1534 1391 1768 1427 nominantur

1107 1451 1226 1483 terrae
1256 1450 1399 1496 partes,
1430 1459 1504 1483 non
1529 1447 1601 1483 sint
1622 1446 1768 1483 interie-

1108 1508 1167 1540 cto
1188 1503 1278 1539 mari
1299 1515 1561 1552 usquequaque
1580 1516 1601 1540 a
1622 1515 1662 1540 se
1678 1502 1770 1539 invi-

1110 1571 1187 1596 cem
1234 1559 1440 1605 seiunctae,
1489 1560 1651 1597 debebat
1697 1570 1770 1596 una

1108 1615 1297 1653 continens
1342 1616 1510 1653 universa
1550 1621 1646 1653 terra
1686 1627 1770 1651 cen-

1110 1671 1210 1715 seri3
1244 1672 1300 1707 sin
1327 1673 1503 1708 maiorum
1529 1671 1770 1720 quorumdam

1109 1729 1297 1764 fluminum
1337 1741 1460 1764 cursus
1494 1729 1581 1764 satis
1619 1740 1770 1765 caussae

1112 1789 1192 1831 est,
1233 1797 1296 1821 cur
1323 1789 1420 1822 terra
1450 1786 1485 1821 in
1509 1792 1633 1834 partes
1656 1785 1770 1821 divisa

1111 1845 1316 1887 statuatur,
1365 1840 1480 1877 multo
1507 1840 1629 1891 plures
1659 1853 1770 1891 quam

1111 1903 1185 1935 tres
1214 1902 1336 1947 partes
1356 1898 1469 1935 fuisse
1490 1898 1773 1935 numerandas.“

1169 1953 1236 1992 καὶ
1258 1949 1384 2000 Φᾶσις
1413 1951 1433 1993 ὁ
1456 1952 1628 2004 Κόλχος]
1659 1954 1773 1991 Vide-

1112 2014 1174 2047 tur
1200 2011 1347 2047 omnino
1375 2010 1435 2047 ilia
1456 2015 1577 2048 aetate
1597 2010 1688 2049 haec
1709 2022 1773 2047 va-

1112 2066 1223 2104 luisse
1253 2068 1456 2115 sententia,
1487 2073 1528 2104 ut
1556 2066 1684 2104 Phasis
1715 2078 1773 2104 se-

1113 2124 1358 2174 ptentrionem
1390 2137 1518 2162 versus
1547 2123 1669 2161 Asiam
1699 2127 1774 2161 ter-

1114 2180 1269 2217 minaret
1296 2186 1332 2218 et
1363 2181 1542 2230 quidquid
1568 2179 1661 2217 ultra
1678 2178 1773 2216 Pha-

1114 2237 1169 2273 sin
1191 2241 1289 2274 esset
1318 2238 1603 2287 septentrionem
1633 2247 1773 2281 versus,

1112 2292 1285 2343 Europae
1296 2293 1570 2330 adscriberetur.
1598 2292 1656 2329 Cf.
1667 2292 1771 2329 Brei-

1113 2362 1190 2399 ger.
1221 2349 1243 2385 l.
1273 2349 1295 2385 l.
1322 2362 1406 2398 pag.
1429 2351 1483 2389 72
1505 2361 1609 2398 seqq.
1646 2348 1772 2397 Heyse

1114 2408 1139 2446 l.
1160 2405 1181 2442 l.
1202 2418 1289 2456 pag.
1314 2405 1402 2446 104.
1432 2405 1565 2442 Ritter.
1580 2404 1771 2442 Erdkund.

1115 2462 1148 2499 ΙΙ
1165 2475 1250 2513 pag.
1271 2462 1366 2502 914.
1407 2461 1480 2505 Qui
1501 2461 1613 2510 igitur
1633 2462 1670 2498 in
1687 2474 1773 2498 con-

1116 2519 1304 2556 stituendo
1340 2518 1494 2555 termino
1523 2518 1634 2555 Asiae
1661 2521 1775 2567 atque

1116 2574 1287 2624 Europae
1314 2573 1420 2610 aliam
1436 2581 1547 2623 atque
1565 2587 1632 2612 nos
1653 2575 1774 2624 sequi-

1114 2635 1173 2667 tur
1193 2631 1370 2668 rationem
1383 2661 1392 2677 ‚
1420 2643 1501 2667 eum
1520 2634 1643 2669 tamen
1664 2630 1775 2669 Asiae

1115 2691 1226 2736 atque
1260 2685 1405 2725 Africae
1440 2687 1622 2736 eundem,
1664 2700 1773 2738 quem

1115 2755 1196 2789 nos,
1220 2744 1452 2781 constituisse
1471 2745 1663 2782 terminum
1685 2756 1772 2795 pro-

1115 2800 1282 2837 babiliter
1300 2801 1446 2837 coniicit
1463 2800 1587 2850 Heyse
1603 2801 1624 2838 l.
1645 2801 1666 2837 1.
1687 2813 1772 2851 pag.

1114 2859 1180 2903 86,
1200 2858 1363 2905 quamvis
1382 2857 1450 2894 hoc
1465 2857 1546 2907 ipso
1558 2857 1684 2895 inloco
1693 2856 1771 2893 vul-

1113 2926 1239 2962 garem
1269 2926 1358 2951 suae
1384 2913 1514 2951 aetatis
1538 2914 1769 2959 sententiam,

1887 348 1894 459 ξ

1888 466 1894 494 1

1889 523 1899 570 ,9
