1904 3304
571 222 920 262 THALIA.

980 223 1041 261 111.
1412 226 1440 264 3

170 331 377 389 ζόμενος,
425 332 602 389 ἐποίησε
631 331 746 377 τάδε.
798 327 855 390 ἦν
880 329 1062 387 Ἀπρίεω
1099 334 1181 375 τοῦ
1218 332 1492 389 προτέρουΞΙ

168 405 369 460 βασιλέος
409 403 610 462 θυγάτηρ
652 404 793 460 κάρτα
835 403 1000 461 μεγάλη
1050 419 1096 448 τε
1132 403 1207 448 καὶ
1248 402 1437 461 εὐειδὴς,

140 475 314 533 σμούνη
345 480 426 520 τοῦ
456 478 584 520 οἴκου
611 476 886 534 λελειμμένη·
930 474 1103 531 οὔνομα
1133 475 1179 519 δέ
1210 477 1254 519 οἱ
1281 470 1337 532 ἦν
1358 479 1438 521 Νί-

166 563 296 603 τητις.
353 548 517 632 ταύτην
562 547 614 605 δή
659 549 743 606 τὴν
776 550 913 592 παῖδα
953 545 977 592 ὁ
1005 545 1190 604 ’Ἄμασις
1217 547 1494 634 κοσμησαςῖσ

167 617 320 675 ἐσθῆτί
349 636 394 664 τε
412 620 485 664 καὶ
515 623 683 678 χρυσῷ,
717 619 960 676 ἀποπέμπει
989 618 1033 670 ἐς
1058 618 1238 673 Πέρσας
1257 618 1315 671 ὠς
1335 620 1439 664 ἑωυ-

139 694 251 733 7τοῦ
271 691 508 747 θυγατέρα
541 691 647 747 μετὰ
670 692 714 735 δὲ
734 691 897 748 χρόνον
920 689 979 741 τός
1003 706 1079 775 μιν
1104 686 1331 746 ἠσπάζετο,
1358 708 1439 735 πα-

138 761 336 816 8τρόθεν
364 761 647 819 οὐνομάζων,
678 763 791 819 λέγει
821 761 930 847 πρὸς
960 760 1099 806 αὐτὸν
1129 760 1156 818 ἡ
1187 767 1307 813 παῖς·
1351 766 1438 815 ,,ῼ

165 835 368 889 βασιλεῦ,
413 834 752 892 διαβεβλημένος
789 832 877 878 ὑπὸ
924 831 1129 889 Ἀμάσιος
1168 831 1223 876 οὐ
1261 832 1439 888 μανθά-

165 921 279 958 νεις,
318 906 365 958 ὃς
395 906 465 962 ἐμέ
489 919 558 950 σοι
578 906 726 964 κόσμῳ
760 903 957 962 ἀσκήσας
977 903 1220 960 ἀπέπεμψε,
1254 905 1314 957 ὦς
1335 905 1440 949 ἑωυ-

165 982 247 1021 τοῦ
276 977 499 1035 θυγατέρα
530 978 708 1029 διδούς,
742 978 904 1021 ἐοῦσαν
932 980 986 1034 τῇ
1017 975 1211 1034 ἅληθηΐῃ
1238 975 1498 1032 Ἀπρίεω·3ο

163 1047 243 1091 τὸν
279 1048 471 1103 ἐκεῖνος,
522 1049 651 1094 ἐόντα
689 1049 858 1094 ἑωυτοῦ
896 1048 1126 1102 δεσπότεα,
1169 1047 1265 1105 μετ’
1298 1050 1438 1105 Αἰγυ-

135 1121 303 1164 9πτίων
343 1122 607 1175 ἐπαναστὰς,
652 1121 874 1178 ἐφόνευσε.
888 1125 916 1145 “
980 1123 1124 1164 Τοῦτο
1166 1118 1220 1175 δὴ
1259 1119 1308 1163 τὸ
1340 1120 1441 1172 ἔπος

164 1191 238 1235 καὶ
279 1193 390 1251 αὕτη
429 1194 456 1251 ἡ
489 1196 603 1251 αἰτίη
641 1193 900 1250 ἐγγενομένη
930 1191 1064 1249 ἤγαγε
1095 1190 1335 1247 Καμβύσεα
1365 1192 1442 1235 τὸν

165 1261 344 1319 Κύρου,
383 1265 578 1322 μεγάλως
603 1265 893 1321 θυμωθέντα,
933 1263 1004 1307 ἐπ’
1040 1266 1282 1319 Αἴγυπτον.
1323 1262 1496 1306 ofin-035

75 1339 106 1383 2
165 1334 245 1391 μέν
273 1352 358 1378 νυν
387 1338 565 1393 λέγουσι
593 1337 772 1392 Πέρσαι.
823 1333 1059 1391 Αἰγύπτιοι
1089 1335 1135 1379 δὲ
1170 1336 1439 1391 οἰκηιεῦνται

105 1487 283 1537 satrapias
322 1487 531 1525 evehentes.
581 1487 691 1524 Conf.
723 1486 772 1524 ad

105 1543 210 1581 Ctes.
239 1544 406 1593 fragmm.
438 1557 525 1595 pag.
554 1546 645 1584 178.
674 1546 769 1584 230.

162 1595 313 1652 μεγάλη
333 1615 373 1640 τε
399 1599 466 1639 καὶ
489 1595 660 1652 εὐειδής]
696 1600 768 1637 Eo-

105 1656 190 1694 dem
211 1658 323 1694 modo
348 1657 508 1707 loquitur
528 1671 608 1708 cap.
633 1660 669 1697 3.
712 1657 769 1694 De

104 1713 312 1752 discrimine
331 1716 520 1764 utriusque
537 1715 635 1751 vocis
660 1715 770 1752 habet

105 1772 289 1820 quaedam
307 1771 476 1809 Ammon.
512 1772 558 1810 de
588 1771 706 1809 differ.
730 1785 768 1822 p.

106 1829 316 1868 61.62.—
349 1829 445 1865 Cum
458 1828 586 1878 Apries
609 1829 769 1878 quadra-

103 1884 206 1932 ginta
232 1888 388 1934 quatuor
416 1886 520 1922 annis
543 1890 629 1923 ante
657 1886 770 1922 inter-

102 1941 220 1977 fectus
242 1954 323 1978 esse
342 1941 496 1988 dicatur,
520 1942 660 1991 colligit
682 1942 770 1979 inde

103 1995 391 2046 W'esselingius‚
421 1998 501 2048 plus
524 2000 771 2048 quadraginta

103 2064 220 2090 annos
250 2054 321 2092 iam
347 2067 559 2093 numerasse
579 2056 770 2104 virginem,

102 2114 301 2160 antequam
329 2111 377 2147 ad
397 2111 615 2160 cambysem
645 2112 769 2148 mitte-

103 2170 216 2204 retur.
266 2167 314 2204 At
339 2168 481 2204 monuit
502 2167 675 2206 Larcher.
700 2168 769 2205 hoc

101 2224 220 2261 minus
252 2228 387 2262 certum
421 2238 524 2271 esse,
559 2226 658 2274 quod
681 2229 769 2261 ante

102 2281 350 2330 quadraginta
384 2287 544 2330 quatuor
571 2295 686 2318 annos
713 2282 768 2318 in-

101 2337 278 2374 terfectus
306 2338 542 2388 perhibeatur
560 2338 691 2389 Apries
720 2338 766 2374 ab

101 2390 299 2440 Amaside3
337 2408 410 2443 quo
439 2395 548 2432 etiam
574 2400 768 2444 regnante,

101 2447 224 2499 plures
242 2451 360 2488 adhuc
383 2464 498 2488 annos
516 2452 648 2489 vixisse
668 2452 769 2488 vide-

102 2505 131 2541 ri
146 2503 302 2556 Apriem.
325 2529 378 2534 —
402 2506 461 2545 Ad
488 2521 591 2557 seqq.
615 2503 769 2558 κοσμή-

104 2572 174 2607 σας
196 2561 341 2614 ἐσθῆτί
359 2579 398 2602 τε
420 2563 486 2603 καὶ
507 2567 640 2618 χρυσῷ
669 2565 711 2612 (i.
736 2578 767 2601 e.

103 2622 195 2655 veste
223 2623 354 2657 aurata
375 2623 554 2669 ornatam)
585 2623 680 2659 conf.
705 2635 767 2657 su-

103 2675 223 2725 praI‚
251 2678 341 2715 111.
372 2677 554 2715 Plutarch.
576 2677 769 2715 Artaxerx.

106 2730 156 2771 15
189 2737 226 2768 et
256 2733 491 2803 Xenophont.
538 2734 769 2772 Memorabb.

100 2787 166 2835 Ill,
199 2786 307 2839 11§.
338 2788 381 2828 4:
421 2790 487 2829 καὶ
519 2790 667 2842 μητέρα
693 2807 769 2829 πα-

102 2846 252 2896 ροῦσαν
273 2841 378 2900 αὐτῇ
395 2845 436 2886 ἐν
455 2847 597 2900 ἐσθῆτι
616 2847 683 2887 καὶ
702 2851 769 2887 θε-

822 1484 977 1539 ραπεία
989 1479 1040 1523 ov'
1051 1487 1101 1540 τῇ
1113 1480 1286 1538 τυχούσῃ
1298 1500 1333 1523 κ.
1346 1499 1379 1523 τ.
1390 1486 1423 1523 λ.
1444 1505 1494 1512 -

828 1541 917 1580 Non
943 1542 1096 1579 multum
1119 1542 1207 1580 inde
1224 1542 1358 1589 distat,
1396 1542 1496 1591 quod

828 1598 938 1650 paulo
959 1599 1107 1636 inferius
1129 1599 1228 1649 apud
1243 1597 1422 1636 Nostrum
1444 1598 1497 1636 le-

827 1656 958 1704 gitur:
1017 1652 1058 1702 ὃς
1105 1653 1173 1706 ε’με
1220 1667 1283 1694 σοι
1328 1651 1495 1708 κόσμῳ

829 1707 854 1751 οἷ
866 1724 956 1762 σκη
973 1723 995 1752 σ
1007 1727 1070 1758 ας.
1131 1712 1252 1756 Quem
1270 1725 1372 1749 usum
1393 1712 1496 1750 verbi

829 1764 964 1808 ασκεῑν
1002 1770 1131 1806 eodem
1174 1771 1249 1807 fere
1279 1782 1387 1807 sensu
1420 1782 1494 1818 quo

827 1829 991 1877 κοσμεῖν
1010 1827 1201 1875 attigimus
1220 1827 1268 1862 ad
1289 1826 1335 1873 ΙΙ,
1359 1828 1450 1865 130.

886 1880 1196 1934 διαβεβλημένος
1206 1879 1287 1922 ὑπό
1306 1878 1494 1933 Ἀμάσιος

829 1935 879 1980 ου’
897 1935 1135 1989 μανθάνεις]
1164 1941 1186 1976 i.
1208 1953 1238 1977 e.
1268 1940 1350 1986 „Ab
1369 1940 1497 1976 Amasi

828 2001 860 2034 te
881 1997 1056 2046 deceptant
1080 2010 1150 2033 esse
1167 1998 1317 2033 nescisf‘
1375 1996 1494 2034 Parti-

828 2055 911 2104 cipii
935 2067 1037 2090 usum
1059 2053 1178 2090 multis
1201 2053 1397 2090 illustravit
1408 2052 1496 2090 Val-

828 2111 931 2147 cken.
964 2109 1025 2146 Tu
1053 2110 1136 2146 vide
1164 2110 1274 2146 modo
1301 2109 1435 2146 Matth.
1459 2107 1496 2159 ἓ.

829 2165 910 2207 548
928 2167 1054 2202 Gram.
1076 2167 1141 2203 Gr.
1156 2178 1202 2203 ne
1219 2167 1336 2216 plura.
1357 2187 1411 2195 —
1432 2165 1496 2202 Ci—

827 2228 880 2260 tat
920 2223 1011 2260 haec
1054 2223 1210 2272 Gregor.
1245 2222 1410 2259 Corinth.
1447 2222 1495 2260 de

827 2279 912 2317 dial.
932 2280 1007 2316 lon.
1032 2277 1068 2330 ὃ.
1095 2282 1185 2320 143.
1211 2278 1302 2318 144.

1066 2382 1097 2419 C
1110 2394 1177 2432 ap.
1208 2380 1253 2418 ΙΙ.

883 2445 1099 2502 Αἰγύπτιοι
1148 2446 1191 2487 δὲ
1244 2448 1491 2500 οἷκηϊεῦνται

827 2502 1064 2557 Καμβύσεα]
1114 2505 1361 2555 οἰκηϊεῦνται
1395 2506 1492 2542 San-

826 2565 931 2600 crofti
955 2564 1047 2601 liber
1071 2563 1229 2600 exhibet.
1273 2562 1343 2600 Alii
1374 2562 1492 2601 οἰκει-

827 2623 974 2668 εῦνται,
1006 2619 1065 2656 alii
1083 2619 1336 2658 οἰκειοῦνται.
1367 2618 1491 2668 Atque

825 2677 904 2727 ipse
934 2677 1072 2715 Noster
1105 2688 1214 2727 supra
1249 2676 1285 2724 l,
1318 2675 1365 2715 4:
1416 2675 1490 2714 οἰ-

826 2749 907 2773 κει
933 2735 994 2773 εὖ
1016 2747 1141 2771 νται
1171 2737 1208 2770 et
1234 2731 1261 2780 I,
1295 2732 1348 2772 94-
1381 2731 1491 2783 οἰκη-

828 2798 844 2829 ἰ
863 2806 882 2829 o
904 2793 930 2829 ὖ
951 2805 974 2829 ν
993 2805 1068 2828 ται.
1129 2789 1241 2833 Quod
1266 2790 1355 2826 satis
1378 2790 1492 2826 docu-

825 2852 948 2885 mento
970 2852 1048 2894 est,
1087 2850 1315 2897 quantopere
1336 2846 1374 2883 in
1393 2846 1491 2882 hisce

1158 2901 1211 2942 1.

1500 1315 1664 1350 Cambyses
1705 1324 1774 1350 non,

1499 1354 1531 1376 ut
1551 1352 1655 1385 Aegyp
1659 1350 1693 1377 tii
1718 1349 1774 1376 fin-

1499 1392 1529 1418 g
1516 1392 1558 1444 ιἸιΙΙ
1563 1358 1776 1444 tcaggaffiiffe

1498 1426 1714 1480 gfatre1hatus
