1904 3304
465 251 549 290 420

853 246 1320 287 HERODOTI

467 362 593 402 λουσι
630 358 678 401 τὸ
720 356 890 412 σπέρμα
930 354 998 398 ἐπὶ
1034 355 1138 407 τοὺς
1185 356 1425 411 διαφανέας
1469 356 1625 408 λίθους
1662 359 1724 413 τῷ

465 431 574 482 πυρί
589 444 597 453 ·

645 427 694 471 τὸ
736 429 781 471 δὲ
816 430 1025 482 θυμιῆται
1063 427 1424 482 ἐπιβαλλόμενον,
1465 428 1539 469 καὶ
1569 427 1725 482 ἀτμίδα

465 499 694 553 παρέχεται
715 497 957 552 τοσαύτην,
988 497 1094 541 ὥστε
1118 497 1343 554 Ἑλληνικὴ
1365 496 1545 552 οὐδεμία
1569 496 1622 540 ἄν
1649 513 1726 552 μιν

466 571 601 624 πυρίη
641 567 952 624 ἀποκρατήσειε
965 582 974 591 ·

467 642 604 696 πυρίῃ
614 673 625 692 ‚
668 637 903 694 ὠρύονται.

1029 568 1072 610 οἱ
1111 567 1157 610 δὲ
1192 568 1389 620 Σκύθαι,
1428 566 1636 623 ἀγάμενοι
1673 571 1727 625 τῇ

961 636 1093 681 τοῦτό
1132 650 1210 693 σφι
1252 637 1351 682 ἀντὶ
1389 642 1579 691 λουτροῦ
1618 639 1783 681 {mc-75

439 709 526 753 2013
556 711 637 765 γὰρ
670 711 722 767 δὴ
751 714 930 754 λοῦνται
958 709 1088 752 ὕδατι
1116 708 1164 752 τό
1195 708 1404 763 παράπαν
1426 709 1475 751 τὸ
1494 714 1630 764 σῶμα.
1669 710 1727 752 Αἱ

468 780 513 825 δὲ
532 786 733 837 γυναῖκες
755 781 924 833 αὐτῶν,
945 779 1066 836 ὕδωρ
1088 779 1404 836 παραχέουσαι,
1426 778 1727 835 κατασώχουσι

410 906 663 951 ’ὑποδύνουσι
694 911 786 960 (‚‚z·ls
810 924 844 948 se
863 911 1067 960 glis-sente)

411 969 562 1005 indicari
603 973 708 1019 putat
735 968 936 1005 Larcherus
972 969 1070 1004 sora-

411 1038 495 1063 men
523 1024 633 1071 illud,
662 1038 729 1075 per
760 1025 860 1073 quod
892 1025 1069 1070 intrarint,

411 1081 646 1132 perexiguum
666 1081 799 1127 fuisse,
829 1081 986 1130 indeque
1004 1080 1071 1116 ob-

413 1141 587 1174 structum
638 1141 675 1174 et
723 1137 901 1173 occiusum
945 1137 1069 1181 fuisse,

413 1199 608 1244 postquam
652 1193 839 1239 intrarint,
884 1192 966 1242 pilis
1006 1191 1072 1228 inis

413 1250 576 1297 undique
613 1249 661 1285 ad
691 1248 836 1284 humum
863 1261 978 1297 usque
1006 1248 1072 1284 de-

414 1305 554 1351 missis,
583 1317 630 1341 ne
651 1303 726 1341 scil.
746 1316 860 1354 vapor
877 1304 971 1341 elabi
991 1316 1076 1354 pos-

415 1365 492 1406 set,
524 1360 575 1396 ita
603 1364 644 1396 ut
671 1360 818 1397 tentorii
845 1360 1000 1397 exhibita
1029 1360 1076 1396 sit

415 1417 566 1468 species.
596 1416 651 1452 Ac
672 1416 889 1464 Scytharum
912 1416 1077 1466 plaustra

415 1473 592 1511 eiusmodi
610 1472 690 1523 pilis
710 1476 806 1509 tecta
826 1473 937 1509 fuisse
955 1477 1078 1509 osten-

416 1531 472 1566 dit
499 1529 718 1579 Hippocrat.
760 1528 816 1565 De
847 1541 920 1566 aer.
950 1541 1009 1576 aq.
1039 1531 1078 1565 et

416 1586 484 1622 loc.
514 1583 551 1634 ἓ.
576 1587 628 1626 93
653 1584 737 1621 Τ.Ι
768 1597 802 1634 p.
824 1586 876 1623 88
897 1585 981 1621 Cor.
1019 1583 1077 1621 De

417 1641 633 1688 Calinuccis,
650 1641 710 1689 qui
728 1641 764 1676 in
784 1640 957 1677 eiusmodi
970 1639 1075 1689 plau-

418 1698 501 1733 stris
524 1698 631 1733 tectis
656 1709 722 1746 per
742 1696 888 1733 deserta
907 1695 1076 1732 Astraea-

417 1766 466 1790 na
490 1753 657 1789 habitare
683 1752 870 1799 dicuntur,
899 1752 1077 1789 recentio-

417 1809 467 1846 ris
505 1808 788 1858 peregrinatoris
831 1808 1076 1845 testimonium

418 1865 529 1902 affert
543 1864 757 1901 Larcherus.
798 1863 907 1900 Plura
936 1865 983 1902 de
1008 1864 1077 1900 hoc

418 1921 659 1973 plaustrorum
685 1933 841 1969 genere,
871 1921 969 1970 apud
992 1921 1078 1957 Cal-

419 1990 586 2024 muccos,
626 1977 795 2025 Kirgisos
822 1976 984 2025 aliasque
1013 1976 1080 2013 tri-

419 2034 489 2070 bus
508 2033 681 2070 nomadas
694 2032 803 2069 Asiae
820 2033 967 2078 usitato,
984 2044 1079 2080 quae

420 2089 532 2127 Russi
570 2092 701 2126 vocent
736 2088 899 2134 Kz'bz'tks,
938 2089 1078 2125 Coraes

419 2146 469 2183 ad
490 2145 705 2195 Hippocrat.
726 2144 749 2181 1.
772 2145 794 2182 l.
817 2145 1011 2196 disputavit
1030 2144 1078 2182 T.

421 2202 456 2239 ΙΙ
483 2214 570 2252 pag.
600 2201 682 2242 274
710 2214 812 2250 seqq.
835 2225 885 2230 --
918 2201 958 2237 ln
977 2213 1079 2249 seqq.

421 2258 470 2295 ad
498 2255 716 2306 διαφανέας
738 2259 882 2303 λίθους
900 2258 995 2295 conf.
1016 2258 1080 2304 lv,

421 2315 477 2353 73
506 2318 543 2350 et
565 2314 614 2349 ad
632 2311 837 2364 παρέχεται
857 2314 926 2359 lv,
957 2312 1022 2354 44

480 2364 577 2407 ω’στε
597 2367 805 2420 Ελληνικη
836 2365 1002 2420 οὐδεμία
1029 2366 1080 2407 ἄν

424 2439 492 2476 μιν
515 2425 637 2475 πυρίη
662 2421 972 2476 ἀποκρατήσειε]
1002 2426 1023 2462 i.
1047 2438 1080 2462 e.

422 2485 463 2517 ut
493 2482 628 2517 nullum
646 2482 856 2518 Graecorum
881 2482 1080 2518 εαίιίανιαιη

425 2538 463 2574 id
481 2541 625 2588 superet.
661 2533 826 2588 ου’δεμία
856 2539 942 2587 (pro
966 2533 1080 2576 ουδε-

425 2594 516 2645 μίη)
546 2594 671 2644 scripsi
697 2607 779 2631 cum
804 2595 921 2630 Gaisf.
962 2594 1079 2631 Usum

425 2651 523 2687 verbi
555 2645 791 2700 α’ποκρατεῖυ
818 2651 921 2697 attigi
948 2651 995 2686 ad
1018 2650 1079 2697 lv,

426 2705 492 2746 50.
513 2726 568 2733 ·——
606 2706 729 2758 πυρία
753 2711 807 2744 est
832 2706 1030 2743 caldarium
1050 2719 1080 2743 s.

426 2762 658 2812 tepidarium,
690 2767 729 2799 ut
758 2767 855 2800 recte
883 2767 986 2798 notat
1006 2764 1081 2799 Ca-

428 2819 576 2856 saubon.
604 2820 651 2856 ad
673 2820 842 2857 Strabon.
864 2818 914 2854 111
938 2832 973 2868 p.
1000 2817 1078 2859 154

428 2886 456 2911 S·
493 2877 587 2917 232.
630 2876 727 2913 Add.
769 2887 863 2926 quae
900 2874 938 2911 in
966 2873 1083 2913 Thes.

1124 911 1253 961 steph.
1279 911 1337 949 ed.
1364 908 1472 959 Angl.
1499 909 1545 948 T.
1564 910 1597 947 V
1617 924 1653 961 p.
1673 911 1782 951 8077

1126 967 1233 1004 allata
1253 971 1347 1004 sunt.
1393 967 1473 1002 Alia
1491 967 1538 1004 de
1559 966 1654 1003 celiis
1675 967 1785 1003 suda-

1125 1024 1228 1061 toriis
1251 1024 1474 1060 Graecorum
1493 1023 1540 1059 ad
1560 1023 1593 1059 h.
1608 1023 1629 1060 1.
1651 1023 1786 1060 excita-

1126 1081 1177 1116 vit
1208 1080 1381 1117 Valcken.
1437 1079 1570 1115 Similis
1602 1080 1787 1116 cuiusdam

1128 1136 1260 1182 moris,
1291 1136 1352 1184 qui
1381 1136 1576 1172 etiamnum
1604 1136 1704 1185 apud
1728 1135 1787 1171 ln-

1130 1193 1198 1228 dos
1241 1192 1289 1227 ad
1328 1192 1445 1227 sinum
1478 1191 1646 1227 Hudsoni
1684 1191 1787 1227 habi-

1131 1252 1251 1284 tantes
1290 1247 1474 1293 obtineat,
1512 1247 1673 1283 meminit
1695 1247 1787 1284 Lar-

1132 1303 1226 1340 cher.
1266 1301 1316 1339 At
1347 1302 1522 1339 Niebuhr.
1549 1302 1786 1349 (Vermischt.

1133 1359 1279 1398 Schrift.
1300 1358 1317 1395 Ι
1338 1371 1422 1408 pag.
1443 1360 1565 1406 362),
1595 1371 1690 1408 quae
1711 1359 1788 1396 He·

1132 1415 1286 1452 rodotus
1317 1416 1450 1462 refert,
1479 1428 1523 1452 ea
1545 1416 1590 1452 ad
1609 1415 1788 1452 Siberiam

1132 1472 1317 1522 pertinere
1346 1470 1443 1518 vult,
1481 1472 1542 1508 ubi
1574 1472 1788 1510 ebrietatem

1133 1527 1256 1564 suffitu
1285 1528 1460 1564 seminum
1486 1528 1659 1564 cannabis
1681 1540 1790 1578 super

1131 1583 1271 1632 lapides
1318 1584 1446 1630 igneos
1485 1584 1522 1619 iu
1563 1584 1652 1621 cella
1691 1588 1791 1621 arcte

1131 1639 1253 1676 clausa
1267 1640 1444 1683 excitent3
1467 1640 1566 1688 quod
1579 1640 1695 1689 ipsum
1708 1652 1790 1677 cum

1130 1695 1318 1740 caldariis,
1357 1696 1488 1743 quibus
1519 1701 1554 1733 et
1585 1697 1672 1746 ipsis
1704 1696 1789 1733 bar-

1131 1752 1210 1788 bari
1229 1751 1278 1787 illi
1300 1751 1352 1787 usi
1371 1752 1454 1798 sint,
1474 1752 1646 1789 confundi
1663 1765 1685 1789 a
1700 1752 1790 1789 scri-

1130 1813 1237 1858 ptore
1256 1812 1382 1844 nostro
1403 1808 1611 1845 arbitratur.

1191 1862 1232 1902 οἱ
1258 1860 1300 1901 δὲ
1323 1861 1497 1911 Σκύθαι,
1529 1879 1721 1916 αγαμενοι
1738 1880 1786 1919 τη
1832 1882 1836 1885 >

1133 1919 1272 1972 πυρίῃ,
1295 1915 1506 1970 ωρύονται]
1535 1921 1557 1957 i.
1577 1934 1607 1958 e.
1632 1920 1790 1971 Scythae

1135 1976 1365 2022 laetabundi,
1402 1989 1430 2012 s.
1465 1977 1533 2013 Ιιαε
1562 1977 1792 2015 desudatione

1134 2033 1308 2078 delectati,
1339 2033 1518 2069 clamorem
1541 2035 1714 2082 mgentem
1733 2038 1792 2071 at-

1136 2102 1200 2139 que
1232 2089 1447 2126 inconditum
1476 2089 1642 2127 tollunt.“
1699 2092 1794 2127 Ver-

1135 2146 1220 2182 bum
1244 2142 1420 2196 ἄγασθαι
1443 2146 1547 2195 attigi
1564 2148 1610 2183 ad
1622 2146 1684 2193 IV,
1715 2145 1791 2191 463

1136 2202 1184 2238 de
1219 2202 1331 2239 verbo
1366 2198 1569 2252 ὦρύεσθαι
1599 2203 1668 2239 vid.
1698 2207 1792 2239 nott.

1135 2259 1185 2294 ad
1221 2257 1293 2303 Ill,
1334 2261 1426 2298 117.
1472 2258 1618 2300 Auctor,
1643 2270 1790 2306 quoque

1136 2318 1193 2352 est
1228 2313 1300 2350 Dio
1336 2314 1525 2362 Chrysost.
1555 2314 1619 2350 Or.
1650 2314 1790 2350 ΧΧΧΙΙ

1135 2384 1172 2421 p.
1192 2372 1272 2410 378
1293 2369 1349 2415 C.‚
1370 2371 1467 2419 apud
1484 2370 1658 2407 barbaros
1677 2383 1791 2419 quos-

1137 2427 1220 2462 dam
1243 2425 1359 2462 lenem
1381 2426 1499 2462 enasci
1519 2426 1726 2464 ebrietatem
1748 2438 1792 2463 ex

1135 2494 1254 2519 rerum
1283 2482 1510 2530 quarundam
1540 2481 1687 2527 suffitu,
1715 2486 1791 2519 tum

1137 2550 1199 2575 eos
1231 2538 1415 2586 gaudere,
1439 2538 1598 2575 ridentes
1617 2551 1793 2587 exsurge-

1135 2606 1175 2630 re
1206 2598 1242 2630 et
1268 2594 1388 2629 omnia
1415 2594 1553 2639 facere,
1584 2606 1679 2642 quae
1699 2595 1792 2632 bene

1135 2650 1214 2700 poti
1247 2649 1398 2688 soleant.
1428 2671 1484 2676 —
1524 2649 1563 2686 ln
1593 2663 1696 2700 seqq.
1724 2663 1792 2701 pro

1137 2701 1288 2744 αὐτέων
1309 2705 1433 2755 scripsi
1453 2701 1596 2744 αὐτῶν.

1191 2757 1464 2811 κατασώχουσι
1493 2761 1584 2814 περὶ
1610 2762 1730 2801 λίθον
1754 2776 1792 2800 κ.

1136 2832 1168 2855 τ.
1193 2815 1250 2867 λ.]
1284 2818 1304 2853 i.
1335 2830 1364 2854 e.
1398 2822 1579 2855 conterunt
1605 2821 1643 2856 in
1674 2818 1793 2868 lapide

1142 2873 1230 2910 duro
1253 2872 1379 2924 frusta
1405 2876 1598 2926 cyparissi,
1641 2874 1738 2912 cedri
1758 2877 1792 2911 et
