1904 3304
291 466 359 512 60
417 473 604 524 ποιέειν,
644 472 758 529 πλήν
784 472 937 528 ''Aoni'‘

88 532 176 560 Ritus
201 532 233 560 ἰιι
248 531 366 560 sacrifi-

88 567 195 595 cando.

416 221 501 262 400

419 330 535 386 δίτη,
591 329 857 386 Ἀρτίμπασα
868 343 878 353 ·

843 219 1314 261 HERODOT!

948 327 1199 373 Ποσειδέων
1237 329 1307 382 δὲ,
1358 328 1685 386 Θαμιμασάδας.

391 400 647 457 5άγάλματα
685 401 730 445 δὲ
766 401 839 444 καὶ
877 399 1057 456 βωμούς
1094 400 1168 444 καὶ
1197 399 1334 457 νηούς
1374 400 1428 445 οὐ
1459 403 1689 458 νομίζουσι

993 470 1136 528 τούτῳ
1167 471 1213 514 δὲ
1242 474 1486 528 νομίζουσι.

425 543 471 586 δὲ
516 541 544 598 ἡ
595 542 704 600 αὐτὴ
751 548 859 587 πᾶσι
903 543 1135 598 κατέστηκε
1182 542 1280 596 περὶ
1326 543 1470 587 πάντα
1518 543 1571 587 τοὶ
1617 544 1690 599 ἱρὰ

1549 474 1690 529 Θυσίη

423 611 610 669 ὁμοίως,
653 613 865 671 ἐρδομένη
896 610 994 657 ὦδε.
1052 612 1101 657 τὸ
1140 612 1219 670 μὲν
1249 610 1396 668 ἷρήῖον
1425 611 1533 658 αὐτὸ
1571 616 1690 672 ἐμπε-

389 684 689 740 Ξποδισμένον
727 686 833 736 τούς
872 685 1171 741 ἐμπροσθίους
1199 683 1340 735 πόδας
1369 684 1529 741 ἕστηκε.
1588 685 1611 729 ὁ
1644 686 1689 730 δὲ
1703 690 1747 728 45

421 754 569 805 θύων,
603 755 756 800 ὄπισθε
787 760 868 800 τοῦ
898 754 1079 813 κτήνεος
1107 752 1286 806 ἑστεώς,
1324 753 1492 807 σπάσας
1516 756 1595 813 τήν
1617 755 1691 813 άρ-

421 825 505 882 χήν
542 830 626 870 τοῦ
669 827 891 884 στρόφου,
930 824 1190 882 καταβάλλει
1229 837 1330 880 μιν·

1383 827 1616 879 πίπτοντος
1645 829 1691 872 δὲ

420 901 504 940 τοῦ
533 899 701 954 ἱρηΐου,
749 897 961 942 ἐπικαλέει
990 897 1067 941 τὸν
1103 896 1238 946 θεὸν,
1278 901 1340 953 τῷ
1370 896 1426 941 ἂν
1454 895 1569 954 θύῃ·
1618 899 1693 941 καὶ

424 968 568 1012 ἔπειτα
597 968 742 1029 βρόχῳ
772 970 870 1024 περὶ
902 964 965 1013 ὦν
994 969 1119 1025 ἔβαλε
1139 968 1219 1012 τόν
1238 966 1422 1025 αὐχένα,
1456 971 1750 1014 σκυταλίδαὸο

424 1038 469 1082 δὲ
489 1039 688 1094 ἐμβαλών
706 1040 924 1097 περιάγει,
954 1040 1027 1083 καὶ
1047 1039 1295 1096 ἀποπνίγει·
1340 1039 1440 1083 οὕτε
1470 1045 1559 1095 πῦρ
1591 1038 1695 1084 άνα-

422 1108 607 1162 καύσας,
643 1112 742 1155 οὔτε
775 1111 1122 1166 καταρξάμενος,
1154 1109 1253 1154 οὔτ’
1284 1111 1552 1163 ἐπισπείσας·
1586 1111 1694 1155 άπο-

424 1182 576 1233 πνίξας
617 1183 663 1226 δὲ
703 1183 776 1227 καὶ
815 1181 1077 1238 ἀποδείρας,
1130 1181 1342 1238 τράπεται
1377 1182 1488 1238 πρὸς
1528 1181 1695 1239 ἕψησιν.

369 1339 480 1384 atque
513 1335 597 1373 deas
623 1336 807 1384 Buddlza,
841 1338 904 1387 qui
934 1337 1031 1374 idem

369 1396 426 1430 est
455 1405 496 1430 ac
527 1393 850 1441 Sauromatarum,
880 1393 1032 1431 aliarum

370 1449 533 1497 gentium
568 1451 910 1501 septentrionalium
939 1451 1032 1489 deus

374 1505 463 1555 Tyr,
498 1519 527 1543 s.
547 1506 657 1554 Odia,
697 1507 844 1544 Wodan.
881 1507 940 1544 De
959 1520 1032 1556 quo

372 1561 432 1599 Tu
461 1564 558 1600 conf.
580 1564 742 1614 Kbppen
764 1563 965 1612 Nordgest.
996 1564 1032 1600 d.

370 1618 479 1656 Pont.
492 1632 528 1669 p.
542 1622 607 1660 72.
636 1621 730 1656 Cum
741 1621 955 1658 Herodoteo
968 1619 1035 1658 Οἰ-

373 1670 537 1724 τόσυρος
553 1676 707 1713 Siebelis
735 1681 921 1727 comparat
939 1676 1036 1714 Pau-

374 1731 499 1769 saniae
526 1728 741 1780 Οἰτόλινος.
762 1756 813 1760 -
851 1733 909 1770 De
942 1733 1037 1782 Apio,

374 1789 470 1825 conf.
497 1792 591 1826 nott.
625 1789 673 1826 ad
703 1790 775 1837 lv,
810 1791 834 1831 5
876 1790 944 1837 (ad
971 1789 1037 1835 lx,

374 1845 428 1885 29
447 1843 540 1894 fin.).

430 1895 694 1952 Ἀρτίμπασα]
726 1902 780 1939 Ita
807 1901 930 1953 plures
959 1901 1039 1939 libri

377 1957 538 2007 itemque
560 1959 777 2007 Hesychius.
815 1959 884 1996 Alii
905 1954 1037 2008 Ἀρίπ-

375 2025 495 2061 πασα,
525 2015 584 2052 alii
604 2029 684 2052 cum
705 2016 858 2065 Origen.
877 2015 898 2051 l.
915 2016 937 2052 l.
955 2013 1038 2066 Ἀρ-

375 2070 566 2122 γίμπασα.
617 2071 743 2109 Totam
776 2076 906 2109 terram
937 2073 1037 2110 desi-

376 2128 480 2177 gnari
505 2129 730 2166 contendunt
751 2130 919 2178 adeoque
942 2129 1039 2166 Ger·

376 2197 566 2222 manorum
587 2184 775 2223 Herthczm.
807 2185 865 2223 De
885 2199 958 2235 quo
979 2185 1038 2223 alii

375 2240 548 2288 viderint,
571 2254 628 2280 me
646 2243 847 2292 peritiores,
870 2264 913 2269 —
949 2242 1039 2279 Mox

376 2309 457 2333 cum
481 2298 597 2335 Gaisf.
619 2299 786 2336 dedimus
807 2294 1038 2349 Θαμιμασά-

376 2352 468 2400 δας,
500 2354 536 2390 ἰι]
556 2367 629 2403 quo
651 2356 730 2404 ipso
750 2354 914 2405 Neptuni
933 2354 1038 2392 titulo

379 2408 460 2446 libri
476 2410 602 2460 scripti
617 2410 725 2448 valde
741 2411 893 2448 variant.
924 2411 1040 2461 Equi-

380 2465 464 2503 dem
485 2465 534 2503 nil
556 2467 725 2504 decerno.

601 2556 632 2593 C
643 2569 663 2592 a
674 2570 709 2607 p.
739 2555 818 2593 LX.

437 2632 529 2685 περὶ
570 2629 699 2673 πάντα
737 2633 783 2674 τά
820 2631 911 2684 ἱρά]
954 2637 975 2673 i.
1009 2650 1041 2674 e.

380 2694 417 2728 in
446 2692 601 2728 omnibus
630 2693 819 2742 sacrificiis
847 2705 874 2729 s.
905 2695 1038 2738 sacrifi

380 2748 471 2796 nisi,
501 2761 595 2798 quae
613 2748 786 2786 Larcheri
811 2754 865 2786 est
890 2754 1039 2787 senten-

382 2805 451 2852 tia,
484 2800 548 2855 ἱρά
572 2810 657 2842 sunt
674 2806 749 2842 loca
768 2807 879 2842 sacris
888 2804 1039 2855 faciun-

384 2861 440 2898 ‹lis
451 2861 640 2900 destinata.
665 2863 832 2912 Sequens
845 2861 1038 2914 ἐρδομένη

1088 1350 1131 1375 ex
1153 1336 1187 1374 h.
1209 1335 1232 1373 l.
1256 1336 1476 1387 Wesseling.
1506 1336 1554 1374 ad
1583 1336 1653 1383 IX,
1687 1339 1754 1383 19,

1089 1393 1151 1430 ubi
1175 1393 1338 1431 similiter
1367 1390 1435 1445 ἱροὶ
1463 1396 1616 1442 ποιεῖν,·
1671 1393 1752 1431 coll.

1089 1450 1161 1497 Vl,
1187 1448 1252 1489 57.

1751 337 1833 378 308

1147 1501 1301 1551 σπάσας
1364 1503 1438 1556 τήν
1501 1501 1627 1556 οἷρχῆν
1681 1507 1756 1545 τοῦ

1092 1557 1295 1612 στρόφου]
1326 1563 1490 1599 Attracto
1517 1566 1633 1614 cupite
1660 1562 1754 1599 lora-

1091 1621 1198 1655 mentt'
1223 1620 1482 1669 iuterpretatur
1502 1619 1546 1656 L.
1565 1621 1652 1656 Bos.
1674 1620 1754 1656 Ob-

1092 1688 1209 1713 servv.
1230 1676 1326 1712 eritt.
1344 1689 1398 1725 cp.
1412 1677 1450 1722 2,
1473 1677 1654 1725 probante
1667 1675 1754 1712 Val-

1093 1732 1287 1778 ckenario,
1329 1733 1388 1780 qui
1420 1728 1494 1781 τήν
1523 1728 1650 1783 α’ρχήν
1683 1733 1756 1771 τοῦ

1095 1784 1271 1839 στρόφου
1294 1788 1487 1825 Herodoto
1519 1802 1600 1826 esse
1625 1789 1755 1826 obser-

1094 1850 1156 1882 vat
1180 1843 1224 1884 τό
1251 1841 1374 1893 ὄίκρον
1397 1846 1470 1883 τοῦ
1493 1845 1663 1896 δεσμοῦ,
1687 1844 1754 1894 fu-

1094 1903 1151 1938 πίε
1177 1903 1439 1937 ελῆίτεηιιίαίθηι
1475 1901 1575 1940 Hinc
1604 1903 1640 1939 in
1664 1902 1753 1939 Lex.

1095 1959 1261 2007 Seguier.
1285 1972 1321 2009 p.
1359 1961 1461 2004 113,
1491 1959 1546 2000 30
1577 1955 1755 2011 στρόφον

1094 2011 1162 2053 τὸν
1203 2010 1369 2064 δεσμόν·
1420 2010 1659 2065 Ηρόδοτοςς
1718 2019 1756 2053 et

1096 2071 1230 2108 Glossa
1268 2072 1509 2119 Herodotea‚
1559 2085 1668 2122 quam
1710 2083 1755 2109 ex

1095 2128 1252 2165 uberiori
1282 2129 1443 2177 quodam
1476 2129 1612 2167 scholio
1638 2130 1756 2178 impe-

1095 2185 1164 2222 rite
1193 2189 1400 2235 excerptam
1431 2185 1521 2223 dicit
1550 2184 1754 2233 Schweigh.

1095 2236 1289 2306 στρόφος·
1312 2256 1356 2280 το
1375 2256 1464 2293 περι
1484 2257 1558 2292 την
1573 2237 1754 2294 κεφαλήν

1096 2293 1301 2354 στρόφιον,
1323 2293 1346 2337 ό
1363 2296 1468 2337 ἐστιν
1488 2297 1637 2347 ἐρεοῦν.

1152 2353 1243 2406 περὶ
1266 2355 1321 2393 ὠν
1341 2352 1470 2404 ἔβαλε]
1501 2355 1559 2393 De
1579 2356 1686 2393 tmesi
1709 2356 1754 2392 cf.

1095 2415 1188 2448 nott.
1209 2412 1256 2448 ad
1277 2411 1323 2458 ll,
1353 2412 1417 2452 39
1437 2413 1502 2452 47
1524 2411 1588 2452 85.
1611 2414 1664 2453 86
1684 2418 1754 2449 ete.

1096 2467 1155 2505 Ad
1174 2468 1274 2505 verbi
1296 2463 1561 2517 κατάρχεσθαι
1581 2482 1686 2506 usum
1707 2468 1755 2505 cf.

1097 2528 1188 2561 nott.
1213 2524 1260 2561 ad
1282 2524 1326 2570 ΙΙ,
1347 2524 1412 2565 45.
1438 2524 1500 2571 Ν,
1527 2528 1617 2566 103.
1649 2525 1755 2563 Wes-

1097 2579 1271 2629 selingius
1300 2580 1336 2617 h.
1363 2579 1384 2616 l.
1418 2582 1507 2618 citat
1529 2582 1674 2620 Kuster.
1705 2581 1754 2618 ad

1096 2636 1282 2686 Aristoph.
1304 2636 1399 2673 Aves
1425 2639 1505 2678 960
1524 2644 1562 2676 et
1583 2638 1756 2676 Valcken.

1095 2693 1144 2730 ad
1183 2693 1304 2742 Eurip.
1344 2693 1534 2732 Phoeniss.
1572 2696 1666 2736 576.
1702 2714 1751 2721 -

1095 2747 1345 2788 ἐπισπένδειν
1361 2751 1465 2787 simili
1490 2752 1526 2788 in
1547 2765 1585 2789 re
1609 2752 1660 2799 ΙΙ,
1687 2752 1755 2793 39.

1097 2806 1168 2853 lv,
1200 2808 1252 2846 62
1283 2812 1322 2843 et
1350 2802 1580 2860 άποδείρειν
1599 2808 1656 2854 11,
1686 2808 1752 2847 39.

1095 2862 1165 2910 Ν,
1202 2861 1267 2903 64.
1298 2862 1356 2910 V,
1391 2864 1456 2906 25.
