1904 3304
528 232 1092 272 MELPOMENE.
1152 233 1212 271 lv,

239 346 317 401 μὲν
356 343 408 399 δὴ
452 342 652 398 λέγουσι,
702 342 761 394 ὥς
793 343 842 385 vd
885 346 1010 397 σῶμα
1051 340 1134 385 ἀπὸ
1181 345 1261 384 τοῦ
1302 346 1503 398 κρημνοῦ
1562 357 1658 408 mmm·

209 705 230 739 3
242 697 529 753 κρύπτεσθαι.

1421 236 1504 275 473

1669 349 1771 388 domos
1781 350 1841 377 eri-

1617 386 1658 408 ιῑ.
1678 386 1807 410 νινιιιιῐι·
1830 401 1839 403 -

239 415 475 459 διωθέουσι
519 413 658 466 κάτω,
715 413 810 470 (ἐπὶ
859 413 943 469 γάρ
992 415 1192 468 κρημνοῦ
1240 413 1415 467 ἵδρυται
1454 412 1503 456 τὸ
1563 389 1642 450 14:5¹¹st
1658 420 1688 443 et
1707 392 1827 444 ¹³⁰¹¹⁰·a

240 486 382 541 ἷρόν·)
411 484 492 541 τήν
522 485 567 529 δὲ
597 484 792 541 κεφαλὴν
824 483 1178 538 ἀνασταυροῦσι·
1221 485 1264 526 οἱ
1294 484 1362 535 δὲ,
1395 484 1563 527 κατὰΞο

237 556 316 612 μὲν
345 556 424 612 τὴν
454 558 652 613 κεφαλὴν
683 555 995 612 ὁμολογέουσι,
1033 554 1081 597 τό
1113 555 1261 610 μέντοι
1279 559 1404 611 σῶμα
1425 553 1507 599 οὐκ

238 626 460 671 ὠθέεσθαι
510 627 597 672 ἀπὸ
645 633 725 672 τοῦ
770 631 971 683 κρημνοῦ
1019 626 1220 681 λέγουσι,
1290 625 1398 670 ἀλλὰ
1449 631 1508 684 γῇ

589 699 669 755 τὴν
709 700 754 742 δὲ
794 700 984 752 δαίμονα
1023 697 1211 754 ταύτην,
1242 703 1295 755 τῇ
1325 697 1507 752 θύουσι,

236 770 413 826 λέγουσι
444 769 571 814 αὐτοὶ
600 775 765 825 Ταῦροι
792 768 1045 825 Ἰφιγένειαν
1076 768 1156 824 τὴν
1186 768 1506 826 Ἀγαμέμνονος

238 839 362 885 εἶναι.

424 844 672 898 Πολεμίους
715 842 760 885 δὲ
801 841 989 895 ἄνδρας,
1034 840 1139 892 τούς
1172 839 1228 884 ἂν
1264 841 1560 897 χειρώσων-25

238 929 330 965 ται,
375 917 549 957 ποιεῦσι
597 912 721 956 τάδε·
779 910 1019 966 οἷποταμών
1063 911 1242 962 ἕκαστος
1287 913 1506 969 κεφαλήν,

238 983 504 1040 ἀποφέρεται
533 985 576 1035 ἐς
606 983 658 1027 τὰ
690 985 831 1027 οἰκία·
872 983 1017 1026 ἔπειτα
1049 983 1118 1027 ἐπὶ
1149 982 1284 1035 ξύλου
1314 983 1504 1040 μεγάλου

237 1054 475 1111 ἀναπείρας
515 1057 612 1115 ἱστᾷ
641 1054 750 1110 ὑπὲρ
780 1059 856 1112 τῆς
895 1056 1032 1112 οἰκίης
1062 1054 1364 1111 ὑπερέχουσαν
1404 1059 1507 1098 πολ-

181 1185 384 1232 interrogat
400 1183 612 1233 Iphigeniae
629 1182 841 1230 sacerdotis,

182 1244 300 1277 utrum
313 1241 380 1277 illa
392 1243 462 1276 iam
472 1242 549 1277 τῶν
562 1238 684 1286 ξένων
696 1235 840 1289 κατήρ-

183 1298 299 1344 ξατο,
327 1298 475 1347 hospites
497 1298 543 1332 sz't
566 1298 765 1345 auspicata.
802 1296 842 1332 ln

184 1355 408 1391 Graecorum
438 1354 549 1390 sacris
569 1354 840 1390 usitatissimum

181 1411 330 1448 verbum
360 1411 407 1448 de
434 1411 559 1447 Indica
590 1414 700 1458 gente
722 1409 840 1447 Nicol.

180 1467 286 1516 ponit
314 1467 484 1504 Damasc.
511 1466 660 1504 Stobae.
693 1479 729 1514 p.
762 1465 841 1506 105

181 1522 283 1573 [pag.
307 1522 386 1563 144
408 1524 467 1560 ed.
487 1520 630 1571 Orell.].
676 1522 736 1558 Tu
757 1523 842 1558 add.

180 1583 271 1616 nott.
295 1580 343 1615 ad
362 1579 408 1625 11,
436 1577 501 1619 45.
534 1578 595 1624 lv,
620 1580 687 1619 60.
718 1599 770 1605 —-
802 1578 842 1614 ln

181 1648 285 1685 seqq.
313 1636 359 1672 ad
386 1635 496 1673 verba
521 1632 770 1687 κρύπτεσθαι
791 1636 844 1689 γῇ

181 1693 276 1731 conf.
301 1692 338 1739 Ι,
371 1695 462 1732 140.

238 1745 311 1799 τήν
342 1746 383 1786 δὲ
418 1748 591 1798 δαίμονα
616 1742 766 1799 ταύτην
787 1769 843 1775 —-

179 1801 411 1857 Ἰφιγένειαν
445 1802 518 1855 τήν
550 1800 843 1857 Ἀγαμέμνονος

184 1859 310 1913 εἶναι]
362 1862 570 1899 Secundum
604 1862 694 1899 alios
724 1875 842 1900 rerum

185 1919 381 1969 scriptores
421 1919 610 1968 Iphigenia
647 1932 721 1955 non
763 1920 843 1968 ipsa

184 1976 253 2013 fuit
271 1975 353 2021 dea,
381 1977 445 2011 sed
467 1976 559 2012 deae
580 1977 749 2013 sacerdos
763 1989 843 2012 cru-

185 2031 416 2080 delitatisque
436 2032 611 2068 ministra.
652 2032 701 2068 At
721 2032 843 2068 Hero-

186 2089 293 2125 dotus
322 2087 428 2125 aliam
460 2088 593 2124 famam
622 2088 763 2124 videtur
787 2101 843 2125 se-

185 2149 290 2182 cutus
322 2157 395 2181 non
434 2144 537 2182 aliter
570 2149 682 2193 atque
714 2145 844 2181 Hesio·

186 2202 276 2247 dus,
315 2203 376 2249 qui
404 2201 440 2237 in
460 2200 653 2238 Mulierum
675 2201 844 2250 catalogo

185 2257 413 2308 Iphigeniam
424 2258 603 2295 cecinerat
614 2270 687 2294 non
701 2258 845 2304 obiisse,

187 2314 250 2351 sed
265 2314 406 2351 Dianae
424 2327 467 2351 ex
481 2315 660 2352 sententia
675 2327 756 2351 esse
768 2314 845 2351 He-

185 2375 311 2418 caten,
340 2375 435 2408 teste
458 2371 612 2407 Pausan.
633 2371 661 2416 I,
681 2372 732 2411 43
755 2369 789 2421 ἓ.
808 2373 844 2417 1,

189 2427 248 2463 ubi
285 2427 467 2464 Herodoti
508 2440 655 2477 quoqne
694 2428 846 2464 affertur

188 2483 297 2520 locus.
367 2484 425 2522 De
465 2496 540 2533 qua
578 2483 711 2534 duplici
748 2485 845 2520 sarna

189 2552 285 2576 nunc
303 2541 484 2578 monuisse
502 2541 608 2578 video
622 2542 793 2578 Creuzer.
808 2541 843 2576 in

188 2594 329 2632 Annall.
348 2597 563 2635 Viennenss.
583 2597 668 2635 LIV
696 2611 731 2648 p,
752 2598 843 2637 123.

189 2650 449 2699 Agnoscuntur
479 2655 517 2690 in
545 2655 664 2700 hisee,
702 2654 844 2704 opinor,

189 2708 343 2757 vestigia
371 2711 571 2748 commercii
590 2716 701 2760 atque
722 2723 844 2748 sacro-

189 2777 294 2811 rum,
339 2778 432 2814 quae
468 2766 624 2804 Caucasi
661 2767 844 2817 Pontique

189 2821 317 2857 accolis
349 2835 429 2859 cum
448 2822 598 2860 Graecis
626 2824 709 2861 olim
735 2825 844 2861 inter-

190 2878 374 2916 cesserint.
434 2877 564 2928 Agitur
593 2881 686 2918 enim
716 2881 772 2919 hic
797 2881 843 2919 de

900 1182 1011 1219 sacris
1040 1184 1155 1230 deae,
1194 1196 1304 1232 quam
1334 1183 1496 1220 lunarem
1527 1186 1565 1219 et

899 1240 1059 1276 omnium
1089 1253 1210 1277 rerum
1236 1242 1271 1277 in
1305 1240 1409 1277 terris
1431 1251 1563 1289 paren-

898 1299 972 1333 tem
1001 1297 1187 1343 (naturam
1217 1296 1326 1346 vulgo
1351 1297 1474 1333 dicunt
1496 1308 1561 1332 na-

897 1354 1075 1401 turatam)
1109 1353 1220 1390 coluit
1257 1358 1334 1390 tota
1363 1353 1439 1390 fere
1475 1351 1564 1388 Asia

898 1409 1057 1446 interior.
1103 1408 1153 1446 At
1180 1410 1324 1447 lunares
1349 1410 1437 1446 deas
1464 1408 1563 1445 haud

899 1478 982 1502 raro
1003 1468 1113 1503 iratas
1133 1467 1221 1516 fingi
1239 1467 1376 1516 quippe
1395 1465 1562 1502 omnibus

900 1522 1116 1559 animalibus
1155 1523 1306 1560 infestas
1345 1535 1387 1559 ac
1417 1522 1562 1559 nocivas

901 1574 969 1630 (ob
992 1579 1155 1615 nocivam
1169 1608 1179 1626 ‚
1209 1592 1304 1627 quae
1324 1579 1360 1614 in
1381 1578 1488 1615 Luna
1507 1578 1562 1614 in-

901 1647 981 1672 esse
1001 1635 1156 1681 dicitur,
1186 1635 1281 1684 vim)
1308 1635 1468 1684 indeque
1496 1634 1562 1671 mi-

900 1703 969 1728 nus
994 1691 1172 1729 humanas
1195 1693 1365 1741 adeoque
1383 1691 1562 1738 crudeles,

898 1753 1002 1785 vetus
1032 1749 1102 1785 suit
1131 1750 1339 1799 superstitio
1367 1748 1477 1797 longe
1510 1747 1562 1784 la-

899 1808 1010 1854 teque
1029 1810 1257 1856 propagata;
1287 1818 1382 1855 quae
1401 1805 1448 1842 ad
1460 1804 1560 1842 Tau-

898 1862 1009 1899 ricam
1039 1875 1187 1911 quoque
1222 1862 1315 1899 hanc
1344 1862 1450 1899 deam
1476 1874 1561 1911 per-

898 1918 1049 1956 tinuisse
1078 1919 1233 1956 videtur.
1301 1918 1411 1956 Plura
1442 1918 1560 1954 Cren-

900 1988 972 2013 zer.
996 1975 1121 2023 Symb.
1142 1975 1174 2012 II
1204 1989 1240 2025 p.
1264 1977 1344 2015 127
1366 1987 1443 2023 seq.
1463 1972 1558 2013 295.

900 2030 950 2067 IV
971 2044 1007 2081 p.
1034 2033 1112 2071 198
1137 2045 1214 2080 seq.
1243 2031 1348 2078 346,
1377 2032 1439 2080 qui
1462 2030 1558 2067 idem

902 2100 996 2124 nunc
1023 2088 1179 2125 conferri
1204 2088 1296 2124 vult:
1334 2101 1367 2123 v.
1391 2086 1560 2124 Stackel-

902 2144 992 2192 berg
1013 2143 1090 2181 Der
1109 2144 1379 2195 Apollotempel
1398 2157 1442 2180 zu
1463 2143 1556 2179 Bas-

902 2213 965 2237 sae
1001 2213 1086 2250 pag.
1124 2201 1200 2242 135
1235 2202 1317 2238 infr.
1347 2199 1560 2237 Brondsted

901 2258 1039 2294 Reisen
1063 2258 1099 2293 in
1121 2258 1326 2295 Griechenl.
1346 2257 1378 2294 11
1408 2270 1444 2306 p.
1469 2257 1562 2297 267.

903 2313 1067 2351 IVestrik
1106 2313 1252 2364 Disput.
1303 2315 1350 2352 de
1394 2312 1563 2360 Aeschyli

903 2370 1068 2420 Choeph.
1093 2375 1161 2407 etc.
1193 2383 1277 2420 pag.
1298 2371 1352 2411 42
1373 2383 1475 2419 seqq.
1498 2371 1564 2410 53.

902 2426 1243 2465 Raoul-Rochette
1271 2427 1452 2465 Oresteid.
1477 2438 1564 2477 pag.

906 2485 983 2524 119
997 2496 1074 2533 seq.
1107 2485 1148 2521 C.
1171 2483 1217 2521 Ο.
1239 2483 1382 2521 Miiller.
1404 2482 1563 2534 (Orcho-

903 2552 997 2576 men.
1016 2554 1052 2590 p.
1078 2539 1179 2590 311)
1200 2540 1290 2579 haec
1312 2553 1415 2577 sacra
1436 2553 1478 2576 ex
1498 2552 1562 2575 an-

902 2596 1004 2645 tiquo
1024 2597 1237 2647 Iphigeniae
1266 2597 1364 2634 cultu
1389 2597 1425 2633 in
1443 2597 1559 2632 Brau-

901 2666 990 2691 rone
1022 2666 1065 2690 ac
1096 2653 1259 2701 Lemn0‚
1308 2653 1371 2703 qui
1405 2654 1440 2689 in
1470 2653 1560 2700 Scy-

900 2709 1043 2747 tharum
1067 2714 1183 2748 terras
1205 2711 1289 2747 dein
1312 2710 1423 2747 fuerit
1442 2713 1559 2746 trans-

901 2765 1018 2813 latus,
1048 2768 1163 2818 repeti
1186 2769 1275 2803 vult.

958 2819 1175 2876 οἷναπείρας
1199 2822 1287 2876 ἱστᾷ
1305 2837 1338 2861 κ.
1358 2837 1387 2860 τ.
1407 2821 1458 2872 λ.]
1490 2822 1558 2857 i.e.

902 2884 1009 2932 caput
1027 2904 1082 2908 —
1101 2880 1264 2932 praealto
1290 2880 1442 2930 infixum
1459 2877 1558 2929 palo,
