1904 3304
440 301 496 341 34
834 294 1299 334 HERODOTI

442 408 522 464 μέν
552 424 637 451 νυν
671 408 717 452 ἐκ
747 410 828 451 τοῦ
856 404 1054 460 Ἀμάσιος
1083 403 1253 448 ἐντολαὶ
1295 397 1443 455 αὗται,
1482 402 1528 445 αἱ
1557 401 1599 454 ἐς
1627 403 1707 460 τὴν

442 479 586 535 ταφήν
613 495 657 521 τε
687 480 760 522 καὶ
789 478 865 520 τὸν
895 475 1138 529 ἄνθρωπον
1177 475 1374 530 ἔχουσαι,
1426 472 1482 517 οὕ
1518 491 1593 530 μοι
1631 477 1708 519 δο-

443 550 592 594 κέουσι
626 549 762 605 ἀρχὴν
789 547 1017 603 γενέσθαι,
1048 545 1144 589 ἀλλ’
1177 546 1313 597 ἄλλως
1343 543 1455 588 αὐτὰ
1475 545 1710 602 Αἰγύπτιοι

443 626 646 679 σεμνοῦν.

553 691 678 736 Μετὰ
719 691 764 734 δὲ
801 693 939 732 ταῦτα
982 686 1006 731 ὁ
1041 687 1279 744 Καμβύσης
1307 686 1596 744 ἐβουλεύσατο
1625 694 1767 743 ‘coc-25

441 766 602 820 φασίας
642 763 891 816 στρατηίας,
932 760 1001 802 ἐπί
1038 776 1081 802 τε
1124 762 1480 816 Καρχηδονίους,
1526 760 1599 803 καὶ
1643 759 1711 802 ἐπὶ

438 835 727 891 Ἀμμωνίους,
782 832 854 876 καὶ
896 831 964 874 ἐπὶ
1004 831 1108 882 τούς
1147 834 1440 889 Μακροβίους
1479 833 1711 884 Αἰθίοπας,

319 691 379 734 17

110 758 227 785 Bellum
257 755 384 789 Camby-

110 800 159 818 ses
192 791 292 818 facere
325 795 383 815 sta-

111 827 167 852 tuit
186 830 212 851 et
225 822 383 855 Carthagi-

110 858 272 890 mensibus,
283 861 312 883 ct
320 858 383 883 Arn-

111 892 236 925 moniis,
273 895 302 917 et
330 892 384 917 Ae-

110 925 270 961 thiopibus.
424 948 429 951 .
532 947 618 949 .Ῑᾉ

675 939 874 972 ’‘0-

442 1003 528 1046 ἀλλ’
553 1004 679 1054 ἄλλως
707 1001 806 1045 miro?
830 1002 1047 1057 Αἰγύπτιοι

386 1064 574 1115 σεμνοῦν]
590 1064 806 1101 Particulam
821 1058 931 1110 ἀλλὰ,
954 1076 1048 1112 quac

387 1135 408 1159 a
430 1122 642 1158 Florentino
672 1126 707 1158 et
735 1125 892 1169 quatuor
915 1120 1047 1156 Parisi-

387 1179 443 1215 nis
479 1179 600 1223 abest,
631 1178 813 1214 eiecerunt
843 1176 1047 1224 Schweigh.

387 1241 422 1272 et
444 1234 584 1280 Gaisf.,
613 1235 811 1269 scribentes
849 1230 973 1277 ἄλλως
1010 1228 1047 1269 ὸ’

388 1285 488 1329 αὐτοὶ
501 1293 547 1328 A.
563 1301 595 1328 σ.
627 1290 706 1325 Nos
726 1303 810 1326 vero
822 1302 901 1325 curn
919 1289 1047 1324 Matth.

385 1346 598 1398 particulam
620 1341 676 1391 δ’,
706 1358 801 1394 quae
823 1357 845 1381 a
866 1345 1049 1381 Sancrofti

385 1403 479 1440 libro
499 1407 534 1440 et
546 1402 824 1438 Vindobonensi
847 1402 962 1446 abest,
986 1401 1049 1436 eii-

386 1472 467 1497 cere
486 1458 688 1496 maluimus.
728 1457 825 1494 Nam
848 1457 1047 1495 wesselin-

387 1516 437 1564 gii
460 1516 588 1553 lectio:
621 1509 724 1552 ἄλλ’
749 1510 875 1560 ἄλλως
905 1508 946 1552 δ’
975 1508 1046 1551 αυ’-

386 1568 433 1610 vo}
462 1571 552 1623 Αἰγ.
576 1583 608 1609 σ.
638 1584 719 1608 meo
741 1571 891 1619 quidem
915 1571 1048 1606 iudicio

387 1629 521 1666 servari
543 1640 617 1664 non
639 1628 771 1676 potnit.
792 1648 848 1654 —
875 1629 1048 1678 σεμνοῦν

387 1685 518 1723 eodem
541 1684 744 1733 significatu
766 1684 794 1728 Ι,
819 1682 885 1723 95.

588 1740 618 1776 C
633 1753 700 1789 ap.
732 1739 846 1776 XVH.

422 1795 490 1834 καὶ
514 1795 577 1834 ἐπὶ
598 1792 691 1841 τοὺς
707 1796 971 1846 Μακροβίους
984 1795 1052 1834 Αἰ-

389 1853 551 1899 θίοπας,
568 1850 804 1902 οἰκημένους
828 1850 869 1891 δὲ
890 1849 1052 1903 Λιβύης

390 1908 452 1948 ἐπὶ
477 1911 526 1962 τῇ
549 1909 658 1962 νοτίῃ
680 1904 889 1962 θαλάσσῃ]
922 1910 1053 1946 Extre-

390 1979 449 2003 ma
480 1966 590 2002 verba
613 1967 663 2002 sic
686 1966 796 2002 vertit
826 1966 1052 2014 Schweigh.:

392 2022 440 2058 ad
469 2022 627 2058 australe
658 2021 796 2071 Libyae
827 2035 920 2058 mare
955 2022 1055 2058 liabi-

394 2082 518 2115 tantes.
571 2078 621 2115 At
640 2078 826 2115 Letronne
847 2078 993 2128 (Journ.
1017 2079 1052 2114 d.

393 2136 534 2171 Savans
568 2137 672 2175 1817
697 2147 781 2184 pag.
801 2133 875 2184 97)
927 2135 1053 2172 Vallae

393 2193 556 2241 praefert
593 2191 948 2240 interpretationem:
994 2193 1056 2241 qui

392 2247 558 2296 Africam
588 2247 635 2283 (ul
655 2247 811 2283 australe
839 2259 932 2283 mare
957 2250 1054 2284 inco-

391 2303 492 2345 lunt;
523 2304 572 2339 ita
608 2308 647 2339 ut
678 2304 860 2350 genitivus
890 2300 1052 2353 Λιβύης

391 2359 552 2408 pendeat
595 2359 641 2394 ab
677 2357 938 2408 οἰκημένους,
997 2360 1051 2396 cui

391 2414 502 2451 verbo
515 2415 703 2450 adiiciatur
725 2415 904 2463 genitivus
922 2414 976 2451 vel
990 2416 1054 2451 ad-

396 2471 474 2506 dita
507 2469 564 2507 vel
604 2470 737 2506 omissa
771 2473 1053 2520 praepositione.

397 2526 509 2569 Quod
541 2527 625 2562 mihi
663 2527 809 2574 quidem
840 2527 938 2563 haud
971 2540 1054 2576 per—

395 2582 509 2618 suasit
538 2583 590 2617 vir
618 2583 771 2629 doctus,
809 2595 912 2628 curn,
943 2596 1052 2631 quem

394 2637 514 2674 attulit
547 2638 714 2687 Procopii
741 2638 857 2675 locum
882 2639 940 2676 De
969 2639 1050 2677 bell.

395 2693 509 2729 Goth.
545 2706 629 2743 pag.
661 2696 741 2734 308
768 2695 833 2741 C.‚
873 2708 954 2732 eurn
984 2696 1052 2732 huc

392 2750 573 2798 pertinere
583 2763 655 2786 non
675 2751 833 2796 credam,
852 2764 918 2788 nec
937 2753 1051 2800 magis

395 2805 493 2841 locos
521 2818 542 2841 a
565 2806 704 2852 Bastio,
735 2819 842 2855 quem
870 2807 928 2844 ille
953 2808 1053 2855 citat,

395 2860 523 2898 allatos
543 2862 577 2897 in
600 2862 717 2912 Epist.
744 2864 856 2900 critic.
878 2876 962 2913 pag.
988 2863 1052 2904 74.

396 2916 455 2955 Dc
480 2930 589 2956 sensu
618 2919 802 2969 participii
835 2918 1051 2971 οἰκημέ-

1105 1022 1128 1045 ν
1143 1021 1162 1044 ο
1177 1022 1195 1052 ς
1217 1007 1312 1044 cons.
1334 1011 1425 1043 nott.
1449 1007 1496 1043 ad
1524 1006 1552 1052 Ι,
1573 1008 1638 1046 27.
1669 1002 1766 1042 Add.

1105 1063 1258 1100 Siebeiis
1288 1065 1335 1100 ad
1359 1063 1515 1099 l’ausan.
1538 1064 1565 1108 Ι,
1588 1063 1643 1103 33
1673 1060 1711 1112 §.
1729 1060 1766 1101 4.

1105 1141 1161 1147 -
1179 1118 1205 1169 η’
1224 1120 1334 1169 νοτίη
1354 1117 1539 1158 θάλασσα
1558 1119 1615 1156 hic
1637 1119 1685 1155 de
1705 1130 1769 1155 au-

1106 1177 1204 1212 strali
1225 1189 1362 1213 oceano
1382 1190 1409 1213 s.
1425 1177 1548 1213 Indico
1561 1174 1771 1223 intelligen-

1106 1234 1214 1279 dum,
1247 1239 1285 1269 ut
1310 1234 1353 1278 ΙΙ,
1392 1236 1451 1273 11.
1488 1234 1574 1276 158,
1603 1232 1667 1268 ubi
1695 1231 1768 1268 vid.

1106 1295 1197 1325 nott.
1221 1290 1328 1325 Cons.
1349 1289 1613 1326 Schlichthorst
1627 1288 1768 1336 Geogr.

1106 1344 1216 1381 Afric.
1241 1345 1381 1381 Herod.
1405 1358 1489 1394 pag.
1516 1347 1578 1384 18.
1611 1342 1768 1381 Rennel.

1107 1401 1126 1437 l.
1146 1401 1169 1437 l.
1198 1413 1284 1450 pag.
1305 1400 1398 1440 462.
1433 1403 1515 1441 572
1545 1405 1584 1438 et
1606 1400 1767 1437 Heeren.

1106 1458 1217 1494 Ideen
1248 1457 1302 1503 ΙΙ,
1327 1460 1346 1497 1
1369 1470 1455 1507 pag.
1479 1458 1561 1497 337
1586 1461 1677 1503 not.,
1705 1456 1770 1506 qui

1106 1514 1287 1550 Herodoti
1335 1515 1446 1550 verba
1492 1514 1544 1550 sic
1594 1513 1768 1563 exponit:

1104 1571 1276 1618 „jensez'ts
1295 1569 1574 1618 (lemEingange
1598 1569 1656 1606 des
1676 1570 1770 1606 Ara-

1105 1627 1241 1663 bisclzen
1255 1625 1489 1672 Meerbusens,
1509 1639 1557 1662 an
1574 1626 1649 1663 clem
1668 1624 1771 1662 Indi-

1106 1684 1208 1720 scleen
1236 1682 1410 1727 Meere“;
1445 1684 1556 1733 igitur
1588 1688 1692 1721 extra
1721 1682 1772 1718 si-

1108 1755 1193 1777 nunt
1215 1738 1410 1777 Arabicum
1433 1745 1470 1777 et
1497 1740 1630 1777 fretum
1653 1737 1770 1776 Babel

1110 1797 1286 1843 Mandeb,
1315 1797 1414 1845 quod
1435 1796 1543 1844 vulgo
1564 1797 1706 1840 dicitur,
1731 1795 1769 1831 in

1109 1854 1252 1891 Africae
1272 1866 1336 1890 ora
1357 1853 1522 1890 orientali
1541 1853 1588 1889 ad
1609 1853 1770 1889 Indicum

1111 1923 1299 1947 oceanum.
1350 1910 1488 1946 Moneo
1508 1914 1660 1960 propter
1676 1907 1771 1945 Lar-

1109 1967 1275 2013 cherum,
1304 1966 1364 2015 qui
1386 1967 1420 2002 in
1440 1966 1475 2002 T
1478 1967 1535 2003 ab.
1566 1964 1771 2015 geograph.

1110 2036 1195 2072 pag.
1225 2026 1306 2063 210
1340 2023 1395 2059 hic
1422 2023 1468 2059 de
1496 2021 1654 2059 Arabico
1690 2022 1771 2057 sinu

1110 2081 1259 2127 cogitat.
1280 2079 1376 2122 Quin
1391 2091 1509 2129 nuper
1528 2079 1665 2116 exstitit
1674 2076 1771 2114 Mal-

1110 2137 1241 2172 tebrun
1269 2134 1333 2184 (in
1367 2135 1535 2172 Nouvell.
1564 2133 1705 2176 Annall.
1733 2133 1771 2170 d.

1109 2191 1303 2241 Voyag.'1'.
1315 2193 1361 2237 V,
1373 2192 1412 2228 P.
1425 2192 1471 2237 ΙΙ,
1486 2193 1604 2231 1820.
1618 2190 1720 2227 Paris
1732 2202 1770 2240 p.

1109 2250 1185 2289 361
1210 2261 1290 2296 sqq.
1305 2252 1459 2284 notante
1479 2246 1580 2294 Cn),
1612 2246 1675 2295 qui
1689 2246 1771 2283 He-

1108 2305 1240 2340 rodoto
1269 2308 1472 2340 accuratam
1508 2303 1606 2339 sinus
1626 2302 1772 2339 Arabici

1110 2360 1276 2396 notitiam
1302 2360 1415 2397 fuisse
1444 2359 1590 2395 omnino
1615 2370 1771 2408 negans,

1111 2416 1248 2465 quippe
1285 2428 1392 2464 quem
1428 2415 1524 2452 haud
1553 2428 1636 2451 raro
1664 2415 1772 2451 maris

1111 2471 1279 2508 australis
1310 2471 1579 2519 significatione
1603 2483 1771 2521 compre-

1109 2528 1292 2572 henderit,
1310 2528 1532 2564 Heerenium
1555 2532 1592 2565 et
1611 2527 1774 2565 Larche-

1109 2597 1199 2630 rum,
1222 2585 1384 2632 quamvis
1407 2585 1548 2621 diverse
1569 2587 1772 2622 statuentes

1109 2640 1220 2676 falsos
1246 2653 1325 2677 esse
1350 2641 1566 2686 contendit,
1596 2641 1646 2676 ita
1675 2639 1772 2677 scili-

1109 2701 1166 2733 cet
1185 2697 1346 2733 iudicans
1371 2697 1418 2733 ob
1440 2709 1532 2743 earn,
1563 2709 1671 2746 quam
1691 2697 1773 2747 ipse

1109 2753 1176 2788 sibi
1210 2753 1377 2789 formavit
1413 2758 1535 2790 mente
1561 2753 1772 2804 opinionem

1110 2809 1156 2845 de
1188 2807 1450 2845 Macrobz‘urum
1482 2810 1641 2847 sedibus.
1717 2808 1771 2846 Ac

1110 2865 1157 2901 de
1192 2865 1258 2902 hac
1289 2871 1400 2914 gente
1433 2867 1585 2915 eiusque
1621 2864 1770 2903 sedibus

1109 2921 1295 2971 disputare
1311 2921 1473 2971 tongum,
1494 2922 1657 2972 certique
1681 2920 1771 2971 quid
