1904 3304
107 871 294 906 Polycrates,
311 870 386 898 nihil

108 905 273 933 deterritus
332 913 387 931 nec

108 941 221 968 monitu
238 942 339 966 vatum
355 942 387 965 et

108 974 289 1006 amicorum,
331 980 386 999 nec

108 1007 222 1034 somnio
236 1006 329 1039 miae,
348 1005 386 1032 ad

109 1042 250 1067 Oroetem
294 1039 386 1074 proii-

109 1075 244 1102 ciscitur.

436 200 521 241 224

832 200 1305 241 HERODOTI

435 311 515 352 τοῦ
548 308 876 362 Πολυκράτεος,
910 309 1037 353 ἐόντα
1069 309 1349 368 ἀξιοθέητον,
1381 312 1568 368 ἀνέθηκε
1598 311 1737 356 πάν-5

406 387 491 423 Ξτα
521 379 563 431 ἐς
593 380 641 423 τὸ
666 380 861 435 Ἡραῖον.
918 380 968 424 Ὃ
1001 381 1047 424 δὲ
1073 380 1288 439 Ὀροίτης,
1334 384 1492 440 μαθών
1521 383 1600 427 τόν
1628 400 1708 427 κα-

435 449 660 494 τάσκοπον
700 451 827 495 ἐόντα
860 450 1185 508 προσδόκιμον,
1223 455 1360 498 ἐποίεε
1393 455 1552 499 τοιάδε.
1611 455 1710 522 λάρ-

435 538 572 573 νακας
602 521 713 567 ὀκτώ
749 523 983 580 πληρώσας
1011 525 1174 575 λίθων,
1220 524 1333 581 πλὴν
1362 525 1499 581 κάρτα
1528 515 1712 583 βραῖέος

436 597 516 637 τοῦ
547 594 643 646 περὶ
676 592 788 638 αὐτοὶ
819 595 872 638 τὰ
903 597 1065 652 χείλεα,

1098 596 1308 652 ἐπιπολῆς
1336 601 1425 640 τῶν
1454 599 1592 641 λίθων
1616 614 1715 653 χρυ-
1727 605 1769 637 10

441 665 522 709 σὸν
545 666 743 721 ἐπέβαλε·
776 667 1021 724 καταδήσας
1053 669 1098 711 δὲ
1128 667 1204 719 τοὶς
1230 667 1473 724 λάρνακας,
1505 667 1589 725 εἶχε
1608 668 1713 712 ἑτοί-

411 743 433 777 3
446 754 541 792 μοις.

611 735 754 779 ἐλθών
797 738 842 781 δὲ
879 737 903 782 ὁ
946 738 1247 793 Μαιάνδριος,
1306 740 1379 783 καὶ
1423 739 1714 796 θεησάμενος,

280 805 380 850 124
441 805 671 863 ἀπήγγειλε
702 812 763 866 τῷ
794 811 1080 866 Πολυκράτεϊ.
1136 809 1184 853 Ὁ
1215 811 1280 863 δὲ,
1328 811 1466 854 πολλὰ
1507 811 1585 867 μὲν
1622 814 1713 854 τῶν

444 880 638 934 μαντίων
684 877 1074 936 ἀπαγορευόντων,

444 949 659 993 ἐστέλλετο
691 948 823 1002 αὐτὸς
852 950 1047 996 ἀπιέναι·
1094 954 1205 1009 πρὸς
1239 953 1303 1005 δὲ,
1335 953 1408 996 καὶ
1439 952 1616 1009 ἰδούσης
1643 956 1774 1009 τῆςΙὸ

443 1021 668 1076 θυγατρὸς
702 1021 809 1073 ὄψιν
847 1024 1060 1069 ἐνυπνίου
1099 1025 1295 1082 τοιήνδε·

1132 881 1272 926 πολλοὶ
1323 883 1367 926 δὲ
1414 886 1504 925 τῶν
1551 884 1716 938 φίλων,

1361 1023 1507 1068 ἐδόκεέ
1551 1026 1596 1067 οἱ
1640 1023 1719 1067 τὸν

443 1092 610 1146 πατέρα
648 1092 695 1135 ἐν
734 1097 796 1151 τῷ
832 1093 928 1151 ἠέρι
966 1096 1184 1152 μετέωρον
1214 1096 1363 1143 ἐόντα,
1414 1098 1605 1140 λοῦσθαι
1641 1094 1721 1150 μὲν

415 1162 537 1206 215πὸ
580 1166 663 1206 τοῦ
701 1165 830 1218 Διὸς,
873 1169 1071 1221 χρίεσθαι
1101 1167 1146 1211 δὲ
1186 1165 1273 1210 ’ὑπὸ
1309 1170 1389 1209 τοῦ
1417 1164 1557 1221 ἡλίου.
1615 1163 1721 1208 ταύ-

444 1251 524 1290 την
563 1235 720 1279 ἰδοῦσα
749 1237 828 1293 τὴν
859 1236 984 1290 ὄψιν,
1029 1240 1213 1295 παντοίη
1253 1236 1416 1293 ἐγίνετο
1455 1236 1514 1295 μή
1555 1235 1716 1293 οἷποδη-

447 1363 673 1418 καταδήσας
688 1365 729 1407 δὲ
745 1365 817 1415 τα“ς
839 1364 1056 1421 λάρνακας]

393 1426 416 1463 i.
440 1439 471 1463 e.
503 1424 683 1474 obligatas
710 1424 879 1477 (vinculis
902 1427 1056 1464 constri-

395 1483 491 1530 ctas)
522 1486 766 1532 coopertasque
790 1496 894 1519 arcas
921 1486 960 1520 in
989 1495 1058 1532 pa-

393 1542 474 1575 rato
493 1539 629 1575 habuit.
688 1540 749 1576 Sic
767 1539 814 1585 U,
840 1542 919 1581 122
940 1554 1057 1577 κατα-

396 1594 501 1634 δέειν
522 1596 692 1644 οὺίίζανρ,
712 1596 864 1632 vinculis
884 1597 1058 1632 constrin-

394 1665 489 1701 gere.
524 1652 667 1689 Docent
686 1656 805 1689 autem
825 1653 1059 1703 interpretes,

395 1709 608 1759 priusquam
638 1708 756 1746 claves
785 1715 909 1747 essent
934 1710 1059 1746 imen-

397 1770 481 1811 tae,
511 1778 613 1802 arcas
643 1769 681 1801 et
710 1766 828 1811 fores,
859 1779 950 1815 quas
979 1770 1059 1802 tuto

397 1821 538 1858 clausas
572 1820 753 1858 voluerint
781 1827 944 1870 veteres,
976 1822 1059 1858 loris

397 1878 512 1915 fuisse
542 1877 727 1926 colligatas
760 1880 865 1915 nodis
907 1879 1059 1916 constri-

399 1935 479 1980 ctis,
502 1947 593 1983 quos
615 1948 723 1972 nemo
747 1936 937 1985 quisquam
961 1934 1063 1972 facile

400 1996 526 2041 posset
565 1990 714 2028 solvere.
794 1993 877 2029 Yid.
913 1993 1062 2029 Homer.

403 2048 540 2096 Odyss,
553 2047 649 2093 Vlll,
662 2047 742 2089 447
763 2049 886 2098 ibique
896 2048 1062 2085 Eustath.

400 2116 487 2155 pag.
508 2106 605 2151 319,
629 2107 665 2146 9.
718 2105 828 2142 Plura
850 2106 954 2142 dabit
974 2106 1064 2142 But-

397 2161 505 2209 tiger.
529 2160 565 2196 in
587 2161 776 2199 Amalthea
796 2163 810 2198 I
837 2176 872 2213 p.
895 2165 985 2202 112.
1008 2182 1064 2187 ——

398 2216 458 2253 Ad
478 2217 591 2266 ipsam
614 2219 859 2255 narrationem
883 2219 981 2267 quod
1009 2222 1064 2255 at-

399 2274 505 2318 tinet,
535 2273 686 2310 similem
718 2275 932 2311 Hannibalis
964 2275 1064 2311 frau-

401 2330 507 2374 dem,
532 2334 683 2367 notante
712 2331 909 2377 Valcken.‚
941 2331 1065 2368 retulit

404 2386 517 2422 Corn.
550 2385 647 2436 Nep.
676 2386 750 2423 Vit.
790 2387 912 2423 Hann.
955 2385 991 2437 ξ.
1024 2390 1063 2432 9,

403 2441 642 2492 (‚‚amphoras
672 2442 874 2492 complures
906 2443 1064 2492 complet

403 2497 570 2549 plumbo3
601 2511 758 2535 summas
778 2500 896 2548 operit
917 2512 1004 2535 auro
1027 2504 1065 2536 et

404 2556 630 2603 argento“)‚
661 2555 721 2591 ubi
751 2556 820 2591 vid.
854 2556 1064 2605 interprett.

405 2610 453 2648 T.
476 2611 508 2646 ΙΙ
533 2623 565 2661 p.
592 2613 681 2651 178.
709 2613 799 2651 179.
822 2613 879 2649 ed.
898 2612 1067 2648 vanSta·

405 2680 480 2704 ver.
503 2672 540 2703 et
563 2667 713 2712 Bar‹1il..,
736 2668 895 2717 itemque
911 2668 1067 2715 Egesta-

407 2735 536 2760 norum
561 2723 726 2760 fraudem
750 2724 986 2772 Thucydides
1008 2724 1070 2770 VI,

407 2782 462 2820 46
495 2779 573 2816 coil.
607 2779 761 2817 Diodor.
790 2780 872 2825 ΧΠ,
897 2782 961 2819 83.
998 2781 1071 2817 Ρο-

410 2836 529 2886 lyaen.
548 2835 609 2883 w,
630 2838 694 2877 21.
725 2835 784 2875 De
804 2836 936 2886 Pythio
958 2837 1071 2887 Syra-

1115 1380 1253 1405 cusano
1284 1367 1358 1405 tale
1385 1367 1473 1417 quid
1503 1368 1616 1406 refert
1656 1367 1775 1406 Cicer.

1113 1424 1173 1463 De
1192 1424 1286 1461 offic.
1309 1425 1371 1471 ΙΙΙ,
1398 1424 1459 1465 14.

1292 1481 1400 1531 Cap.
1435 1481 1599 1519 cxxiv.

1171 1535 1364 1577 ἐστέλλετο
1379 1533 1498 1584 αὐτός
1518 1533 1692 1587 α’πιέναι]
1707 1532 1777 1576 αὖ·

1116 1590 1184 1640 τός
1203 1607 1282 1631 cum
1305 1594 1422 1631 Gaisf.
1447 1599 1486 1632 et
1505 1594 1634 1631 Matth.
1657 1594 1778 1645 recepi

1117 1664 1184 1701 pro
1203 1652 1298 1699 vulg.
1317 1645 1471 1698 αὐτόσε,
1489 1652 1670 1701 probante
1687 1663 1779 1700 quo-

1118 1720 1190 1755 que
1202 1707 1418 1756 Schweigh„
1439 1709 1501 1756 qui
1513 1708 1688 1745 vocabulo
1709 1701 1780 1746 αὖ·

1117 1760 1208 1802 τόσε
1228 1776 1411 1812 nunquam
1431 1764 1520 1801 alias
1547 1764 1778 1802 Herodotum

1119 1833 1198 1857 esse
1241 1833 1342 1856 usum
1377 1821 1556 1867 affirmat,
1598 1834 1677 1858 cum
1711 1832 1779 1871 pro

1121 1872 1262 1915 αὐτόσε
1283 1877 1341 1914 ille
1363 1878 1482 1926 potius
1504 1878 1536 1914 h.
1558 1877 1578 1914 Ι.
1599 1877 1782 1927 posuisset

1120 1933 1256 1972 ἐκεῖσε.
1316 1933 1375 1969 Ad
1409 1934 1556 1970 verbum
1588 1932 1780 1972 ἐστέλλετο

1120 1991 1214 2027 conf.
1237 1989 1310 2036 111,
1332 1991 1384 2029 53
1418 1995 1454 2027 et
1477 1991 1524 2027 ud
1552 1991 1663 2027 verba
1688 1991 1782 2029 λοῦ-

1121 2051 1218 2086 σθαι
1239 2043 1312 2097 μὲν
1341 2043 1421 2086 ν’πό
1448 2049 1520 2086 τοῦ
1547 2043 1645 2093 Διὸς
1670 2050 1783 2097 caput

1121 2116 1289 2153 sequeus.
1621 2118 1625 2124 ¹

1179 2159 1348 2210 παντοίη
1376 2157 1551 2211 ἐγίνετο]
1583 2158 1730 2214 ἐγίνετο
1761 2172 1783 2198 e

1120 2217 1333 2255 Florentino
1356 2217 1557 2267 recepimus
1572 2230 1639 2267 pro
1658 2214 1782 2269 ἐγένε-

1123 2288 1177 2312 το.
1219 2275 1375 2309 sensum
1397 2272 1588 2309 locutionis
1612 2275 1664 2310 ita
1687 2272 1783 2309 indi-

1123 2330 1217 2367 carit
1253 2329 1429 2365 Yaicken.
1461 2342 1469 2365 :
1521 2330 1559 2365 in
1600 2342 1712 2365 omnes
1749 2341 1784 2365 se

1113 2386 1253 2436 formas
1274 2385 1442 2430 vertebat,
1475 2385 1653 2422 obsecrans
1677 2384 1785 2434 Poly-

1123 2447 1251 2479 cratem
1273 2442 1370 2478 domo
1390 2455 1432 2477 ue
1457 2442 1583 2489 abiret,
1615 2440 1784 2492 δεομένη

1122 2498 1411 2535 subaudiendum
1436 2511 1516 2535 esse
1535 2512 1701 2545 monens,
1715 2499 1784 2536 ad-

1125 2556 1239 2591 ditum
1271 2554 1355 2591 illud
1384 2554 1533 2602 quidem
1561 2556 1607 2592 ab
1634 2554 1785 2593 Aeliano

1122 2610 1171 2649 N.
1195 2611 1238 2646 A.
1261 2610 1420 2656 XV,21.
1450 2610 1682 2649 Herodotum
1705 2610 1785 2648 imi-

1126 2672 1229 2704 tante
1259 2666 1347 2713 Vll,
1383 2670 1432 2706 10
1470 2668 1551 2704 ubi:
1603 2670 1786 2706 παντοῖοι

1127 2721 1307 2774 ἐγένοντο
1341 2718 1505 2762 Σκύθαι
1538 2720 1720 2775 δεόμενοι
1748 2737 1785 2762 κ.

1127 2794 1159 2817 τ.
1191 2782 1223 2817 λ.
1295 2779 1524 2829 Quocunque
1554 2781 1649 2818 enim
1675 2779 1786 2817 vehe-

1128 2836 1295 2874 mentiori
1334 2836 1466 2873 mentis
1511 2841 1612 2875 motu
1651 2836 1786 2882 subito,

1784 1235 1866 1276 260
