1904 3304
578 218 927 259 THALIA.

989 221 1052 260 ΙΙΙ.
1360 225 1445 266 197

169 329 247 385 τὴν
265 328 307 380 ἐς
320 327 532 386 ’Έλληνας
544 332 744 381 Φοίνικες
764 329 986 386 ἐξάγουσι·
1015 329 1179 387 ταύτην
1194 335 1440 387 θυμιῶντες

140 400 456 457 3λαμβάνουσμ

512 401 565 446 τοὶ
605 401 689 458 γάρ
728 401 911 456 δένδρεα
949 405 1085 445 ταῦτα
1114 401 1166 444 τὰ
1203 406 1439 459 λιβανωτο-

164 471 283 528 φόροι
313 472 437 529 ὄφιες
465 472 728 527 ὑπόπτεροι,
758 472 908 528 μικροὶ
927 471 980 515 τοὶ
998 472 1212 528 μεγάθεα
1243 477 1436 519 ποικίλοι

162 543 214 586 τὰ
245 545 379 594 εἶ’,δεα
420 545 722 601 φυλάσσουσι,
753 543 914 599 πληθεὶ
942 545 1098 587 πολλοὶ
1126 545 1223 599 περὶ
1255 544 1494 599 δένδρονόο

165 614 369 659 ἕκαστον·

135 689 156 726 4
168 703 249 729 ται.

0 751 118 796 '1⁰8
167 757 329 812 ὁρέων,
359 758 388 815 ἢ
416 764 492 816 τῆς
523 760 738 816 στύρακος
768 760 827 814 τῷ
857 760 1023 812 καπνῷ.

162 829 261 873 τόδε
285 828 495 887 Ἀράβιοι,
529 831 587 883 ὠς
618 835 736 874 πᾶσα
765 828 819 872 ἂν
844 832 900 885 γῆ
920 828 1159 882 ἐπίμπλατο
1178 832 1266 870 τῶν
1285 826 1525 884 ὀφίωνόὅ

161 1039 234 1093 τήν
282 1042 321 1089 ἐς
347 1038 543 1092 ’Έλληνας
586 1041 769 1089 Φοίνικες

105 1095 306 1150 ἐξάγουσι]
338 1099 391 1135 Ex
420 1099 487 1136 hoc
518 1098 596 1136 loco
623 1099 768 1136 Dahlm.

104 1156 142 1193 in
161 1155 300 1193 Herod.
319 1169 356 1206 p.
369 1158 421 1197 63
445 1155 641 1203 concludit,
657 1169 766 1205 quam

105 1213 269 1249 floruerit
312 1212 535 1249 Phoenicum
583 1225 767 1250 commer-

105 1268 197 1305 cium
219 1281 299 1305 cum
326 1269 492 1314 Graecis,
513 1269 642 1317 quibus
660 1282 768 1319 prae-

104 1329 160 1362 ter
172 1329 227 1361 tot
238 1325 325 1361 alias
339 1338 396 1362 res
416 1324 471 1361 vel
483 1329 676 1371 storacem,
690 1338 766 1362 rem

104 1380 160 1417 vix
173 1380 288 1428 ullius,
302 1381 475 1418 momenti
488 1376 708 1418 advexerint.
718 1381 766 1418 Et

104 1449 192 1474 sane
204 1450 296 1486 quae
309 1437 418 1488 paulo
439 1442 548 1474 antea
560 1450 766 1474 memoran-

103 1498 172 1540 tur,
198 1506 240 1530 ea
254 1494 374 1530 omnia
391 1506 456 1544 per
467 1493 680 1541 Phoenices,
703 1494 762 1543 qui

102 1562 145 1586 ex
156 1549 290 1586 Arabia
310 1551 377 1586 ista
395 1551 635 1598 arcessierint,
648 1551 766 1588 Grae-

101 1606 152 1643 cis
174 1606 373 1643 innotuisse
399 1607 627 1655 advectaque
654 1607 764 1644 fuisse

101 1662 257 1699 dubitari
280 1663 419 1712 nequit,
450 1663 663 1700 commercio
683 1677 763 1700 cum

100 1718 235 1756 Arabia
255 1723 291 1756 et
310 1732 375 1769 per
401 1719 494 1756 hanc
523 1724 657 1756 terram
681 1733 760 1756 cum

98 1774 202 1811 India
219 1777 372 1813 maxime
393 1777 549 1812 florenti.
610 1776 665 1812 Ex
687 1789 760 1825 qua

98 1830 203 1868 ludia
224 1832 332 1868 etiam
353 1832 616 1869 cinnamomum
642 1833 758 1881 (quod

99 1887 135 1923 in
184 1886 319 1924 Arabia
376 1889 521 1925 minime
567 1889 759 1938 provenire

103 1955 228 1980 omnes
257 1942 391 1994 sciunt)
416 1949 451 1981 et
479 1945 572 1981 casia
599 1946 759 1982 adducta

101 2000 138 2035 in
164 1999 356 2045 Arabiam,
394 2001 491 2037 unde
525 2006 760 2051 asportarunt

100 2055 302 2092 Phoenices
331 2056 379 2092 ad
409 2056 595 2104 Graecos,
636 2062 673 2094 et
710 2058 758 2094 ad

100 2111 186 2148 alias
211 2111 380 2162 Europae
408 2113 640 2150 occidentalis
668 2127 760 2161 gen-

100 2172 169 2205 tes.
229 2168 337 2205 Plura
364 2169 525 2206 Heeren.
551 2170 662 2207 Ideen
683 2170 710 2217 l,
732 2173 758 2211 2

98 2237 186 2275 pag.
202 2226 254 2264 96
270 2237 371 2274 seqq.
395 2226 489 2266 250.
512 2226 555 2271 ΙΙ,
574 2229 589 2264 1
612 2240 648 2276 p.
662 2226 758 2272 455,

98 2282 160 2330 qui
192 2281 287 2318 idem
318 2287 442 2319 monet
472 2282 552 2318 ilius
581 2296 655 2319 non
683 2288 758 2318 tam

100 2350 141 2374 ex
165 2338 242 2387 ipsa
264 2338 410 2385 Arabia,
441 2352 550 2387 quam
573 2353 639 2389 per
665 2338 757 2375 Ara-

99 2393 195 2430 biam
216 2407 259 2431 ex
279 2395 424 2432 Africae
448 2397 532 2442 oris,
564 2396 621 2432 ubi
642 2395 759 2445 potis-

100 2450 226 2486 simum
246 2452 451 2500 proveniat,
474 2452 673 2489 Phoenices
695 2464 755 2488 ac-

100 2506 237 2555 cepisse
270 2508 428 2556 indeque
459 2508 546 2545 alias
570 2509 606 2544 in
640 2513 754 2545 terras

99 2564 379 2612 transportasse.
417 2565 500 2603 Yid.
525 2565 546 2601 l.
568 2564 589 2601 l.
616 2565 641 2611 Ι,
662 2566 687 2603 2
716 2578 752 2614 p.

100 2618 166 2656 98.
216 2618 313 2655 Idem
344 2621 389 2657 de
416 2621 509 2657 ebore
539 2620 645 2658 valet.
696 2620 754 2657 De

100 2686 172 2721 quo
200 2674 310 2710 multa
337 2676 379 2712 A.
401 2677 446 2714 de
468 2677 601 2726 Schle‹
587 2677 648 2715 el.
673 2677 753 2714 Ind.

98 2728 192 2766 Bibl.
214 2730 240 2775 Ι,
265 2734 291 2771 2
317 2744 340 2781 p
376 2734 456 2773 237
476 2746 578 2783 seqq.

156 2783 269 2834 ὄφιες
286 2781 518 2839 υπόπτεροι]
541 2790 650 2829 Conf.
663 2789 755 2827 Dio-

98 2842 175 2879 dor.
208 2841 314 2880 Sicul.
337 2843 401 2892 ΙΙΙ,
430 2844 483 2885 47
504 2849 542 2883 et
563 2858 657 2896 quae
687 2859 755 2884 no-

423 611 547 660 οὗτοι
587 620 710 670 οίπερ
752 612 824 657 ἐπ’
854 615 1080 669 Αἴγυπτον
1111 615 1436 670 ἐπιστρατεύον-

313 685 461 732 οὐδειὶ
507 689 553 733 δὲ
593 688 708 745 α’λλῳ
747 683 1070 728 ἀπελαύνονται
1100 684 1183 729 από
1213 704 1303 730 των
1338 689 1438 731 δεν-

1086 756 1275 812 Λέγουσι
1297 759 1342 802 δὲ
1362 759 1434 802 καὶ

1493 754 1601 782 Divina
1609 756 1769 790 providen-

1491 790 1512 814 1·
1517 796 1535 815 a
1551 797 1665 816 mamm!
1669 799 1693 817 lS
1711 792 1768 817 Uti·-

1493 822 1563 849 lium
1604 823 1654 850 bes
1642 824 1747 851 tiiaru
1742 833 1767 865 [n

1489 864 1525 895 pr
1528 864 1558 881 o
1560 862 1668 888 εηῑιικς
1714 859 1751 884 mi
1755 873 1767 877 -

162 901 355 954 τούτων,
394 904 431 945 εἰ
459 901 517 959 μή
548 904 748 958 γίνεσθαι
778 898 875 944 κατ’
916 898 1077 949 αὐτούς
1116 896 1213 942 οἷόν
1249 916 1290 942 τι
1320 900 1430 944 κατα
1488 898 1586 959 ῗέᾗῗιῗ
1600 890 1765 952 2¹¹„11‘1'12‘l'32

826 1041 979 1078 tavimus
1007 1040 1054 1077 ad
1077 1039 1218 1077 Herod.
1237 1039 1284 1086 ΙΙ,
1316 1039 1370 1081 75
1390 1044 1428 1078 et
1451 1041 1488 1079 in

825 1097 999 1134 Addend.
1030 1095 1115 1133 '111
1144 1109 1230 1146 pag.
1252 1098 1346 1137 932.
1389 1098 1488 1134 Add.

826 1153 1031 1192 Tzschuck.
1054 1154 1102 1189 ad
1126 1153 1306 1204 Pompon.
1322 1153 1407 1191 Mel.
1424 1154 1487 1202 Ill,

825 1213 849 1252 8
879 1209 915 1260 ᾖ.
945 1212 969 1249 9
1002 1222 1087 1260 pag.
1110 1211 1206 1255 366,
1238 1210 1297 1258 qui
1323 1215 1360 1247 et
1390 1217 1489 1248 vete·

824 1280 902 1304 rum
926 1271 961 1303 et
980 1266 1223 1303 recentiorum
1245 1265 1342 1303 locos
1365 1268 1411 1304 de
1431 1267 1485 1304 his

823 1323 1055 1373 serpentibus
1077 1321 1280 1358 volantibus
1307 1324 1485 1360 excitavit.

822 1380 982 1417 Heeren.
1002 1378 1026 1416 l.
1046 1378 1067 1415 l.
1091 1379 1127 1425 1,
1156 1381 1181 1419 2
1202 1392 1287 1429 pag.
1310 1382 1362 1420 99
1386 1380 1487 1429 cogi-

822 1440 879 1473 tat
900 1436 946 1472 de
965 1435 1007 1471 iis
1033 1435 1206 1481 bestiolis,
1239 1448 1334 1483 quae
1356 1437 1483 1473 dicun-

822 1497 881 1529 tur
910 1491 1136 1541 Musqnno's.
1204 1491 1322 1537 Mi0t‚
1357 1492 1482 1529 Gallus

819 1548 1002 1586 Herodoti
1027 1549 1218 1598 interpres,
1239 1548 1327 1585 alios
1350 1549 1408 1585 hic
1428 1550 1484 1586 in-

822 1605 933 1642 dicari
965 1605 1095 1641 statuit
1121 1609 1334 1654 serpentes,
1372 1618 1482 1654 quam

821 1674 914 1711 quos
934 1674 1046 1711 supra
1066 1660 1205 1698 Noster
1217 1661 1400 1709 dixeritll,
1416 1662 1482 1703 75.

819 1718 890 1767 Agi
920 1718 1015 1755 enim
1048 1717 1106 1754 hic
1131 1722 1234 1768 putat
1255 1719 1302 1756 de
1332 1731 1484 1769 serpen-

818 1778 894 1811 tum
922 1787 1057 1822 genere
1084 1775 1120 1810 in
1141 1774 1275 1811 Arabia
1302 1775 1401 1823 quod
1428 1775 1484 1811 in-

816 1831 1003 1877 veniatur,
1041 1830 1215 1880 quodque
1246 1831 1309 1867 alis
1345 1835 1481 1879 careat,

815 1888 881 1924 sed
911 1892 1029 1924 motus
1062 1886 1244 1925 celeritate
1275 1888 1327 1924 ita
1363 1887 1479 1925 excel-

815 1944 878 1990 lat,
911 1949 950 1980 ut
975 1948 1187 1993 serpentum
1210 1944 1405 1981 volantium
1423 1944 1480 1980 in-

816 2001 863 2037 de
890 2001 1075 2049 acceperit
1104 2012 1249 2037 nomen.
1316 2000 1375 2038 De
1403 2013 1477 2049 quo

814 2056 971 2093 conferri
1013 2055 1089 2092 vult
1127 2055 1303 2093 Niebuhr.
1347 2057 1476 2094 Descr.

817 2112 927 2149 Arab.
949 2111 962 2148 Ι
986 2125 1073 2162 pag.
1095 2111 1176 2152 246
1197 2125 1274 2160 seq.

1015 2168 1124 2217 Cap.
1149 2168 1278 2205 cvm.

871 2222 1104 2274 ἐπίμπλατο]
1124 2224 1267 2273 Reliqui
1280 2224 1361 2271 hoc,
1378 2225 1479 2275 quod

814 2280 983 2319 meliores
1004 2281 1109 2318 codd.
1130 2280 1345 2318 offerebant.
1405 2280 1476 2318 Alii

815 2335 1068 2387 ἐπιμπλέετο,·
1099 2337 1320 2386 wesseling.
1341 2338 1477 2375 malue-

814 2400 870 2431 rat
888 2392 1140 2444 ἕπιμπλέατο.
1172 2394 1232 2431 Ad
1250 2395 1360 2432 verba
1374 2394 1408 2433 εἰ
1420 2390 1475 2444 μή

814 2451 1001 2503 γίνεσθαι
1029 2451 1123 2488 conf.
1152 2451 1287 2492 Matth.
1314 2452 1380 2488 Gr.
1408 2452 1476 2488 Gr.

812 2505 837 2558 ἓ
868 2560 966 2602 nato?
983 2561 1152 2614 ἐχίδνας]
1184 2563 1366 2600 Sanerosti
1384 2562 1476 2600 liber

811 2619 896 2659 καὶ
930 2616 1016 2666 τὰς
1053 2620 1150 2670 (pro
1180 2617 1333 2667 κατα),
1375 2620 1474 2656 unde

811 2676 1013 2725 Schweigh.
1029 2677 1080 2713 sic
1100 2676 1182 2713 olim
1199 2677 1372 2727 scripturn
1382 2676 1473 2712 fuis-

812 2747 852 2771 se
874 2733 1038 2770 coniicit:
1071 2728 1156 2771 οἶόν
1190 2747 1226 2771 τι
1256 2731 1324 2771 καὶ
1350 2727 1473 2770 uate?

810 2786 898 2836 τας
919 2788 1085 2839 ἐχίδνας.
1122 2788 1235 2826 Plane
1256 2789 1358 2826 aliter
1380 2788 1474 2824 hunc

812 2846 931 2884 locum
952 2846 1123 2883 constitui
1146 2845 1221 2882 vult
1238 2844 1404 2895 Lennep.
1425 2843 1472 2880 ad
