1904 3304
70 345 169 390 178

505 221 1186 265 MELPOMENE.1V.

1396 222 1480 262 589

326 334 612 390 Λωτοφάγων
642 334 688 378 δὲ
717 333 765 378 τό
796 332 914 387 παρὰ
940 332 1168 376 θάλασσαν
1193 330 1359 386 ἔχονται
1382 328 1479 371 Μά-

211 412 336 464 χλυες
364 410 424 463 τῷ
455 410 578 464 λωτῷ
607 405 685 459 μὲν
714 406 785 449 καὶ
817 400 940 448 οὗτοι
969 402 1229 459 χρεώμενοι,
1267 399 1375 454 α’τὰρ
1405 395 1477 455 ἦσ-

185 479 294 522 Ξσόν
322 494 369 533 γε
397 481 485 520 τῶν
514 477 728 531 πρότερον
758 475 1008 532 λεχθέντων.
1067 472 1305 530 κατήκουσι
1335 470 1381 514 δὲ
1410 469 1479 512 ἐπὶ

210 547 409 605 ποταμὸν
437 547 575 604 μέγαν
605 551 664 604 τῷ
695 547 866 604 οὔνομα
894 547 1060 601 Τρίτων
1090 544 1190 588 ἐστί.
1242 542 1409 586 ἐκδιδοῖ
1433 541 1479 584 δὲ

157 729 205 766 de
227 727 355 764 eadem
383 726 447 763 loti
475 726 617 776 specie,
650 736 722 774 qua
751 736 816 760 an-

156 783 364 822 tecedentia
382 811 392 829 ,
451 781 604 829 intelligi
648 781 724 817 vult
771 780 816 816 ls.

154 841 262 878 Voss.
286 840 333 876 ad
352 839 492 888 Scylac.
515 851 600 888 pag.
628 838 708 878 520
733 836 779 873 T.
803 836 817 872 Ι

158 896 269 943 Gail.‚
299 909 377 933 cum
397 896 448 932 illi
469 895 531 931 loti
550 895 698 939 fructus,
719 893 817 929 unde

158 955 323 990 vinosum
371 951 614 1001 expresserint
660 961 816 994 succum,

158 1010 314 1047 maiores
332 1008 464 1045 fuerint
490 1008 554 1053 iis,
595 1006 711 1054 quiin
732 1005 818 1042 fari-

157 1079 227 1103 nae
245 1077 347 1102 usum
367 1065 554 1101 cesserint.
581 1062 714 1111 Neque
730 1074 816 1098 vero

158 1122 248 1159 haec
287 1120 472 1158 Herodoti
519 1120 662 1157 videtur
707 1118 818 1155 fuisse

159 1177 364 1222 sententia,
404 1178 466 1226 qui
486 1188 594 1212 unam
618 1175 729 1212 modo
751 1187 818 1210 no-

159 1235 212 1271 vit
233 1234 421 1279 arborem,
458 1245 567 1269 unum
589 1233 819 1279 eundemque

159 1292 337 1335 fructum,
389 1301 497 1338 quem
544 1288 659 1325 solum
699 1300 821 1324 come-

162 1347 285 1384 dendo
310 1346 419 1382 vitam
439 1345 680 1382 sustentarint
708 1348 746 1381 et
778 1355 820 1380 ex

160 1416 233 1452 quo
253 1402 382 1440 eodem
403 1403 473 1438 vini
499 1414 615 1450 genus
632 1401 820 1450 quoddam

159 1459 333 1510 pararint.
365 1459 421 1495 Cf.
440 1457 594 1496 Rennel.
615 1471 650 1506 p.
672 1456 766 1497 664.

300 1515 409 1565 Cap.
441 1513 678 1551 CLXXVIII.

217 1566 429 1621 ΠΙάχλυες]
490 1568 688 1620 Machlyas
719 1568 820 1605 novit

160 1626 296 1664 Plinius
316 1627 364 1663 H.
392 1626 442 1663 N.
466 1625 546 1673 Vll,
568 1629 618 1672 2,
649 1627 820 1674 idemque

161 1683 377 1721 vocabulum
392 1711 402 1729 ,
445 1687 595 1720 auctore
632 1682 665 1719 V
668 1681 822 1729 alcken.‚

162 1740 431 1777 restituendum
459 1740 495 1776 in
515 1738 633 1787 Nicol.
652 1739 818 1776 Damasc.

164 1797 372 1834 narratione
389 1797 489 1846 apud
510 1796 711 1832 Stobaeum
734 1807 820 1845 pag.

166 1855 261 1898 292,
280 1853 335 1892 50
364 1851 426 1902 [T.
450 1852 482 1888 ll
513 1865 548 1902 p.
570 1854 652 1893 226
674 1849 822 1900 Gaisf.].

164 1909 263 1945 Infra
289 1908 351 1955 IV,
375 1911 451 1949 191
474 1903 653 1954 ΗΙάξυες,
671 1909 731 1944 ubi
750 1908 823 1943 vid.

165 1964 498 2001 Raoul-Rochette
531 1966 693 2001 citatum.
756 1963 823 2000 Di-

165 2021 258 2058 versi
287 2033 435 2070 quoque
456 2019 642 2070 IlIachlyes
668 2019 823 2067 Scytha·

167 2090 246 2114 rum
274 2089 364 2126 gens
404 2089 519 2126 prope
551 2077 736 2122 Maeotin,
777 2076 824 2112 de

167 2146 239 2183 qua
259 2133 410 2170 Lucian.
437 2133 472 2169 in
492 2132 527 2169 T
531 2145 630 2169 oxar.
653 2131 688 2183 ᾗ.
711 2133 778 2173 45.

224 2186 441 2240 κατήκουσι
471 2186 513 2227 δὲ
544 2187 610 2228 ἐπὶ
642 2184 824 2238 ποταμὸν

163 2243 297 2298 μέγαν,
318 2248 371 2299 τῷ
388 2243 542 2295 οὕνομα
560 2246 708 2296 Τρίτων
727 2243 823 2295 ἐστί]

164 2303 294 2353 Scylax
315 2315 399 2353 pag.
419 2302 472 2342 49
493 2302 609 2338 Huds.
631 2315 718 2352 pag.
742 2302 824 2342 314

164 2359 260 2396 Gail.
292 2360 329 2396 in
355 2359 455 2406 Syrti
487 2359 615 2395 minori
644 2362 825 2396 memorat

164 2415 316 2452 insulam
339 2415 558 2452 Tritonidem
577 2415 738 2464 itemque
755 2416 824 2451 ssu-

165 2471 258 2509 vium
281 2472 496 2517 Tritonem,
537 2484 692 2519 quocum
728 2471 824 2508 conf.

166 2527 300 2564 Strabo
322 2528 425 2565 XVIl
446 2542 482 2578 p.
503 2527 585 2569 834
604 2541 632 2564 s.
658 2529 758 2567 1191
780 2528 823 2563 C.

167 2586 204 2619 et
227 2583 364 2620 Plinius
385 2584 433 2621 H.
454 2583 502 2621 N.
525 2583 570 2630 V,
590 2583 636 2622 4:
667 2584 750 2630 „Ab
769 2584 823 2619 his

168 2638 236 2685 (sc.
265 2640 334 2676 aris
353 2639 626 2687 Philaenorum,
669 2641 729 2677 ubi
749 2639 825 2676 Lo-

166 2694 337 2744 tophagi)
348 2708 420 2732 non
437 2696 561 2746 procul
578 2709 598 2733 a
615 2697 824 2733 continente

167 2750 269 2800 palus
311 2756 413 2788 vasta
452 2765 593 2790 amnem
630 2752 824 2790 Tritonem

168 2819 376 2856 nomenque
404 2808 449 2844 ab
477 2821 522 2845 co
549 2809 702 2859 accipit,
740 2809 825 2846 Pal-

167 2862 298 2900 lantias
329 2862 512 2914 appellata
539 2864 757 2903 Callimacho
788 2870 825 2903 et

876 725 963 762 citra
976 723 1149 760 minorem
1162 722 1298 771 Syrtim
1319 732 1398 758 esse
1417 720 1534 756 dicta:

876 794 896 818 a
914 780 1032 816 multis
1047 792 1133 817 vcro
1154 780 1246 816 inter
1267 779 1358 814 duas
1368 776 1534 824 Syrtes.“

876 838 985 874 Plura
1002 837 1075 872 vid.
1101 836 1201 886 apud
1221 833 1455 879 Tzschucke,
1484 831 1532 868 ad

875 893 962 930 Mel.
1010 892 1048 938 I,
1097 895 1122 932 7
1135 920 1145 938 ‚
1184 891 1210 931 4
1262 895 1357 930 nott.
1403 901 1532 937 exegg.

874 949 954 986 Vol.
984 948 1033 985 111
1065 948 1106 985 P.
1147 948 1161 983 l
1198 960 1284 997 pag.
1326 948 1426 991 186,
1471 945 1534 994 qui

875 1007 1124 1055 discrepantes
1152 1009 1315 1040 veterum
1352 1001 1449 1039 locos
1487 1001 1534 1037 de

875 1062 1079 1100 Tritonidis
1102 1059 1220 1097 insula
1240 1058 1397 1107 collegit.
1437 1056 1535 1094 Add.

874 1118 1016 1156 Miiller.
1040 1117 1211 1155 Orchom.
1229 1129 1313 1166 pag.
1333 1113 1414 1155 355
1429 1143 1440 1160 ,
1472 1113 1536 1162 qui

875 1187 1113 1224 quaecunque
1141 1174 1187 1210 de
1206 1172 1361 1209 Tritone
1390 1183 1432 1207 ac
1450 1169 1537 1207 Tri-

875 1232 1001 1269 tonide
1021 1244 1087 1281 per
1098 1229 1253 1278 Libyam
1271 1227 1458 1266 retulerint
1476 1239 1538 1263 ve-

877 1292 993 1334 teres,
1024 1300 1068 1324 ea
1087 1287 1134 1323 ad
1154 1285 1330 1323 Boeotiae
1344 1283 1379 1321 T
1383 1284 1536 1320 ritonem

876 1345 1174 1392 Boeotorumque
1205 1355 1233 1378 s.
1253 1341 1461 1389 Minyarum
1488 1340 1537 1376 ad

877 1402 1094 1438 traditiones
1129 1398 1252 1436 efficta
1295 1397 1430 1434 statuit.
1487 1394 1539 1432 At

877 1458 960 1494 vide
980 1458 1028 1493 sis
1048 1457 1180 1493 Creuz.
1203 1454 1330 1504 Symb.
1351 1453 1384 1489 ll
1404 1466 1440 1502 p.
1455 1452 1537 1492 650

878 1519 951 1551 not.
965 1515 1059 1553 333.
1080 1511 1161 1549 Nos
1182 1511 1251 1548 alia
1268 1511 1326 1547 hic
1346 1514 1537 1547 sectamur.

877 1571 919 1607 In
938 1570 1053 1606 lacum
1071 1568 1277 1606 Tritonidis
1297 1571 1485 1602 ventorum
1503 1565 1538 1600 vi

877 1639 956 1663 curn
988 1625 1087 1673 Argo
1129 1624 1231 1660 navis
1269 1626 1365 1660 esset
1400 1621 1537 1667 delata,

877 1695 1106 1731 consequens
1155 1684 1211 1718 est
1259 1679 1355 1716 hunc
1407 1677 1538 1724 lacum,

878 1751 987 1789 quem
1001 1751 1097 1775 nunc
1113 1737 1234 1774 vocari
1246 1734 1433 1772 Lowdeah
1451 1746 1537 1770 con-

878 1796 1037 1833 tendunt
1069 1794 1198 1839 Shaw,
1246 1791 1329 1838 alii,
1371 1791 1463 1828 mari
1505 1802 1537 1827 s.

879 1853 978 1900 Syrti
997 1852 1126 1888 minori
1143 1850 1226 1887 olim
1248 1849 1358 1886 fuisse
1379 1848 1539 1883 iunctum

880 1909 982 1946 brevi
1008 1908 1173 1956 quamvis
1201 1904 1317 1943 canali
1351 1902 1462 1953 (nam
1495 1915 1539 1939 eo

881 1964 1063 2002 retulerim
1085 1960 1133 2001 τὰ
1163 1957 1309 2013 βράχεα
1333 1960 1433 2010 apud
1458 1959 1540 1996 He-

881 2021 1095 2066 rodotum);
1125 2020 1163 2056 id
1182 2018 1284 2067 quod
1303 2017 1348 2053 ab
1370 2029 1427 2061 ea,
1444 2027 1540 2064 quae

881 2090 978 2114 nunc
1005 2081 1064 2113 est
1088 2075 1182 2112 illius
1202 2074 1386 2122 regionis,
1417 2070 1540 2108 indole

880 2146 1029 2184 prorsus
1068 2132 1241 2169 abhorret
1258 2159 1270 2178 ‚
1328 2141 1407 2166 cum
1447 2129 1542 2164 inter

881 2190 1017 2227 huncce
1055 2188 1172 2225 lacurn
1203 2192 1239 2224 et
1274 2198 1373 2223 mare
1402 2188 1540 2221 tractus

880 2247 1023 2283 intersit
1062 2244 1249 2282 sabulosus
1287 2242 1425 2290 aliquot
1463 2239 1542 2277 mil-

883 2302 1000 2349 liam,
1040 2302 1075 2338 in
1104 2314 1176 2351 quo
1197 2299 1312 2337 omnis
1338 2310 1435 2347 aqua
1455 2309 1543 2334 con-

881 2360 981 2396 tinuo
998 2359 1117 2408 perire
1139 2358 1291 2401 dicitur3
1321 2365 1541 2404 quamquam

880 2428 953 2452 non
976 2415 1107 2452 desunt
1122 2414 1267 2457 indicia,
1297 2412 1426 2461 quibus
1447 2410 1541 2446 hunc

880 2473 997 2522 ipsum
1039 2475 1195 2507 tractum
1234 2468 1290 2505 vel
1330 2472 1448 2504 totum
1485 2465 1541 2503 vel

880 2529 1034 2565 maxima
1050 2534 1148 2564 certe
1166 2539 1208 2564 ex
1221 2529 1326 2575 parte
1343 2524 1452 2560 arena
1471 2523 1540 2559 ad-

880 2585 990 2621 ducta
1009 2583 1093 2620 olim
1114 2586 1307 2632 aggestum
1324 2581 1433 2617 fuisse
1452 2591 1538 2615 con—

880 2641 977 2677 iicias
998 2641 1188 2690 ipsumque
1208 2639 1336 2683 rivum,
1358 2649 1430 2684 quo
1450 2634 1534 2672 olim

880 2696 979 2734 lacus
995 2697 1086 2733 mari
1105 2696 1215 2733 fuerit
1233 2695 1395 2739 iunctus,
1425 2691 1536 2728 arena

881 2754 1063 2791 obtectum
1082 2765 1161 2790 esse
1180 2755 1340 2794 statuas3
1368 2759 1534 2798 praeser-

880 2810 947 2846 tim
971 2822 1051 2846 cum
1070 2809 1126 2845 vel
1145 2808 1266 2858 prisco
1286 2818 1376 2844 aevo
1396 2803 1535 2855 perdif-

881 2865 1009 2903 ficilem
1030 2865 1141 2902 fuisse
1159 2864 1315 2910 exitum,
1344 2861 1424 2912 ipsa
1444 2860 1536 2896 baec

1538 327 1705 363 Machlyes,
1725 336 1743 354 a
1756 328 1813 355 Lo-

1535 362 1675 396 tophagis
1695 361 1731 388 ad
1744 362 1815 389 Τπ-ἱ-

1533 397 1633 421 (onem
1672 396 1793 422 fluvium
1805 416 1812 423 .

1553 429 1638 461 palus
1651 429 1798 463 Tritonis,

1535 464 1564 488 et
1584 462 1683 489 insula
1701 462 1786 490 l'hla.
