1904 3304
113 849 221 877 Modus
240 853 321 879 comi»
315 862 357 879 ιιι-

97 884 182 910 rendi
209 884 277 911 sesti!

97 927 277 984 teri-icant‘
244 895 301 953 quvi:
289 919 373 980 οιιίιιιιιι

114 986 205 1012 etiam
248 985 307 1014 libe
292 997 358 1014 esto

98 1020 245 1059 niasculos
262 1022 377 1049 interfi-

426 253 511 294 412

820 249 1294 289 HERODOTI

427 359 702 414 ἐπιορκῆσαι,
733 360 814 401 τοῦ
844 357 889 401 δὲ
919 356 1048 409 ἰθέως
1076 357 1155 415 τὴν
1174 358 1368 415 κεφαλήν
1389 358 1689 416 ἀποτάμνουσι

428 429 503 474 καὶ
541 428 595 472 τοὶ
632 427 830 484 χρήματα
873 428 1011 471 αὐτοῦ
1055 429 1393 485 διαλαγχάνουσι
1440 433 1484 474 οἱ
1523 434 1689 484 πρῶτοι

427 504 515 544 τῶν
544 500 756 555 μαντίων·
804 496 861 554 ἢν
897 499 944 542 δὲ
974 501 1018 542 οἱ
1045 499 1296 551 ἐπελθόντες
1325 500 1499 556 μάντιες
1528 499 1688 544 α’πολύ-

399 577 564 621 6σωσι,
605 567 731 611 ἄλλοι
760 567 937 623 πάρεισι
966 567 1163 624 μάντιες,
1201 571 1273 613 καὶ
1304 571 1418 624 μάλα
1448 570 1580 614 ἄλλοι.
1634 569 1746 627 ἧνῖο

427 635 491 684 ὧν
520 641 564 684 οἱ
591 643 770 691 πλεῦνες
799 639 876 683 τὸν
910 638 1150 695 ἄνθρωπον
1175 639 1450 693 άπολύσωσι,
1491 643 1690 685 δέδοκται

426 716 540 755 τοῖσι
580 709 792 765 πρώτοισι
832 713 922 753 τῶν
961 712 1154 766 μαντίων
1192 709 1363 754 αὐτοῖσι
1398 709 1689 755 ἀπόλλυσθαι.

304 789 370 833 69
426 780 656 825 Ἀπολλῦσι
687 783 795 837 δῆτα
827 780 988 832 αὐτούς
1017 780 1163 838 τρόπῳ
1194 784 1371 837 τοιῷδε·

431 853 509 904 ξαν
565 852 805 907 φρυγάνων
852 851 1072 908 πλήσωσι,
1123 853 1197 895 καὶ
1244 851 1508 906 ὑποζεύξωσι
1559 856 1690 908 βοῦς,

431 923 741 979 ἐμποδίσαντες
770 922 872 974 τούς
902 923 1100 979 μάντιας,
1131 924 1204 967 καὶ
1232 923 1357 979 χέρας
1376 923 1513 967 ὀπίσω
1538 923 1692 978 δήσαν-

431 1012 522 1048 τες,
550 995 622 1038 καὶ
642 993 959 1048 στομώσαντες,
989 999 1264 1049 κατειργνῦσι
1293 995 1334 1046 ἐς
1364 995 1472 1050 μέσα
1501 993 1553 1037 τὰ
1585 992 1692 1048 φρύ·
1704 1000 1748 1035 75

612 1063 942 1119 ὑποπρήσαντες
972 1065 1017 1108 δὲ
1049 1063 1182 1116 αὐτὰ,
1225 1066 1385 1109 ἀπιεῖσι
1418 1064 1692 1121 φοβήσαντες

746 1135 901 1177 πολλοὶ
936 1135 1015 1189 μὲν
1059 1136 1111 1190 δὴ
1152 1138 1543 1190 συγκατακαίονται
1579 1140 1692 1177 τοῖσι

322 894 373 912 va-

430 1077 563 1121 γανα·

400 1136 535 1186 Ξτούς
565 1139 686 1190 βοῦς.

1420 782 1550 825 ἐπεάν
1586 782 1691 836 ἅμα·

430 1204 605 1262 μάντισι
644 1204 765 1261 βόες,
812 1207 967 1249 πολλοὶ
1011 1205 1056 1249 δὲ
1097 1207 1455 1261 περικεκαυμένοι
1500 1204 1693 1260 ἀποφεύ-

394 1284 581 1333 3γουσι,
635 1275 764 1320 ἐπεάν
802 1274 949 1318 αὐτῶν
990 1273 1013 1318 ὁ
1054 1275 1193 1329 ῥυμὸς
1230 1281 1502 1332 κατακαυθῇ.

1569 1293 1694 1320 κατα·
1706 1283 1752 1317 80

425 1349 601 1391 καίουσι
632 1347 678 1389 δὲ
707 1346 854 1404 τρόπῳ
885 1350 946 1405 τῷ
976 1344 1183 1401 εἰρημένῳ
1216 1349 1288 1391 καὶ
1318 1347 1376 1392 δι’
1405 1348 1536 1399 ἄλλας
1557 1349 1694 1398 αἰτίας

397 1418 533 1469 4τοῦς
561 1416 770 1474 μάντιας,
802 1416 1124 1474 ψευδομάντιας
1152 1418 1390 1471 καλέοντες.
1429 1419 1532 1471 τούς
1562 1417 1606 1462 δ’
1638 1417 1693 1462 ἂν

371 1592 528 1639 quenter
539 1589 588 1626 sic
599 1589 750 1626 inveniri
761 1601 868 1627 nemo
881 1590 958 1628 sere
969 1602 1036 1628 ne-

373 1646 462 1691 scit,
488 1646 660 1682 nonnulla
686 1646 774 1682 citat
792 1645 960 1683 Larcher.
979 1666 1036 1673 —

374 1701 496 1739 Verba
516 1701 581 1740 καὶ
603 1698 707 1752 μάλα
726 1699 837 1740 ἄλλοι
858 1703 907 1738 sic
925 1702 1033 1751 vulgo

374 1762 539 1795 vertunt:
568 1758 642 1794 uml
671 1760 786 1794 immer
814 1759 941 1795 wieder
971 1772 1036 1795 an-

377 1814 466 1851 dere.
508 1814 548 1851 ln
575 1815 647 1852 fine
675 1827 753 1865 cap.
777 1813 956 1853 δέδοκται
973 1827 1037 1851 va-

375 1870 445 1908 let:
493 1870 685 1919 decretum,
719 1874 945 1908 constitutum
973 1875 1036 1908 est.

375 1926 437 1964 De
479 1931 660 1965 structura
701 1928 794 1965 conf.
830 1928 921 1975 vn,
972 1929 1036 1969 16.

376 1982 452 2030 lx,
485 1983 549 2024 74.

568 2039 681 2090 Cap.
713 2039 849 2077 LXIX.

434 2092 556 2135 ἐπεάν
604 2093 760 2147 ἅμαξαν
814 2091 1037 2149 φρυγάνων

375 2150 577 2202 πλήσωσι]
628 2149 815 2205 φρύγανα
841 2153 929 2202 quid
949 2153 1036 2201 sint,

374 2209 527 2247 diximus
547 2210 594 2246 ad
617 2209 690 2255 lv,
721 2212 785 2250 62.
817 2208 906 2246 Post
929 2205 1034 2259 ἅμα·

375 2266 448 2312 ξαν
468 2265 600 2302 Aldina
630 2266 777 2314 duoque
805 2265 885 2301 libri
912 2265 1035 2315 scripti

373 2322 537 2359 inserunt
565 2317 756 2372 καμάρης.
788 2322 955 2358 Occurrit
971 2334 1034 2359 ea-

373 2378 458 2416 dem
487 2390 557 2414 vox
576 2378 608 2424 l,
642 2380 721 2418 199
745 2378 791 2415 de
812 2391 916 2414 curru
937 2382 1034 2414 tecto

375 2447 403 2471 5.
426 2434 473 2470 de
495 2438 595 2470 tecto
619 2438 777 2479 arcuato,
809 2434 908 2482 quod
931 2433 1037 2483 plau-

375 2490 457 2527 stris
469 2490 796 2540 superimponitur,
819 2489 915 2526 unde
927 2490 1036 2527 etiam

375 2546 410 2583 h.
442 2545 465 2582 l.
492 2546 740 2583 Hemsterhus.
778 2546 826 2582 ad
854 2545 1036 2596 Aristoph.

377 2602 472 2639 Plut.
494 2614 595 2665 pag.
602 2603 682 2642 369
711 2602 912 2652 piaeserret
932 2597 1035 2652 ἁμά-

379 2659 451 2708 ξης
489 2653 696 2708 καμάρην,
734 2662 773 2694 ut
797 2657 956 2707 plaustri
990 2662 1039 2695 te-

382 2718 474 2752 ctum
496 2715 764 2764 intelligeretur.
803 2713 985 2762 Equidem
1017 2727 1039 2751 a

383 2771 567 2809 meliorum
584 2771 692 2808 codd.
709 2771 925 2807 auctoritate
943 2774 1039 2807 stare

384 2827 502 2865 malui.
534 2849 581 2855 —
624 2827 713 2864 Mox
740 2826 904 2864 meliores
928 2825 1038 2862 libros

386 2887 551 2933 secutus,
582 2897 663 2922 cum
681 2887 830 2922 reeentt.
849 2883 933 2921 edd.
953 2883 1038 2920 dedi

1093 1586 1373 1640 ἐμποδίσαντες
1405 1589 1572 1640 (pedihus
1602 1590 1751 1626 constri-

1093 1646 1201 1693 ctis),
1231 1650 1271 1682 ut
1287 1645 1360 1692 IV,
1391 1649 1456 1687 60.
1496 1645 1616 1694 Vulgo
1634 1645 1749 1693 ἐμπε-

1093 1697 1298 1752 δήσαντες,
1318 1703 1417 1749 qnod
1435 1707 1626 1740 tenuerunt
1638 1702 1749 1738 Wes-

1092 1758 1219 1806 seling.
1253 1763 1290 1795 et
1315 1757 1512 1805 Valcken.‚
1543 1758 1604 1808 qui
1631 1758 1751 1795 Hero-

1092 1815 1171 1852 doti
1200 1814 1416 1865 έμπεδῆσαι
1438 1815 1534 1852 idem
1558 1813 1678 1851 valere
1698 1814 1750 1851 ait

1092 1876 1205 1920 atque
1231 1870 1369 1916 πέδαις
1395 1870 1559 1921 ἐνδῆσαι
1579 1870 1752 1919 compedi-

1093 1928 1155 1964 bus
1175 1929 1428 1976 constringere,
1458 1932 1497 1964 ut
1514 1928 1578 1974 Vl,
1607 1929 1672 1968 23.
1693 1945 1752 1954 -—

1095 1979 1380 2033 στομώσαντες,
1408 1988 1583 2021 monente
1601 1982 1752 2020 Wesse-

1093 2041 1232 2088 lingio,
1258 2041 1355 2077 idem
1384 2053 1426 2077 ac
1445 2037 1696 2091 φιμώσαντες
1713 2052 1750 2075 οε

1094 2097 1314 2144 οὸιιιναιιΐοε,
1344 2097 1448 2134 sicuti
1468 2097 1515 2133 ad
1536 2095 1750 2146 supplicium

1092 2154 1279 2190 trahendis
1304 2153 1380 2190 fieri
1405 2153 1556 2190 solebat.
1582 2173 1638 2179 —
1681 2151 1750 2188 Cr.

1092 2210 1246 2247 conferri
1266 2208 1341 2245 vult
1363 2209 1482 2246 vales.
1502 2208 1550 2246 ad
1569 2207 1748 2244 Ammian.

1091 2264 1289 2302 Marcellin.
1320 2265 1462 2309 XXlX,
1500 2268 1530 2304 l.
1561 2263 1670 2301 Τοιιι.
1696 2263 1748 2300 llI

1089 2335 1126 2372 p-
1150 2321 1231 2362 284
1252 2322 1309 2358 ed.
1332 2322 1427 2370 Wga
1413 2334 1464 2358 ιι.

1149 2376 1418 2428 κατειργνῦσι]
1450 2390 1498 2413 sc.
1525 2389 1619 2419 τους
1644 2369 1749 2423 μάν-

1091 2448 1196 2481 τιας,
1236 2446 1327 2482 quos
1355 2434 1491 2469 vinctos
1519 2431 1682 2468 manibus
1713 2430 1751 2466 in

1092 2494 1235 2539 tergum
1266 2489 1428 2537 religatis
1455 2500 1590 2536 oreque
1607 2487 1752 2523 obstru-

1093 2551 1150 2583 cto
1195 2546 1231 2582 in
1268 2546 1388 2582 media
1424 2549 1606 2581 sarmenta
1643 2541 1752 2579 inful-

1093 2603 1199 2639 ciunt.
1228 2602 1364 2638 Moneo
1386 2601 1432 2637 ob
1451 2598 1668 2648 Schweigh.,
1687 2598 1751 2647 qui

1095 2659 1131 2695 in
1166 2657 1255 2694 Lex.
1289 2657 1429 2695 Herod.
1471 2670 1499 2693 5.
1540 2669 1574 2693 v.
1604 2654 1751 2705 supplet

1095 2710 1312 2764 τουςβοῦς.
1344 2713 1523 2764 Sulpi-all,
1543 2713 1615 2754 86:
1647 2710 1751 2757 ἐσερ-

1095 2771 1221 2822 γιῦσι.
1249 2789 1304 2796 —-
1342 2771 1383 2807 In
1406 2782 1510 2819 seqq.
1534 2768 1659 2817 scripsi
1680 2762 1750 2804 αιῖ-

1095 2840 1175 2864 των
1201 2830 1238 2862 et
1267 2822 1418 2866 τούτων
1445 2838 1513 2878 pro
1537 2819 1690 2863 αὐτέων
1711 2826 1748 2860 et

1094 2880 1274 2922 τουτέων.
