<?xml version="1.0" encoding="UTF-8"?>
<!DOCTYPE html PUBLIC "-//W3C//DTD XHTML 1.0 Transitional//EN"
    "http://www.w3.org/TR/xhtml1/DTD/xhtml1-transitional.dtd">
<html xmlns="http://www.w3.org/1999/xhtml" xml:lang="en" lang="en">
 <head>
  <title>
</title>
<meta http-equiv="Content-Type" content="text/html;charset=utf-8" />
  <meta name='ocr-system' content='tesseract 3.04.00' />
  <meta name='ocr-capabilities' content='ocr_page ocr_carea ocr_par ocr_line ocrx_word'/>
</head>
<body>
  <div class='ocr_page' id='page_1' title='image "./musaeherodoto02hero/musaeherodoto02hero_0643.png"; bbox 0 0 1904 3304; ppageno 0'>
   <div class='ocr_carea' id='block_1_1' title="bbox 500 177 1071 216">
    <p class='ocr_par' dir='ltr' id='par_1_1' title="bbox 500 177 1071 216">
     <span class='ocr_line' id='line_1_1' title="bbox 500 177 1071 216; baseline -0.004 0"><span class='ocrx_word' id='word_1_1' title='bbox 500 177 1071 216; x_wconf 86' lang='lat' dir='ltr'><strong>MELPOMENE.</strong></span> 
     </span>
    </p>
   </div>
   <div class='ocr_carea' id='block_1_2' title="bbox 1133 176 1478 215">
    <p class='ocr_par' dir='ltr' id='par_1_2' title="bbox 1133 176 1478 215">
     <span class='ocr_line' id='line_1_2' title="bbox 1133 176 1478 215; baseline 0.009 -3"><span class='ocrx_word' id='word_1_2' title='bbox 1133 177 1192 213; x_wconf 81' lang='lat' dir='ltr'><em>lv.</em></span> <span class='ocrx_word' id='word_1_3' title='bbox 1393 176 1478 215; x_wconf 78' lang='lat'><em>635</em></span> 
     </span>
    </p>
   </div>
   <div class='ocr_carea' id='block_1_3' title="bbox 175 280 1534 487">
    <p class='ocr_par' dir='ltr' id='par_1_3' title="bbox 175 280 1534 487">
     <span class='ocr_line' id='line_1_3' title="bbox 206 280 1477 348; baseline -0.008 -13"><span class='ocrx_word' id='word_1_4' title='bbox 206 290 356 348; x_wconf 82' lang='grc' dir='ltr'>φέρων</span> <span class='ocrx_word' id='word_1_5' title='bbox 371 287 510 344; x_wconf 75' lang='grc' dir='ltr'><em>αὐτὴν</em></span> <span class='ocrx_word' id='word_1_6' title='bbox 522 287 643 339; x_wconf 81' lang='grc' dir='ltr'><em>ἐντός</em></span> <span class='ocrx_word' id='word_1_7' title='bbox 663 291 743 331; x_wconf 86' lang='grc' dir='ltr'><em>τοῦ</em></span> <span class='ocrx_word' id='word_1_8' title='bbox 761 289 920 342; x_wconf 87' lang='grc' dir='ltr'><em>τείχεος</em></span> <span class='ocrx_word' id='word_1_9' title='bbox 932 287 1134 341; x_wconf 87' lang='grc' dir='ltr'><em>προσίσχε</em></span> <span class='ocrx_word' id='word_1_10' title='bbox 1151 283 1261 339; x_wconf 88' lang='grc' dir='ltr'><em>πρὸς</em></span> <span class='ocrx_word' id='word_1_11' title='bbox 1279 282 1328 327; x_wconf 79' lang='grc' dir='ltr'><em>τὸ</em></span> <span class='ocrx_word' id='word_1_12' title='bbox 1349 280 1477 326; x_wconf 77' lang='grc' dir='ltr'><em>δάπε-</em></span> 
     </span>
     <span class='ocr_line' id='line_1_4' title="bbox 175 352 1534 416; baseline -0.007 -13"><span class='ocrx_word' id='word_1_13' title='bbox 175 365 289 406; x_wconf 84' lang='grc' dir='ltr'><em>4δον</em></span> <span class='ocrx_word' id='word_1_14' title='bbox 305 364 382 416; x_wconf 86' lang='grc' dir='ltr'><em>τῆς</em></span> <span class='ocrx_word' id='word_1_15' title='bbox 403 358 568 410; x_wconf 84' lang='grc' dir='ltr'><em>πόλιος.</em></span> <span class='ocrx_word' id='word_1_16' title='bbox 628 358 681 402; x_wconf 80' lang='grc' dir='ltr'><em>τὰ</em></span> <span class='ocrx_word' id='word_1_17' title='bbox 700 359 778 415; x_wconf 77' lang='grc' dir='ltr'><em>μὲν</em></span> <span class='ocrx_word' id='word_1_18' title='bbox 801 358 853 414; x_wconf 79' lang='grc' dir='ltr'><em>δή</em></span> <span class='ocrx_word' id='word_1_19' title='bbox 887 356 996 401; x_wconf 77' lang='grc' dir='ltr'><em>ἄλλα</em></span> <span class='ocrx_word' id='word_1_20' title='bbox 1027 357 1122 400; x_wconf 72' lang='grc' dir='ltr'><em>ἔσκε</em></span> <span class='ocrx_word' id='word_1_21' title='bbox 1152 354 1282 410; x_wconf 79' lang='grc' dir='ltr'><em>κωφὰ</em></span> <span class='ocrx_word' id='word_1_22' title='bbox 1311 352 1422 408; x_wconf 84' lang='grc' dir='ltr'><em>πρὸς</em></span> <span class='ocrx_word' id='word_1_23' title='bbox 1452 352 1534 396; x_wconf 76' lang='grc' dir='ltr'><em>ἅ15</em></span> 
     </span>
     <span class='ocr_line' id='line_1_5' title="bbox 203 425 1478 487; baseline -0.006 -12"><span class='ocrx_word' id='word_1_24' title='bbox 203 432 430 487; x_wconf 87' lang='grc' dir='ltr'><em>προσίσχε,</em></span> <span class='ocrx_word' id='word_1_25' title='bbox 452 429 562 474; x_wconf 79' lang='grc' dir='ltr'><em>κατὰ</em></span> <span class='ocrx_word' id='word_1_26' title='bbox 585 431 630 473; x_wconf 81' lang='grc' dir='ltr'><em>δὲ</em></span> <span class='ocrx_word' id='word_1_27' title='bbox 649 429 701 473; x_wconf 80' lang='grc' dir='ltr'><em>τὰ</em></span> <span class='ocrx_word' id='word_1_28' title='bbox 721 429 997 484; x_wconf 82' lang='grc' dir='ltr'><strong><em>ὀρυσσόμενα</em></strong></span> <span class='ocrx_word' id='word_1_29' title='bbox 1014 425 1164 483; x_wconf 81' lang='grc' dir='ltr'><em>ἤχεσκε</em></span> <span class='ocrx_word' id='word_1_30' title='bbox 1184 425 1207 469; x_wconf 89' lang='grc' dir='ltr'><strong><em>ὁ</em></strong></span> <span class='ocrx_word' id='word_1_31' title='bbox 1227 426 1384 481; x_wconf 88' lang='grc' dir='ltr'><em>χαλκὸς</em></span> <span class='ocrx_word' id='word_1_32' title='bbox 1403 428 1478 480; x_wconf 86' lang='grc' dir='ltr'><em>τῆς</em></span> 
     </span>
    </p>
   </div>
   <div class='ocr_carea' id='block_1_4' title="bbox 176 501 406 552">
    <p class='ocr_par' dir='ltr' id='par_1_4' title="bbox 176 501 406 552">
     <span class='ocr_line' id='line_1_6' title="bbox 176 501 406 552; baseline 0 -9"><span class='ocrx_word' id='word_1_33' title='bbox 176 510 196 543; x_wconf 90' lang='grc'><strong>5</strong></span> <span class='ocrx_word' id='word_1_34' title='bbox 207 501 406 552; x_wconf 84' lang='grc' dir='ltr'><em>α’σπίδος.</em></span> 
     </span>
    </p>
   </div>
   <div class='ocr_carea' id='block_1_5' title="bbox 478 496 1476 554">
    <p class='ocr_par' dir='ltr' id='par_1_5' title="bbox 478 496 1476 554">
     <span class='ocr_line' id='line_1_7' title="bbox 478 496 1476 554; baseline -0.006 -10"><span class='ocrx_word' id='word_1_35' title='bbox 478 501 825 554; x_wconf 67' lang='grc' dir='ltr'><em>ἀντορύσσοντες</em></span> <span class='ocrx_word' id='word_1_36' title='bbox 856 498 900 542; x_wconf 85' lang='grc' dir='ltr'><em>δ’</em></span> <span class='ocrx_word' id='word_1_37' title='bbox 932 499 987 542; x_wconf 77' lang='grc' dir='ltr'><em>ἂν</em></span> <span class='ocrx_word' id='word_1_38' title='bbox 1015 496 1152 552; x_wconf 77' lang='grc' dir='ltr'><em>ταύτῃ</em></span> <span class='ocrx_word' id='word_1_39' title='bbox 1189 498 1231 540; x_wconf 84' lang='grc' dir='ltr'><em>οἱ</em></span> <span class='ocrx_word' id='word_1_40' title='bbox 1260 500 1476 549; x_wconf 85' lang='grc' dir='ltr'><em>Βαρκαῖοι</em></span> 
     </span>
    </p>
   </div>
   <div class='ocr_carea' id='block_1_6' title="bbox 56 569 1792 799">
    <p class='ocr_par' dir='ltr' id='par_1_6' title="bbox 56 569 1792 770">
     <span class='ocr_line' id='line_1_8' title="bbox 202 569 1473 626; baseline -0.006 -10"><span class='ocrx_word' id='word_1_41' title='bbox 202 574 399 617; x_wconf 76' lang='grc' dir='ltr'><em>ἔκτεινον</em></span> <span class='ocrx_word' id='word_1_42' title='bbox 437 576 526 615; x_wconf 78' lang='grc' dir='ltr'><em>τῶν</em></span> <span class='ocrx_word' id='word_1_43' title='bbox 557 572 763 626; x_wconf 81' lang='grc' dir='ltr'><em>Περσέων</em></span> <span class='ocrx_word' id='word_1_44' title='bbox 801 571 905 621; x_wconf 82' lang='grc' dir='ltr'><em>τούς</em></span> <span class='ocrx_word' id='word_1_45' title='bbox 944 569 1283 625; x_wconf 79' lang='grc' dir='ltr'><strong><em>γεωρυχέοντας·</em></strong></span> <span class='ocrx_word' id='word_1_46' title='bbox 1340 571 1473 610; x_wconf 83' lang='grc' dir='ltr'><em>τοῦτο</em></span> 
     </span>
     <span class='ocr_line' id='line_1_9' title="bbox 202 637 1474 700; baseline -0.006 -13"><span class='ocrx_word' id='word_1_47' title='bbox 202 644 282 700; x_wconf 79' lang='grc' dir='ltr'><em>μὲν</em></span> <span class='ocrx_word' id='word_1_48' title='bbox 302 644 355 699; x_wconf 83' lang='grc' dir='ltr'><em>δη</em></span> <span class='ocrx_word' id='word_1_49' title='bbox 375 642 492 687; x_wconf 80' lang='grc' dir='ltr'><em>οὕτω</em></span> <span class='ocrx_word' id='word_1_50' title='bbox 514 643 740 700; x_wconf 77' lang='grc' dir='ltr'><em>ἐξευρέθη·</em></span> <span class='ocrx_word' id='word_1_51' title='bbox 773 642 850 694; x_wconf 84' lang='grc' dir='ltr'><em>τοὶς</em></span> <span class='ocrx_word' id='word_1_52' title='bbox 871 644 917 686; x_wconf 75' lang='grc' dir='ltr'><em>δὲ</em></span> <span class='ocrx_word' id='word_1_53' title='bbox 939 639 1189 696; x_wconf 80' lang='grc' dir='ltr'><em>προσβολάς</em></span> <span class='ocrx_word' id='word_1_54' title='bbox 1206 637 1474 694; x_wconf 71' lang='grc' dir='ltr'><em>ἀπεκρούον-</em></span> 
     </span>
     <span class='ocr_line' id='line_1_10' title="bbox 56 710 1792 799; baseline -0.006 -39"><span class='ocrx_word' id='word_1_55' title='bbox 56 724 153 770; x_wconf 82' lang='lat'><em>201</em></span> <span class='ocrx_word' id='word_1_56' title='bbox 201 732 251 760; x_wconf 89' lang='grc' dir='ltr'><em>το</em></span> <span class='ocrx_word' id='word_1_57' title='bbox 285 718 330 760; x_wconf 80' lang='grc' dir='ltr'><em>οῖ</em></span> <span class='ocrx_word' id='word_1_58' title='bbox 345 719 575 770; x_wconf 83' lang='grc' dir='ltr'><em>Βαρκαῖοι.</em></span> <span class='ocrx_word' id='word_1_59' title='bbox 620 714 813 799; x_wconf 79' lang='grc' dir='ltr'><em>Χρόνων</em></span> <span class='ocrx_word' id='word_1_60' title='bbox 835 715 880 757; x_wconf 79' lang='grc' dir='ltr'><em>δὲ</em></span> <span class='ocrx_word' id='word_1_61' title='bbox 907 713 958 769; x_wconf 80' lang='grc' dir='ltr'><em>δὴ</em></span> <span class='ocrx_word' id='word_1_62' title='bbox 980 715 1155 755; x_wconf 78' lang='grc' dir='ltr'><em>πολλῶν</em></span> <span class='ocrx_word' id='word_1_63' title='bbox 1173 710 1459 767; x_wconf 78' lang='grc' dir='ltr'><em>τριβομένων,</em></span> <span class='ocrx_word' id='word_1_64' title='bbox 1473 716 1549 756; x_wconf 71' lang='grc' dir='ltr'>ΞΟ8,</span> <span class='ocrx_word' id='word_1_65' title='bbox 1553 729 1614 756; x_wconf 85' lang='grc'><em>8.1.</em></span> <span class='ocrx_word' id='word_1_66' title='bbox 1615 730 1653 755; x_wconf 88' lang='grc'><strong>,1.,</strong></span> <span class='ocrx_word' id='word_1_67' title='bbox 1679 737 1714 755; x_wconf 59' lang='lat' dir='ltr'><em>ac</em></span> <span class='ocrx_word' id='word_1_68' title='bbox 1760 738 1792 756; x_wconf 69' lang='grc'><em>8,</em></span> 
     </span>
    </p>
   </div>
   <div class='ocr_carea' id='block_1_7' title="bbox 201 776 1471 841">
    <p class='ocr_par' dir='ltr' id='par_1_7' title="bbox 201 776 1471 841">
     <span class='ocr_line' id='line_1_11' title="bbox 201 776 1471 841; baseline -0.006 -11"><span class='ocrx_word' id='word_1_69' title='bbox 201 786 275 831; x_wconf 86' lang='grc' dir='ltr'><em>καὶ</em></span> <span class='ocrx_word' id='word_1_70' title='bbox 314 786 565 830; x_wconf 80' lang='grc' dir='ltr'><em>πιπτόντων</em></span> <span class='ocrx_word' id='word_1_71' title='bbox 603 785 865 841; x_wconf 81' lang='grc' dir='ltr'><em>αμφοτὲρων</em></span> <span class='ocrx_word' id='word_1_72' title='bbox 895 787 1071 828; x_wconf 86' lang='grc' dir='ltr'><em>πολλων</em></span> <span class='ocrx_word' id='word_1_73' title='bbox 1108 783 1181 826; x_wconf 82' lang='grc' dir='ltr'><em>καὶ</em></span> <span class='ocrx_word' id='word_1_74' title='bbox 1222 780 1303 825; x_wconf 83' lang='grc' dir='ltr'><em>οὐκ</em></span> <span class='ocrx_word' id='word_1_75' title='bbox 1333 776 1471 837; x_wconf 77' lang='grc' dir='ltr'><em>ἧσσον</em></span> 
     </span>
    </p>
   </div>
   <div class='ocr_carea' id='block_1_8' title="bbox 1526 696 1655 723">
    <p class='ocr_par' dir='ltr' id='par_1_8' title="bbox 1526 696 1655 723">
     <span class='ocr_line' id='line_1_12' title="bbox 1526 696 1655 723; baseline -0.01 0"><span class='ocrx_word' id='word_1_76' title='bbox 1526 696 1655 723; x_wconf 66' lang='lat' dir='ltr'><em>naccis-a</em></span> 
     </span>
    </p>
   </div>
   <div class='ocr_carea' id='block_1_9' title="bbox 171 854 1533 1271">
    <p class='ocr_par' dir='ltr' id='par_1_9' title="bbox 171 854 1533 1271">
     <span class='ocr_line' id='line_1_13' title="bbox 200 854 1470 914; baseline -0.006 -11"><span class='ocrx_word' id='word_1_77' title='bbox 200 863 290 903; x_wconf 77' lang='grc' dir='ltr'><em>τῶν</em></span> <span class='ocrx_word' id='word_1_78' title='bbox 310 858 537 914; x_wconf 82' lang='grc' dir='ltr'><em>Περσέων,</em></span> <span class='ocrx_word' id='word_1_79' title='bbox 555 856 762 912; x_wconf 80' lang='grc' dir='ltr'><em>’Ἀμασις,</em></span> <span class='ocrx_word' id='word_1_80' title='bbox 793 855 817 901; x_wconf 88' lang='grc' dir='ltr'>ὁ</span> <span class='ocrx_word' id='word_1_81' title='bbox 847 854 1087 912; x_wconf 75' lang='grc' dir='ltr'><em>στρατηγὸς</em></span> <span class='ocrx_word' id='word_1_82' title='bbox 1113 857 1194 897; x_wconf 86' lang='grc' dir='ltr'><em>τοῦ</em></span> <span class='ocrx_word' id='word_1_83' title='bbox 1212 857 1363 906; x_wconf 79' lang='grc' dir='ltr'><em>πεζοῦ,</em></span> <span class='ocrx_word' id='word_1_84' title='bbox 1394 870 1470 909; x_wconf 88' lang='grc' dir='ltr'><em>μη-</em></span> 
     </span>
     <span class='ocr_line' id='line_1_14' title="bbox 171 923 1468 986; baseline -0.003 -16"><span class='ocrx_word' id='word_1_85' title='bbox 171 934 385 986; x_wconf 70' lang='grc' dir='ltr'><em>Ξχανᾶται</em></span> <span class='ocrx_word' id='word_1_86' title='bbox 414 927 573 972; x_wconf 73' lang='grc' dir='ltr'><em>τοιοίδε.</em></span> <span class='ocrx_word' id='word_1_87' title='bbox 633 928 791 984; x_wconf 79' lang='grc' dir='ltr'><em>μαθων</em></span> <span class='ocrx_word' id='word_1_88' title='bbox 820 929 924 979; x_wconf 84' lang='grc' dir='ltr'><em>τοὺς</em></span> <span class='ocrx_word' id='word_1_89' title='bbox 953 926 1229 981; x_wconf 81' lang='grc' dir='ltr'><em>Βαρκαίους,</em></span> <span class='ocrx_word' id='word_1_90' title='bbox 1271 924 1330 975; x_wconf 77' lang='grc' dir='ltr'><em>ὠς</em></span> <span class='ocrx_word' id='word_1_91' title='bbox 1359 923 1468 967; x_wconf 78' lang='grc' dir='ltr'><em>κατὰ</em></span> 
     </span>
     <span class='ocr_line' id='line_1_15' title="bbox 202 994 1474 1057; baseline -0.006 -13"><span class='ocrx_word' id='word_1_92' title='bbox 202 1001 281 1057; x_wconf 75' lang='grc' dir='ltr'><em>μὲν</em></span> <span class='ocrx_word' id='word_1_93' title='bbox 310 1000 358 1044; x_wconf 89' lang='grc' dir='ltr'><strong><em>τό</em></strong></span> <span class='ocrx_word' id='word_1_94' title='bbox 398 999 582 1056; x_wconf 86' lang='grc' dir='ltr'><em>ἰσχυρὸν</em></span> <span class='ocrx_word' id='word_1_95' title='bbox 612 998 695 1043; x_wconf 79' lang='grc' dir='ltr'><em>οὐκ</em></span> <span class='ocrx_word' id='word_1_96' title='bbox 736 1000 897 1054; x_wconf 81' lang='grc' dir='ltr'><em>αἱρετοὶ</em></span> <span class='ocrx_word' id='word_1_97' title='bbox 927 997 1033 1046; x_wconf 83' lang='grc' dir='ltr'><em>εἶεν,</em></span> <span class='ocrx_word' id='word_1_98' title='bbox 1074 995 1188 1054; x_wconf 83' lang='grc' dir='ltr'><em>δόλῳ</em></span> <span class='ocrx_word' id='word_1_99' title='bbox 1220 994 1266 1038; x_wconf 79' lang='grc' dir='ltr'><em>δὲ</em></span> <span class='ocrx_word' id='word_1_100' title='bbox 1297 995 1474 1050; x_wconf 81' lang='grc' dir='ltr'><em>αἷρετοὶ,</em></span> 
     </span>
     <span class='ocr_line' id='line_1_16' title="bbox 172 1065 1533 1127; baseline -0.005 -12"><span class='ocrx_word' id='word_1_101' title='bbox 172 1071 342 1115; x_wconf 76' lang='grc' dir='ltr'><em>ὃποιέει</em></span> <span class='ocrx_word' id='word_1_102' title='bbox 365 1072 526 1115; x_wconf 84' lang='grc' dir='ltr'><em>τοιάδε.</em></span> <span class='ocrx_word' id='word_1_103' title='bbox 584 1071 745 1122; x_wconf 79' lang='grc' dir='ltr'><em>νυκτός</em></span> <span class='ocrx_word' id='word_1_104' title='bbox 773 1071 948 1127; x_wconf 80' lang='grc' dir='ltr'><em>τάφρην</em></span> <span class='ocrx_word' id='word_1_105' title='bbox 979 1067 1142 1126; x_wconf 81' lang='grc' dir='ltr'><em>ὀρύξας</em></span> <span class='ocrx_word' id='word_1_106' title='bbox 1173 1067 1354 1125; x_wconf 85' lang='grc' dir='ltr'><em>εὐρέην,</em></span> <span class='ocrx_word' id='word_1_107' title='bbox 1385 1065 1533 1109; x_wconf 68' lang='grc' dir='ltr'><em>ἐπέ-25</em></span> 
     </span>
     <span class='ocr_line' id='line_1_17' title="bbox 201 1138 1477 1198; baseline -0.005 -11"><span class='ocrx_word' id='word_1_108' title='bbox 201 1160 311 1188; x_wconf 85' lang='grc' dir='ltr'><em>τεινε</em></span> <span class='ocrx_word' id='word_1_109' title='bbox 341 1142 449 1195; x_wconf 82' lang='grc' dir='ltr'><em>ξύλα</em></span> <span class='ocrx_word' id='word_1_110' title='bbox 479 1141 666 1186; x_wconf 77' lang='grc' dir='ltr'><em>ἀσθενέα</em></span> <span class='ocrx_word' id='word_1_111' title='bbox 695 1141 805 1197; x_wconf 77' lang='grc' dir='ltr'><em>ὑπὲρ</em></span> <span class='ocrx_word' id='word_1_112' title='bbox 838 1141 990 1198; x_wconf 54' lang='grc' dir='ltr'><em>αὐτῆς</em></span> <span class='ocrx_word' id='word_1_113' title='bbox 1033 1141 1279 1195; x_wconf 76' lang='grc' dir='ltr'><em>κατύπερθε</em></span> <span class='ocrx_word' id='word_1_114' title='bbox 1315 1140 1359 1182; x_wconf 82' lang='grc' dir='ltr'><em>δὲ</em></span> <span class='ocrx_word' id='word_1_115' title='bbox 1390 1138 1477 1181; x_wconf 78' lang='grc' dir='ltr'><em>ἐπι-</em></span> 
     </span>
     <span class='ocr_line' id='line_1_18' title="bbox 200 1210 1476 1271; baseline -0.005 -13"><span class='ocrx_word' id='word_1_116' title='bbox 200 1218 337 1271; x_wconf 85' lang='grc' dir='ltr'><em>πολῆς</em></span> <span class='ocrx_word' id='word_1_117' title='bbox 369 1219 458 1258; x_wconf 78' lang='grc' dir='ltr'><em>τῶν</em></span> <span class='ocrx_word' id='word_1_118' title='bbox 488 1214 629 1267; x_wconf 80' lang='grc' dir='ltr'><em>ξύλων</em></span> <span class='ocrx_word' id='word_1_119' title='bbox 657 1217 766 1270; x_wconf 83' lang='grc' dir='ltr'><em>χοῦν</em></span> <span class='ocrx_word' id='word_1_120' title='bbox 799 1217 878 1270; x_wconf 75' lang='grc' dir='ltr'><em>γῆς</em></span> <span class='ocrx_word' id='word_1_121' title='bbox 915 1212 1185 1270; x_wconf 81' lang='grc' dir='ltr'><em>ἐπεφόρησε,</em></span> <span class='ocrx_word' id='word_1_122' title='bbox 1226 1210 1390 1257; x_wconf 82' lang='grc' dir='ltr'><em>ποιέων</em></span> <span class='ocrx_word' id='word_1_123' title='bbox 1422 1212 1476 1264; x_wconf 81' lang='grc' dir='ltr'><em>τῇ</em></span> 
     </span>
    </p>
   </div>
   <div class='ocr_carea' id='block_1_10' title="bbox 149 1329 421 1333">
    <p class='ocr_par' dir='ltr' id='par_1_10' title="bbox 149 1329 421 1333">
     <span class='ocr_line' id='line_1_19' title="bbox 149 1329 421 1333; baseline 0 0"><span class='ocrx_word' id='word_1_124' title='bbox 149 1329 421 1333; x_wconf 95' lang='lat' dir='ltr'><em> </em></span> 
     </span>
    </p>
   </div>
   <div class='ocr_carea' id='block_1_11' title="bbox 91 1389 808 2220">
    <p class='ocr_par' dir='ltr' id='par_1_11' title="bbox 139 1389 808 2120">
     <span class='ocr_line' id='line_1_20' title="bbox 143 1389 808 1442; baseline 0 -14"><span class='ocrx_word' id='word_1_125' title='bbox 143 1405 216 1442; x_wconf 89' lang='lat' dir='ltr'><em>que</em></span> <span class='ocrx_word' id='word_1_126' title='bbox 234 1396 456 1429; x_wconf 84' lang='lat' dir='ltr'>memoratur</span> <span class='ocrx_word' id='word_1_127' title='bbox 471 1392 536 1438; x_wconf 77' lang='lat' dir='ltr'><em>Vl,</em></span> <span class='ocrx_word' id='word_1_128' title='bbox 560 1393 611 1433; x_wconf 87' lang='lat'><em>19</em></span> <span class='ocrx_word' id='word_1_129' title='bbox 630 1389 668 1442; x_wconf 60' lang='grc' dir='ltr'><em>ἓ.</em></span> <span class='ocrx_word' id='word_1_130' title='bbox 688 1393 728 1438; x_wconf 88' lang='lat'><em>3,</em></span> <span class='ocrx_word' id='word_1_131' title='bbox 746 1391 808 1428; x_wconf 90' lang='lat' dir='ltr'><em>ubi</em></span> 
     </span>
     <span class='ocr_line' id='line_1_21' title="bbox 144 1448 808 1498; baseline -0.003 -12"><span class='ocrx_word' id='word_1_132' title='bbox 144 1453 270 1487; x_wconf 84' lang='lat' dir='ltr'>noster</span> <span class='ocrx_word' id='word_1_133' title='bbox 289 1448 389 1485; x_wconf 89' lang='lat' dir='ltr'>locus</span> <span class='ocrx_word' id='word_1_134' title='bbox 413 1461 487 1485; x_wconf 87' lang='lat' dir='ltr'><em>non</em></span> <span class='ocrx_word' id='word_1_135' title='bbox 514 1449 608 1497; x_wconf 82' lang='lat' dir='ltr'>sugit</span> <span class='ocrx_word' id='word_1_136' title='bbox 628 1449 808 1498; x_wconf 82' lang='lat' dir='ltr'>interpre-</span> 
     </span>
     <span class='ocr_line' id='line_1_22' title="bbox 144 1498 805 1555; baseline 0 -13"><span class='ocrx_word' id='word_1_137' title='bbox 144 1510 220 1543; x_wconf 90' lang='lat' dir='ltr'><em>tem</em></span> <span class='ocrx_word' id='word_1_138' title='bbox 242 1518 279 1555; x_wconf 93' lang='lat' dir='ltr'><em>p.</em></span> <span class='ocrx_word' id='word_1_139' title='bbox 302 1507 367 1545; x_wconf 88' lang='grc'><em>70.</em></span> <span class='ocrx_word' id='word_1_140' title='bbox 388 1527 441 1532; x_wconf 90' lang='lat'><em>-—-</em></span> <span class='ocrx_word' id='word_1_141' title='bbox 482 1506 606 1542; x_wconf 75' lang='lat' dir='ltr'>Verba</span> <span class='ocrx_word' id='word_1_142' title='bbox 626 1498 701 1542; x_wconf 74' lang='grc' dir='ltr'><em>ὦδε</em></span> <span class='ocrx_word' id='word_1_143' title='bbox 722 1504 805 1542; x_wconf 81' lang='grc' dir='ltr'><em>ἐπι-</em></span> 
     </span>
     <span class='ocr_line' id='line_1_23' title="bbox 144 1561 806 1613; baseline -0.005 -13"><span class='ocrx_word' id='word_1_144' title='bbox 144 1561 344 1613; x_wconf 83' lang='grc' dir='ltr'><em>φρασθείς</em></span> <span class='ocrx_word' id='word_1_145' title='bbox 363 1561 504 1598; x_wconf 82' lang='lat' dir='ltr'>valent:</span> <span class='ocrx_word' id='word_1_146' title='bbox 545 1563 599 1597; x_wconf 71' lang='lat' dir='ltr'><em>ita</em></span> <span class='ocrx_word' id='word_1_147' title='bbox 621 1574 734 1597; x_wconf 74' lang='lat' dir='ltr'>secum</span> <span class='ocrx_word' id='word_1_148' title='bbox 753 1574 806 1597; x_wconf 83' lang='lat' dir='ltr'><em>re-</em></span> 
     </span>
     <span class='ocr_line' id='line_1_24' title="bbox 139 1618 804 1669; baseline 0 -15"><span class='ocrx_word' id='word_1_149' title='bbox 139 1622 296 1669; x_wconf 78' lang='lat' dir='ltr'>putans,</span> <span class='ocrx_word' id='word_1_150' title='bbox 326 1618 461 1654; x_wconf 77' lang='lat' dir='ltr'><em>volvens</em></span> <span class='ocrx_word' id='word_1_151' title='bbox 483 1620 601 1654; x_wconf 71' lang='lat' dir='ltr'><em>animo</em></span> <span class='ocrx_word' id='word_1_152' title='bbox 619 1631 700 1654; x_wconf 72' lang='lat' dir='ltr'><em>rem.</em></span> <span class='ocrx_word' id='word_1_153' title='bbox 744 1618 804 1654; x_wconf 89' lang='lat' dir='ltr'><em>Cf.</em></span> 
     </span>
     <span class='ocr_line' id='line_1_25' title="bbox 144 1674 805 1723; baseline -0.002 -11"><span class='ocrx_word' id='word_1_154' title='bbox 144 1675 226 1723; x_wconf 79' lang='lat' dir='ltr'>Vll,</span> <span class='ocrx_word' id='word_1_155' title='bbox 246 1676 338 1716; x_wconf 80' lang='lat'><strong>239.</strong></span> <span class='ocrx_word' id='word_1_156' title='bbox 370 1674 458 1711; x_wconf 85' lang='lat' dir='ltr'><em>Mox</em></span> <span class='ocrx_word' id='word_1_157' title='bbox 477 1688 555 1711; x_wconf 86' lang='lat' dir='ltr'><em>cum</em></span> <span class='ocrx_word' id='word_1_158' title='bbox 577 1679 726 1712; x_wconf 77' lang='lat' dir='ltr'><em>reeentt.</em></span> <span class='ocrx_word' id='word_1_159' title='bbox 746 1687 805 1712; x_wconf 91' lang='lat' dir='ltr'><em>re-</em></span> 
     </span>
     <span class='ocr_line' id='line_1_26' title="bbox 143 1731 805 1782; baseline 0 -14"><span class='ocrx_word' id='word_1_160' title='bbox 143 1732 235 1768; x_wconf 81' lang='lat' dir='ltr'>tinui</span> <span class='ocrx_word' id='word_1_161' title='bbox 258 1731 443 1782; x_wconf 85' lang='grc' dir='ltr'><em>προσίσχε</em></span> <span class='ocrx_word' id='word_1_162' title='bbox 466 1744 532 1781; x_wconf 85' lang='lat' dir='ltr'><em>pro</em></span> <span class='ocrx_word' id='word_1_163' title='bbox 554 1732 728 1782; x_wconf 79' lang='grc' dir='ltr'><em>προΐσχε.</em></span> <span class='ocrx_word' id='word_1_164' title='bbox 748 1752 805 1757; x_wconf 80' lang='lat'>—</span> 
     </span>
     <span class='ocr_line' id='line_1_27' title="bbox 142 1787 804 1838; baseline -0.003 -13"><span class='ocrx_word' id='word_1_165' title='bbox 142 1787 202 1825; x_wconf 86' lang='lat' dir='ltr'><em>De</em></span> <span class='ocrx_word' id='word_1_166' title='bbox 229 1788 433 1838; x_wconf 82' lang='lat' dir='ltr'><strong>imperfecti</strong></span> <span class='ocrx_word' id='word_1_167' title='bbox 463 1789 581 1824; x_wconf 83' lang='lat' dir='ltr'>forma</span> <span class='ocrx_word' id='word_1_168' title='bbox 609 1787 720 1834; x_wconf 80' lang='grc' dir='ltr'><em>ἔσκε,</em></span> <span class='ocrx_word' id='word_1_169' title='bbox 767 1787 804 1824; x_wconf 88' lang='lat' dir='ltr'><em>in</em></span> 
     </span>
     <span class='ocr_line' id='line_1_28' title="bbox 143 1845 804 1893; baseline 0 -13"><span class='ocrx_word' id='word_1_170' title='bbox 143 1857 217 1893; x_wconf 87' lang='lat' dir='ltr'><em>qua</em></span> <span class='ocrx_word' id='word_1_171' title='bbox 240 1845 294 1880; x_wconf 81' lang='lat' dir='ltr'>vis</span> <span class='ocrx_word' id='word_1_172' title='bbox 322 1845 489 1882; x_wconf 68' lang='lat' dir='ltr'>iterativa</span> <span class='ocrx_word' id='word_1_173' title='bbox 516 1845 631 1891; x_wconf 86' lang='lat' dir='ltr'>inest,</span> <span class='ocrx_word' id='word_1_174' title='bbox 662 1845 804 1882; x_wconf 91' lang='lat' dir='ltr'>monuit</span> 
     </span>
     <span class='ocr_line' id='line_1_29' title="bbox 142 1900 804 1950; baseline 0.002 -14"><span class='ocrx_word' id='word_1_175' title='bbox 142 1900 355 1938; x_wconf 85' lang='lat' dir='ltr'>Buttmann.</span> <span class='ocrx_word' id='word_1_176' title='bbox 383 1901 545 1937; x_wconf 81' lang='lat' dir='ltr'>Gramm.</span> <span class='ocrx_word' id='word_1_177' title='bbox 573 1901 691 1937; x_wconf 80' lang='lat' dir='ltr'>mai.l</span> <span class='ocrx_word' id='word_1_178' title='bbox 717 1914 804 1950; x_wconf 81' lang='lat' dir='ltr'><strong>pag.</strong></span> 
     </span>
     <span class='ocr_line' id='line_1_30' title="bbox 145 1956 803 2007; baseline -0.003 -13"><span class='ocrx_word' id='word_1_179' title='bbox 145 1957 250 2004; x_wconf 84' lang='lat'>551,</span> <span class='ocrx_word' id='word_1_180' title='bbox 281 1958 343 2006; x_wconf 87' lang='lat' dir='ltr'><em>qui</em></span> <span class='ocrx_word' id='word_1_181' title='bbox 367 1957 463 1994; x_wconf 87' lang='lat' dir='ltr'>idem</span> <span class='ocrx_word' id='word_1_182' title='bbox 485 1971 521 2007; x_wconf 88' lang='lat' dir='ltr'><em>p.</em></span> <span class='ocrx_word' id='word_1_183' title='bbox 543 1956 625 1997; x_wconf 82' lang='grc'><em>508</em></span> <span class='ocrx_word' id='word_1_184' title='bbox 649 1958 803 1993; x_wconf 73' lang='lat' dir='ltr'>formam</span> 
     </span>
     <span class='ocr_line' id='line_1_31' title="bbox 142 2009 803 2063; baseline -0.002 -13"><span class='ocrx_word' id='word_1_185' title='bbox 142 2009 285 2063; x_wconf 77' lang='grc' dir='ltr'><em>ἤχεσκε</em></span> <span class='ocrx_word' id='word_1_186' title='bbox 315 2014 450 2063; x_wconf 80' lang='lat' dir='ltr'><em>attigit.</em></span> <span class='ocrx_word' id='word_1_187' title='bbox 507 2013 664 2050; x_wconf 76' lang='lat' dir='ltr'>Additur</span> <span class='ocrx_word' id='word_1_188' title='bbox 695 2013 803 2061; x_wconf 81' lang='lat' dir='ltr'>vulgo</span> 
     </span>
     <span class='ocr_line' id='line_1_32' title="bbox 143 2067 804 2120; baseline 0.003 -15"><span class='ocrx_word' id='word_1_189' title='bbox 143 2070 346 2107; x_wconf 83' lang='lat' dir='ltr'>istiusmodi</span> <span class='ocrx_word' id='word_1_190' title='bbox 368 2071 585 2120; x_wconf 78' lang='lat' dir='ltr'>imperfectis</span> <span class='ocrx_word' id='word_1_191' title='bbox 600 2069 726 2107; x_wconf 77' lang='lat' dir='ltr'>vocula</span> <span class='ocrx_word' id='word_1_192' title='bbox 741 2067 804 2107; x_wconf 72' lang='grc' dir='ltr'><em>ἄν.</em></span> 
     </span>
    </p>

    <p class='ocr_par' dir='ltr' id='par_1_12' title="bbox 91 2123 805 2220">
     <span class='ocr_line' id='line_1_33' title="bbox 91 2123 805 2176; baseline -0.001 -13"><span class='ocrx_word' id='word_1_193' title='bbox 91 2123 99 2129; x_wconf 76' lang='grc'><em>“</em></span> <span class='ocrx_word' id='word_1_194' title='bbox 145 2126 254 2163; x_wconf 84' lang='lat' dir='ltr'><strong>Conf.</strong></span> <span class='ocrx_word' id='word_1_195' title='bbox 273 2126 347 2174; x_wconf 80' lang='grc' dir='ltr'><strong>ΙΙΙ,</strong></span> <span class='ocrx_word' id='word_1_196' title='bbox 379 2129 470 2167; x_wconf 88' lang='grc'><em>117.</em></span> <span class='ocrx_word' id='word_1_197' title='bbox 511 2125 583 2174; x_wconf 90' lang='lat' dir='ltr'><em>lV,</em></span> <span class='ocrx_word' id='word_1_198' title='bbox 618 2129 697 2167; x_wconf 83' lang='lat'><em>130</em></span> <span class='ocrx_word' id='word_1_199' title='bbox 718 2127 805 2176; x_wconf 88' lang='lat' dir='ltr'>ibiq.</span> 
     </span>
     <span class='ocr_line' id='line_1_34' title="bbox 144 2187 236 2220; baseline 0.011 -1"><span class='ocrx_word' id='word_1_200' title='bbox 144 2187 236 2220; x_wconf 75' lang='lat' dir='ltr'><strong>nott.</strong></span> 
     </span>
    </p>
   </div>
   <div class='ocr_carea' id='block_1_12' title="bbox 354 2261 595 2312">
    <p class='ocr_par' dir='ltr' id='par_1_13' title="bbox 354 2261 595 2312">
     <span class='ocr_line' id='line_1_35' title="bbox 354 2261 595 2312; baseline 0 -13"><span class='ocrx_word' id='word_1_201' title='bbox 354 2262 385 2299; x_wconf 91' lang='lat' dir='ltr'>C</span> <span class='ocrx_word' id='word_1_202' title='bbox 396 2275 417 2299; x_wconf 89' lang='lat' dir='ltr'>a</span> <span class='ocrx_word' id='word_1_203' title='bbox 430 2275 466 2312; x_wconf 87' lang='lat' dir='ltr'><em>p.</em></span> <span class='ocrx_word' id='word_1_204' title='bbox 500 2261 595 2299; x_wconf 91' lang='lat' dir='ltr'>CCI.</span> 
     </span>
    </p>
   </div>
   <div class='ocr_carea' id='block_1_13' title="bbox 144 2346 806 2739">
    <p class='ocr_par' dir='ltr' id='par_1_14' title="bbox 144 2346 806 2739">
     <span class='ocr_line' id='line_1_36' title="bbox 205 2346 802 2403; baseline 0 -13"><span class='ocrx_word' id='word_1_205' title='bbox 205 2346 376 2403; x_wconf 84' lang='grc' dir='ltr'><em>Χρόνων</em></span> <span class='ocrx_word' id='word_1_206' title='bbox 400 2348 443 2390; x_wconf 83' lang='grc' dir='ltr'><em>δὲ</em></span> <span class='ocrx_word' id='word_1_207' title='bbox 467 2350 802 2403; x_wconf 72' lang='grc' dir='ltr'><em>-τριβομένων]</em></span> 
     </span>
     <span class='ocr_line' id='line_1_37' title="bbox 146 2407 806 2458; baseline 0.003 -14"><span class='ocrx_word' id='word_1_208' title='bbox 146 2407 265 2457; x_wconf 83' lang='lat' dir='ltr'>Vulgo</span> <span class='ocrx_word' id='word_1_209' title='bbox 298 2409 518 2458; x_wconf 83' lang='lat' dir='ltr'>singularem</span> <span class='ocrx_word' id='word_1_210' title='bbox 551 2409 587 2445; x_wconf 88' lang='lat' dir='ltr'><em>in</em></span> <span class='ocrx_word' id='word_1_211' title='bbox 616 2409 672 2445; x_wconf 86' lang='lat' dir='ltr'>his</span> <span class='ocrx_word' id='word_1_212' title='bbox 704 2409 806 2446; x_wconf 86' lang='lat' dir='ltr'>vide-</span> 
     </span>
     <span class='ocr_line' id='line_1_38' title="bbox 146 2465 803 2513; baseline 0.002 -12"><span class='ocrx_word' id='word_1_213' title='bbox 146 2477 223 2501; x_wconf 85' lang='lat' dir='ltr'><em>mus</em></span> <span class='ocrx_word' id='word_1_214' title='bbox 250 2465 453 2502; x_wconf 82' lang='lat' dir='ltr'>adhibitum</span> <span class='ocrx_word' id='word_1_215' title='bbox 473 2478 684 2513; x_wconf 82' lang='lat' dir='ltr'>numerum,</span> <span class='ocrx_word' id='word_1_216' title='bbox 715 2470 755 2502; x_wconf 83' lang='lat' dir='ltr'><em>ut</em></span> <span class='ocrx_word' id='word_1_217' title='bbox 776 2465 803 2512; x_wconf 91' lang='grc' dir='ltr'><strong>Ι,</strong></span> 
     </span>
     <span class='ocr_line' id='line_1_39' title="bbox 146 2521 804 2567; baseline -0.003 -6"><span class='ocrx_word' id='word_1_218' title='bbox 146 2523 212 2561; x_wconf 79' lang='lat'><em>28.</em></span> <span class='ocrx_word' id='word_1_219' title='bbox 257 2521 327 2567; x_wconf 87' lang='lat' dir='ltr'><em>lv,</em></span> <span class='ocrx_word' id='word_1_220' title='bbox 379 2522 470 2563; x_wconf 90' lang='lat'><strong>155.</strong></span> <span class='ocrx_word' id='word_1_221' title='bbox 518 2521 597 2562; x_wconf 85' lang='lat'><em>146</em></span> <span class='ocrx_word' id='word_1_222' title='bbox 638 2527 707 2559; x_wconf 82' lang='lat' dir='ltr'><em>etc.</em></span> <span class='ocrx_word' id='word_1_223' title='bbox 749 2543 804 2549; x_wconf 95' lang='grc'>-</span> 
     </span>
     <span class='ocr_line' id='line_1_40' title="bbox 145 2573 802 2630; baseline -0.002 -15"><span class='ocrx_word' id='word_1_224' title='bbox 145 2573 242 2615; x_wconf 66' lang='grc' dir='ltr'><em>κατά</em></span> <span class='ocrx_word' id='word_1_225' title='bbox 266 2573 310 2615; x_wconf 77' lang='grc' dir='ltr'><em>τό</em></span> <span class='ocrx_word' id='word_1_226' title='bbox 335 2575 495 2630; x_wconf 81' lang='grc' dir='ltr'><em>ἰσχυρὸν</em></span> <span class='ocrx_word' id='word_1_227' title='bbox 515 2578 614 2616; x_wconf 85' lang='lat' dir='ltr'><em>idem</em></span> <span class='ocrx_word' id='word_1_228' title='bbox 631 2578 726 2616; x_wconf 85' lang='lat' dir='ltr'>valet</span> <span class='ocrx_word' id='word_1_229' title='bbox 747 2583 802 2614; x_wconf 83' lang='lat' dir='ltr'><em>at-</em></span> 
     </span>
     <span class='ocr_line' id='line_1_41' title="bbox 144 2630 802 2686; baseline 0.009 -16"><span class='ocrx_word' id='word_1_230' title='bbox 144 2647 217 2682; x_wconf 85' lang='lat' dir='ltr'><em>que</em></span> <span class='ocrx_word' id='word_1_231' title='bbox 242 2630 341 2671; x_wconf 71' lang='grc' dir='ltr'><em>κατιὶ</em></span> <span class='ocrx_word' id='word_1_232' title='bbox 360 2631 403 2672; x_wconf 78' lang='grc' dir='ltr'><em>τό</em></span> <span class='ocrx_word' id='word_1_233' title='bbox 424 2631 614 2686; x_wconf 86' lang='grc' dir='ltr'><em>καρτερόν</em></span> <span class='ocrx_word' id='word_1_234' title='bbox 633 2635 681 2671; x_wconf 84' lang='lat'><em>111</em></span> <span class='ocrx_word' id='word_1_235' title='bbox 695 2663 706 2681; x_wconf 90' lang='lat'>‚</span> <span class='ocrx_word' id='word_1_236' title='bbox 734 2634 802 2681; x_wconf 87' lang='lat'><em>65,</em></span> 
     </span>
     <span class='ocr_line' id='line_1_42' title="bbox 145 2691 800 2739; baseline 0.003 -13"><span class='ocrx_word' id='word_1_237' title='bbox 145 2691 208 2727; x_wconf 92' lang='lat' dir='ltr'><em>ubi</em></span> <span class='ocrx_word' id='word_1_238' title='bbox 222 2691 294 2727; x_wconf 88' lang='lat' dir='ltr'><em>vid.</em></span> <span class='ocrx_word' id='word_1_239' title='bbox 314 2694 404 2727; x_wconf 86' lang='lat' dir='ltr'><strong>nott.</strong></span> <span class='ocrx_word' id='word_1_240' title='bbox 423 2691 502 2727; x_wconf 77' lang='lat' dir='ltr'><strong>coll.</strong></span> <span class='ocrx_word' id='word_1_241' title='bbox 522 2692 549 2739; x_wconf 92' lang='grc' dir='ltr'><em>Ι,</em></span> <span class='ocrx_word' id='word_1_242' title='bbox 575 2694 641 2733; x_wconf 87' lang='lat'><em>76.</em></span> <span class='ocrx_word' id='word_1_243' title='bbox 671 2691 733 2739; x_wconf 80' lang='lat' dir='ltr'><em>IX,</em></span> <span class='ocrx_word' id='word_1_244' title='bbox 764 2695 800 2732; x_wconf 79' lang='lat'><em>2.</em></span> 
     </span>
    </p>
   </div>
   <div class='ocr_carea' id='block_1_14' title="bbox 146 2765 803 2877">
    <p class='ocr_par' dir='ltr' id='par_1_15' title="bbox 146 2765 803 2877">
     <span class='ocr_line' id='line_1_43' title="bbox 163 2765 803 2825; baseline 0.002 -18"><span class='ocrx_word' id='word_1_245' title='bbox 163 2823 168 2825; x_wconf 36' lang='grc'>-</span> <span class='ocrx_word' id='word_1_246' title='bbox 202 2765 346 2816; x_wconf 76' lang='grc' dir='ltr'><em>νυκτός</em></span> <span class='ocrx_word' id='word_1_247' title='bbox 362 2765 520 2820; x_wconf 79' lang='grc' dir='ltr'><em>τάφρην</em></span> <span class='ocrx_word' id='word_1_248' title='bbox 540 2765 708 2821; x_wconf 73' lang='grc' dir='ltr'><em>ὀρύξας]</em></span> <span class='ocrx_word' id='word_1_249' title='bbox 739 2766 803 2808; x_wconf 72' lang='grc' dir='ltr'><em>τά-</em></span> 
     </span>
     <span class='ocr_line' id='line_1_44' title="bbox 146 2825 803 2877; baseline 0.002 -14"><span class='ocrx_word' id='word_1_250' title='bbox 146 2840 255 2876; x_wconf 83' lang='grc' dir='ltr'><em>φρην</em></span> <span class='ocrx_word' id='word_1_251' title='bbox 274 2825 394 2876; x_wconf 86' lang='lat' dir='ltr'>plures</span> <span class='ocrx_word' id='word_1_252' title='bbox 417 2826 528 2863; x_wconf 75' lang='lat' dir='ltr'><strong>codd,</strong></span> <span class='ocrx_word' id='word_1_253' title='bbox 549 2828 708 2877; x_wconf 87' lang='lat' dir='ltr'>itemque</span> <span class='ocrx_word' id='word_1_254' title='bbox 720 2828 803 2864; x_wconf 82' lang='lat' dir='ltr'>Sui-</span> 
     </span>
    </p>
   </div>
   <div class='ocr_carea' id='block_1_15' title="bbox 859 1385 1532 2286">
    <p class='ocr_par' dir='ltr' id='par_1_16' title="bbox 859 1385 1532 2286">
     <span class='ocr_line' id='line_1_45' title="bbox 865 1385 1530 1438; baseline -0.003 -10"><span class='ocrx_word' id='word_1_255' title='bbox 865 1390 931 1428; x_wconf 83' lang='lat' dir='ltr'>das</span> <span class='ocrx_word' id='word_1_256' title='bbox 961 1390 998 1427; x_wconf 87' lang='lat' dir='ltr'><em>h.</em></span> <span class='ocrx_word' id='word_1_257' title='bbox 1024 1392 1049 1430; x_wconf 88' lang='lat'><em>1.</em></span> <span class='ocrx_word' id='word_1_258' title='bbox 1077 1391 1192 1428; x_wconf 85' lang='lat' dir='ltr'>citans</span> <span class='ocrx_word' id='word_1_259' title='bbox 1224 1389 1272 1428; x_wconf 92' lang='lat' dir='ltr'><em>T.</em></span> <span class='ocrx_word' id='word_1_260' title='bbox 1295 1388 1348 1425; x_wconf 89' lang='lat'><em>111</em></span> <span class='ocrx_word' id='word_1_261' title='bbox 1374 1401 1410 1438; x_wconf 86' lang='lat' dir='ltr'><em>p.</em></span> <span class='ocrx_word' id='word_1_262' title='bbox 1432 1385 1530 1433; x_wconf 78' lang='lat'>438,</span> 
     </span>
     <span class='ocr_line' id='line_1_46' title="bbox 863 1444 1531 1496; baseline -0.009 -12"><span class='ocrx_word' id='word_1_263' title='bbox 863 1460 932 1484; x_wconf 87' lang='lat' dir='ltr'><em>nec</em></span> <span class='ocrx_word' id='word_1_264' title='bbox 950 1446 1056 1485; x_wconf 83' lang='lat' dir='ltr'>aliter</span> <span class='ocrx_word' id='word_1_265' title='bbox 1073 1452 1186 1496; x_wconf 85' lang='lat' dir='ltr'>atque</span> <span class='ocrx_word' id='word_1_266' title='bbox 1207 1447 1272 1494; x_wconf 82' lang='lat' dir='ltr'><em>IV,</em></span> <span class='ocrx_word' id='word_1_267' title='bbox 1292 1447 1360 1491; x_wconf 78' lang='lat'><em>28,</em></span> <span class='ocrx_word' id='word_1_268' title='bbox 1385 1444 1446 1481; x_wconf 86' lang='lat' dir='ltr'><em>ubi</em></span> <span class='ocrx_word' id='word_1_269' title='bbox 1462 1456 1531 1494; x_wconf 88' lang='lat' dir='ltr'><em>pro</em></span> 
     </span>
     <span class='ocr_line' id='line_1_47' title="bbox 863 1499 1532 1554; baseline -0.007 -13"><span class='ocrx_word' id='word_1_270' title='bbox 863 1499 1021 1554; x_wconf 72' lang='grc' dir='ltr'><em>τάφρου</em></span> <span class='ocrx_word' id='word_1_271' title='bbox 1050 1505 1122 1540; x_wconf 91' lang='lat' dir='ltr'><em>duo</em></span> <span class='ocrx_word' id='word_1_272' title='bbox 1151 1505 1231 1541; x_wconf 85' lang='lat' dir='ltr'>libri</span> <span class='ocrx_word' id='word_1_273' title='bbox 1257 1499 1426 1552; x_wconf 75' lang='grc' dir='ltr'><em>τάφρης.</em></span> <span class='ocrx_word' id='word_1_274' title='bbox 1472 1501 1532 1537; x_wconf 85' lang='lat' dir='ltr'><em>Cf.</em></span> 
     </span>
     <span class='ocr_line' id='line_1_48' title="bbox 863 1559 1532 1608; baseline -0.009 -11"><span class='ocrx_word' id='word_1_275' title='bbox 863 1560 937 1606; x_wconf 85' lang='lat' dir='ltr'><em>lV,</em></span> <span class='ocrx_word' id='word_1_276' title='bbox 968 1563 1006 1599; x_wconf 82' lang='lat'><em>3.</em></span> <span class='ocrx_word' id='word_1_277' title='bbox 1029 1563 1082 1600; x_wconf 82' lang='lat'><em>20</em></span> <span class='ocrx_word' id='word_1_278' title='bbox 1103 1559 1200 1597; x_wconf 85' lang='lat' dir='ltr'><em>alibi.</em></span> <span class='ocrx_word' id='word_1_279' title='bbox 1246 1559 1300 1596; x_wconf 92' lang='lat' dir='ltr'><em>Ac</em></span> <span class='ocrx_word' id='word_1_280' title='bbox 1323 1559 1444 1608; x_wconf 84' lang='lat' dir='ltr'>plures</span> <span class='ocrx_word' id='word_1_281' title='bbox 1468 1569 1532 1592; x_wconf 86' lang='lat' dir='ltr'><em>vo-</em></span> 
     </span>
     <span class='ocr_line' id='line_1_49' title="bbox 863 1613 1532 1667; baseline -0.007 -14"><span class='ocrx_word' id='word_1_282' title='bbox 863 1629 923 1653; x_wconf 84' lang='lat' dir='ltr'>ces</span> <span class='ocrx_word' id='word_1_283' title='bbox 951 1616 1021 1653; x_wconf 89' lang='lat' dir='ltr'><em>hoc</em></span> <span class='ocrx_word' id='word_1_284' title='bbox 1050 1617 1160 1653; x_wconf 86' lang='lat' dir='ltr'>modo</span> <span class='ocrx_word' id='word_1_285' title='bbox 1191 1616 1397 1667; x_wconf 81' lang='lat' dir='ltr'>promiscue</span> <span class='ocrx_word' id='word_1_286' title='bbox 1426 1613 1532 1650; x_wconf 85' lang='lat' dir='ltr'>adhi-</span> 
     </span>
     <span class='ocr_line' id='line_1_50' title="bbox 862 1672 1528 1722; baseline -0.008 -12"><span class='ocrx_word' id='word_1_287' title='bbox 862 1673 940 1710; x_wconf 83' lang='lat' dir='ltr'>beri</span> <span class='ocrx_word' id='word_1_288' title='bbox 984 1677 1138 1722; x_wconf 82' lang='lat' dir='ltr'>utraque</span> <span class='ocrx_word' id='word_1_289' title='bbox 1185 1674 1301 1710; x_wconf 83' lang='lat' dir='ltr'>forma</span> <span class='ocrx_word' id='word_1_290' title='bbox 1358 1672 1528 1708; x_wconf 83' lang='lat' dir='ltr'>observat</span> 
     </span>
     <span class='ocr_line' id='line_1_51' title="bbox 861 1723 1527 1780; baseline -0.002 -15"><span class='ocrx_word' id='word_1_291' title='bbox 861 1730 1091 1779; x_wconf 80' lang='lat' dir='ltr'>Schweigh.,</span> <span class='ocrx_word' id='word_1_292' title='bbox 1120 1734 1160 1766; x_wconf 87' lang='lat' dir='ltr'><em>ut</em></span> <span class='ocrx_word' id='word_1_293' title='bbox 1191 1728 1218 1780; x_wconf 72' lang='grc' dir='ltr'><em>ἦ</em></span> <span class='ocrx_word' id='word_1_294' title='bbox 1245 1724 1416 1779; x_wconf 71' lang='grc' dir='ltr'><em>ψάμμος</em></span> <span class='ocrx_word' id='word_1_295' title='bbox 1438 1730 1474 1764; x_wconf 86' lang='lat' dir='ltr'><em>et</em></span> <span class='ocrx_word' id='word_1_296' title='bbox 1498 1723 1527 1776; x_wconf 73' lang='grc' dir='ltr'><em>ἦ</em></span> 
     </span>
     <span class='ocr_line' id='line_1_52' title="bbox 861 1780 1528 1837; baseline -0.007 -13"><span class='ocrx_word' id='word_1_297' title='bbox 861 1782 1010 1837; x_wconf 78' lang='grc' dir='ltr'><em>ψοῖμμη</em></span> <span class='ocrx_word' id='word_1_298' title='bbox 1040 1786 1111 1833; x_wconf 86' lang='lat' dir='ltr'><em>IV,</em></span> <span class='ocrx_word' id='word_1_299' title='bbox 1148 1788 1240 1827; x_wconf 76' lang='lat'><strong>181.</strong></span> <span class='ocrx_word' id='word_1_300' title='bbox 1264 1788 1365 1830; x_wconf 79' lang='lat'>1823</span> <span class='ocrx_word' id='word_1_301' title='bbox 1401 1782 1422 1823; x_wconf 78' lang='grc' dir='ltr'>ὁ</span> <span class='ocrx_word' id='word_1_302' title='bbox 1443 1787 1480 1820; x_wconf 82' lang='lat' dir='ltr'><em>et</em></span> <span class='ocrx_word' id='word_1_303' title='bbox 1500 1780 1528 1833; x_wconf 75' lang='grc' dir='ltr'><em>ἦ</em></span> 
     </span>
     <span class='ocr_line' id='line_1_53' title="bbox 859 1841 1526 1892; baseline -0.007 -11"><span class='ocrx_word' id='word_1_304' title='bbox 859 1843 959 1881; x_wconf 82' lang='grc' dir='ltr'><em>κίων</em></span> <span class='ocrx_word' id='word_1_305' title='bbox 991 1843 1064 1892; x_wconf 83' lang='lat' dir='ltr'><em>lv,</em></span> <span class='ocrx_word' id='word_1_306' title='bbox 1098 1845 1190 1883; x_wconf 77' lang='lat'><strong>184.</strong></span> <span class='ocrx_word' id='word_1_307' title='bbox 1244 1843 1278 1889; x_wconf 85' lang='grc' dir='ltr'><strong>Ι,</strong></span> <span class='ocrx_word' id='word_1_308' title='bbox 1311 1845 1388 1887; x_wconf 80' lang='grc'><em>92,</em></span> <span class='ocrx_word' id='word_1_309' title='bbox 1428 1841 1526 1877; x_wconf 79' lang='grc' dir='ltr'><em>σαῦ-</em></span> 
     </span>
     <span class='ocr_line' id='line_1_54' title="bbox 861 1894 1526 1950; baseline -0.008 -13"><span class='ocrx_word' id='word_1_310' title='bbox 861 1915 929 1950; x_wconf 84' lang='grc' dir='ltr'><em>ρος</em></span> <span class='ocrx_word' id='word_1_311' title='bbox 969 1904 1006 1936; x_wconf 80' lang='lat' dir='ltr'><em>et</em></span> <span class='ocrx_word' id='word_1_312' title='bbox 1043 1894 1170 1948; x_wconf 75' lang='grc' dir='ltr'><em>σαύρα</em></span> <span class='ocrx_word' id='word_1_313' title='bbox 1211 1898 1276 1949; x_wconf 86' lang='lat' dir='ltr'><em>(de</em></span> <span class='ocrx_word' id='word_1_314' title='bbox 1303 1911 1376 1947; x_wconf 88' lang='lat' dir='ltr'><em>quo</em></span> <span class='ocrx_word' id='word_1_315' title='bbox 1402 1901 1526 1934; x_wconf 78' lang='lat' dir='ltr'>tamen</span> 
     </span>
     <span class='ocr_line' id='line_1_55' title="bbox 859 1952 1526 2001; baseline -0.004 -10"><span class='ocrx_word' id='word_1_316' title='bbox 859 1957 931 1992; x_wconf 83' lang='lat' dir='ltr'><em>vid.</em></span> <span class='ocrx_word' id='word_1_317' title='bbox 947 1960 1040 1993; x_wconf 79' lang='lat' dir='ltr'><strong>nott.</strong></span> <span class='ocrx_word' id='word_1_318' title='bbox 1058 1957 1106 1992; x_wconf 84' lang='lat' dir='ltr'><em>ad</em></span> <span class='ocrx_word' id='word_1_319' title='bbox 1121 1956 1181 2001; x_wconf 74' lang='lat' dir='ltr'><em>[V.</em></span> <span class='ocrx_word' id='word_1_320' title='bbox 1207 1957 1296 1996; x_wconf 84' lang='lat'><strong>183.</strong></span> <span class='ocrx_word' id='word_1_321' title='bbox 1321 1955 1446 2000; x_wconf 72' lang='lat'><strong>192).</strong></span> <span class='ocrx_word' id='word_1_322' title='bbox 1467 1952 1526 1988; x_wconf 89' lang='lat' dir='ltr'><em>In-</em></span> 
     </span>
     <span class='ocr_line' id='line_1_56' title="bbox 860 2009 1527 2062; baseline -0.006 -13"><span class='ocrx_word' id='word_1_323' title='bbox 860 2013 918 2049; x_wconf 75' lang='lat' dir='ltr'><em>fra</em></span> <span class='ocrx_word' id='word_1_324' title='bbox 945 2012 1015 2059; x_wconf 73' lang='lat' dir='ltr'><em>IV,</em></span> <span class='ocrx_word' id='word_1_325' title='bbox 1046 2013 1126 2053; x_wconf 82' lang='lat'><em>203</em></span> <span class='ocrx_word' id='word_1_326' title='bbox 1153 2026 1221 2062; x_wconf 88' lang='lat' dir='ltr'><em>pro</em></span> <span class='ocrx_word' id='word_1_327' title='bbox 1248 2009 1373 2062; x_wconf 76' lang='grc' dir='ltr'><em>ὄχθον</em></span> <span class='ocrx_word' id='word_1_328' title='bbox 1394 2009 1527 2047; x_wconf 83' lang='lat' dir='ltr'>Aldina</span> 
     </span>
     <span class='ocr_line' id='line_1_57' title="bbox 862 2065 1529 2119; baseline -0.006 -14"><span class='ocrx_word' id='word_1_329' title='bbox 862 2069 1008 2106; x_wconf 84' lang='lat' dir='ltr'>exhibet</span> <span class='ocrx_word' id='word_1_330' title='bbox 1039 2065 1179 2119; x_wconf 71' lang='grc' dir='ltr'><em>ὄχθην,</em></span> <span class='ocrx_word' id='word_1_331' title='bbox 1210 2069 1309 2117; x_wconf 88' lang='lat' dir='ltr'>quod</span> <span class='ocrx_word' id='word_1_332' title='bbox 1335 2070 1452 2117; x_wconf 72' lang='lat' dir='ltr'><em>ripam</em></span> <span class='ocrx_word' id='word_1_333' title='bbox 1472 2066 1529 2102; x_wconf 82' lang='lat' dir='ltr'><em>al-</em></span> 
     </span>
     <span class='ocr_line' id='line_1_58' title="bbox 865 2121 1528 2175; baseline -0.005 -14"><span class='ocrx_word' id='word_1_334' title='bbox 865 2129 938 2161; x_wconf 71' lang='lat' dir='ltr'><em>tam</em></span> <span class='ocrx_word' id='word_1_335' title='bbox 965 2130 1177 2175; x_wconf 81' lang='lat' dir='ltr'>exponunt,</span> <span class='ocrx_word' id='word_1_336' title='bbox 1218 2139 1296 2162; x_wconf 90' lang='lat' dir='ltr'><em>cum</em></span> <span class='ocrx_word' id='word_1_337' title='bbox 1329 2121 1450 2174; x_wconf 72' lang='grc' dir='ltr'><em>’ὄχθος</em></span> <span class='ocrx_word' id='word_1_338' title='bbox 1482 2123 1528 2158; x_wconf 81' lang='lat' dir='ltr'>sit</span> 
     </span>
     <span class='ocr_line' id='line_1_59' title="bbox 865 2180 1527 2228; baseline -0.005 -9"><span class='ocrx_word' id='word_1_339' title='bbox 865 2182 984 2228; x_wconf 79' lang='lat' dir='ltr'><em>collis,</em></span> <span class='ocrx_word' id='word_1_340' title='bbox 1014 2195 1118 2218; x_wconf 81' lang='lat' dir='ltr'>mons.</span> <span class='ocrx_word' id='word_1_341' title='bbox 1159 2182 1269 2219; x_wconf 81' lang='lat' dir='ltr'>Plura</span> <span class='ocrx_word' id='word_1_342' title='bbox 1289 2181 1450 2219; x_wconf 83' lang='lat' dir='ltr'><em>Fischer.</em></span> <span class='ocrx_word' id='word_1_343' title='bbox 1478 2180 1527 2216; x_wconf 83' lang='lat' dir='ltr'><em>ad</em></span> 
     </span>
     <span class='ocr_line' id='line_1_60' title="bbox 864 2234 1274 2286; baseline 0.007 -12"><span class='ocrx_word' id='word_1_344' title='bbox 864 2238 1082 2276; x_wconf 79' lang='lat' dir='ltr'><strong>Anacreont.</strong></span> <span class='ocrx_word' id='word_1_345' title='bbox 1112 2234 1205 2286; x_wconf 68' lang='lat' dir='ltr'><em>XX,</em></span> <span class='ocrx_word' id='word_1_346' title='bbox 1238 2243 1274 2279; x_wconf 80' lang='lat'><em>2.</em></span> 
     </span>
    </p>
   </div>
   <div class='ocr_carea' id='block_1_16' title="bbox 859 2312 1526 2875">
    <p class='ocr_par' dir='ltr' id='par_1_17' title="bbox 859 2312 1526 2875">
     <span class='ocr_line' id='line_1_61' title="bbox 920 2312 1525 2365; baseline -0.002 -9"><span class='ocrx_word' id='word_1_347' title='bbox 920 2316 1091 2357; x_wconf 80' lang='grc' dir='ltr'><em>ἐπέτεινε</em></span> <span class='ocrx_word' id='word_1_348' title='bbox 1136 2314 1235 2365; x_wconf 77' lang='grc' dir='ltr'><em>ξύλα</em></span> <span class='ocrx_word' id='word_1_349' title='bbox 1273 2312 1448 2357; x_wconf 73' lang='grc' dir='ltr'><em>α’σθενέα</em></span> <span class='ocrx_word' id='word_1_350' title='bbox 1486 2332 1525 2355; x_wconf 82' lang='grc' dir='ltr'><em>κ.</em></span> 
     </span>
     <span class='ocr_line' id='line_1_62' title="bbox 863 2372 1526 2424; baseline -0.003 -13"><span class='ocrx_word' id='word_1_351' title='bbox 863 2389 894 2412; x_wconf 88' lang='grc' dir='ltr'><em>τ.</em></span> <span class='ocrx_word' id='word_1_352' title='bbox 917 2375 971 2424; x_wconf 83' lang='grc' dir='ltr'><em>λ.]</em></span> <span class='ocrx_word' id='word_1_353' title='bbox 1003 2375 1137 2413; x_wconf 85' lang='lat' dir='ltr'>Iisdem</span> <span class='ocrx_word' id='word_1_354' title='bbox 1163 2377 1278 2413; x_wconf 85' lang='lat' dir='ltr'>ferme</span> <span class='ocrx_word' id='word_1_355' title='bbox 1303 2374 1422 2412; x_wconf 77' lang='lat' dir='ltr'>verbis</span> <span class='ocrx_word' id='word_1_356' title='bbox 1446 2372 1526 2410; x_wconf 85' lang='lat' dir='ltr'><em>No-</em></span> 
     </span>
     <span class='ocr_line' id='line_1_63' title="bbox 863 2431 1525 2478; baseline 0 -11"><span class='ocrx_word' id='word_1_357' title='bbox 863 2437 939 2469; x_wconf 77' lang='lat' dir='ltr'>ster</span> <span class='ocrx_word' id='word_1_358' title='bbox 966 2433 1077 2468; x_wconf 78' lang='lat' dir='ltr'>utitur</span> <span class='ocrx_word' id='word_1_359' title='bbox 1094 2432 1131 2478; x_wconf 85' lang='lat' dir='ltr'><em>l,</em></span> <span class='ocrx_word' id='word_1_360' title='bbox 1165 2433 1256 2472; x_wconf 84' lang='lat'><strong>186.</strong></span> <span class='ocrx_word' id='word_1_361' title='bbox 1297 2432 1343 2468; x_wconf 87' lang='lat' dir='ltr'><em>Et</em></span> <span class='ocrx_word' id='word_1_362' title='bbox 1362 2431 1525 2468; x_wconf 81' lang='lat' dir='ltr'>notanda</span> 
     </span>
     <span class='ocr_line' id='line_1_64' title="bbox 862 2487 1523 2526; baseline -0.005 -1"><span class='ocrx_word' id='word_1_363' title='bbox 862 2488 931 2525; x_wconf 86' lang='lat' dir='ltr'>crit</span> <span class='ocrx_word' id='word_1_364' title='bbox 952 2488 1126 2525; x_wconf 80' lang='lat' dir='ltr'>orationis</span> <span class='ocrx_word' id='word_1_365' title='bbox 1145 2488 1370 2526; x_wconf 80' lang='lat' dir='ltr'>abundantia</span> <span class='ocrx_word' id='word_1_366' title='bbox 1388 2487 1423 2522; x_wconf 87' lang='lat' dir='ltr'><em>in</em></span> <span class='ocrx_word' id='word_1_367' title='bbox 1442 2499 1523 2524; x_wconf 86' lang='lat' dir='ltr'>ver-</span> 
     </span>
     <span class='ocr_line' id='line_1_65' title="bbox 861 2541 1517 2595; baseline -0.002 -16"><span class='ocrx_word' id='word_1_368' title='bbox 861 2545 916 2580; x_wconf 83' lang='lat' dir='ltr'>bis</span> <span class='ocrx_word' id='word_1_369' title='bbox 933 2541 1160 2595; x_wconf 74' lang='grc' dir='ltr'><em>κατύπερθε</em></span> <span class='ocrx_word' id='word_1_370' title='bbox 1183 2542 1225 2583; x_wconf 79' lang='grc' dir='ltr'><em>δὲ</em></span> <span class='ocrx_word' id='word_1_371' title='bbox 1245 2544 1445 2592; x_wconf 78' lang='grc' dir='ltr'><em>ἐπιπολῆς.</em></span> <span class='ocrx_word' id='word_1_372' title='bbox 1470 2564 1517 2570; x_wconf 89' lang='lat'>—</span> 
     </span>
     <span class='ocr_line' id='line_1_66' title="bbox 859 2599 1519 2650; baseline 0 -13"><span class='ocrx_word' id='word_1_373' title='bbox 859 2601 948 2638; x_wconf 88' lang='lat' dir='ltr'><em>Mox</em></span> <span class='ocrx_word' id='word_1_374' title='bbox 979 2615 1060 2639; x_wconf 91' lang='lat' dir='ltr'><em>cum</em></span> <span class='ocrx_word' id='word_1_375' title='bbox 1091 2601 1296 2650; x_wconf 87' lang='lat' dir='ltr'>Schweigh.</span> <span class='ocrx_word' id='word_1_376' title='bbox 1330 2604 1369 2637; x_wconf 83' lang='lat' dir='ltr'><em>et</em></span> <span class='ocrx_word' id='word_1_377' title='bbox 1400 2599 1519 2637; x_wconf 84' lang='lat' dir='ltr'>Gaisf.</span> 
     </span>
     <span class='ocr_line' id='line_1_67' title="bbox 860 2655 1518 2708; baseline 0 -14"><span class='ocrx_word' id='word_1_378' title='bbox 860 2658 947 2695; x_wconf 90' lang='lat' dir='ltr'>dedi</span> <span class='ocrx_word' id='word_1_379' title='bbox 997 2657 1252 2708; x_wconf 82' lang='grc' dir='ltr'><em>προεκαλέετο</em></span> <span class='ocrx_word' id='word_1_380' title='bbox 1305 2670 1372 2706; x_wconf 87' lang='lat' dir='ltr'><em>pro</em></span> <span class='ocrx_word' id='word_1_381' title='bbox 1418 2655 1518 2704; x_wconf 84' lang='lat' dir='ltr'><strong>vulg.</strong></span> 
     </span>
     <span class='ocr_line' id='line_1_68' title="bbox 859 2711 1519 2762; baseline -0.006 -9"><span class='ocrx_word' id='word_1_382' title='bbox 859 2713 1152 2762; x_wconf 81' lang='grc' dir='ltr'><em>προσεκαλέετο.</em></span> <span class='ocrx_word' id='word_1_383' title='bbox 1180 2734 1236 2742; x_wconf 79' lang='lat'><em>———</em></span> <span class='ocrx_word' id='word_1_384' title='bbox 1273 2712 1334 2750; x_wconf 85' lang='lat' dir='ltr'><em>Ad</em></span> <span class='ocrx_word' id='word_1_385' title='bbox 1361 2711 1449 2752; x_wconf 79' lang='grc' dir='ltr'><em>ἕαδε</em></span> <span class='ocrx_word' id='word_1_386' title='bbox 1476 2713 1519 2750; x_wconf 89' lang='lat' dir='ltr'><em>cf.</em></span> 
     </span>
     <span class='ocr_line' id='line_1_69' title="bbox 859 2764 1518 2820; baseline 0 -13"><span class='ocrx_word' id='word_1_387' title='bbox 859 2771 929 2819; x_wconf 90' lang='lat' dir='ltr'><em>IV,</em></span> <span class='ocrx_word' id='word_1_388' title='bbox 963 2772 1040 2813; x_wconf 83' lang='lat'><em>145</em></span> <span class='ocrx_word' id='word_1_389' title='bbox 1069 2777 1106 2808; x_wconf 88' lang='lat' dir='ltr'><em>et</em></span> <span class='ocrx_word' id='word_1_390' title='bbox 1133 2771 1180 2808; x_wconf 77' lang='lat' dir='ltr'><em>ad</em></span> <span class='ocrx_word' id='word_1_391' title='bbox 1208 2764 1425 2820; x_wconf 71' lang='grc' dir='ltr'><em>τάμνοντες</em></span> <span class='ocrx_word' id='word_1_392' title='bbox 1453 2764 1518 2820; x_wconf 78' lang='grc' dir='ltr'><em>ὅρ-</em></span> 
     </span>
     <span class='ocr_line' id='line_1_70' title="bbox 859 2826 1361 2875; baseline -0.008 -9"><span class='ocrx_word' id='word_1_393' title='bbox 859 2842 926 2866; x_wconf 85' lang='grc' dir='ltr'><em>κια</em></span> <span class='ocrx_word' id='word_1_394' title='bbox 947 2829 1015 2875; x_wconf 81' lang='lat' dir='ltr'><em>lv,</em></span> <span class='ocrx_word' id='word_1_395' title='bbox 1047 2830 1112 2868; x_wconf 90' lang='lat'><em>70.</em></span> <span class='ocrx_word' id='word_1_396' title='bbox 1152 2826 1238 2873; x_wconf 83' lang='lat' dir='ltr'>Vll,</span> <span class='ocrx_word' id='word_1_397' title='bbox 1273 2828 1361 2867; x_wconf 82' lang='lat'><strong>132.</strong></span> 
     </span>
    </p>
   </div>
   <div class='ocr_carea' id='block_1_17' title="bbox 1528 763 1702 798">
    <p class='ocr_par' dir='ltr' id='par_1_18' title="bbox 1528 763 1702 798">
     <span class='ocr_line' id='line_1_71' title="bbox 1528 763 1702 798; baseline -0.011 -7"><span class='ocrx_word' id='word_1_398' title='bbox 1528 763 1579 791; x_wconf 82' lang='lat' dir='ltr'><em>fidi</em></span> <span class='ocrx_word' id='word_1_399' title='bbox 1583 771 1600 791; x_wconf 84' lang='lat' dir='ltr'>a</span> <span class='ocrx_word' id='word_1_400' title='bbox 1615 763 1702 798; x_wconf 80' lang='lat' dir='ltr'>capiu</span> 
     </span>
    </p>
   </div>
   <div class='ocr_carea' id='block_1_18' title="bbox 1685 695 1806 764">
    <p class='ocr_par' dir='ltr' id='par_1_19' title="bbox 1685 695 1806 753">
     <span class='ocr_line' id='line_1_72' title="bbox 1685 695 1806 722; baseline 0.008 -1"><span class='ocrx_word' id='word_1_401' title='bbox 1685 703 1703 721; x_wconf 79' lang='lat' dir='ltr'>a</span> <span class='ocrx_word' id='word_1_402' title='bbox 1734 695 1806 722; x_wconf 78' lang='lat' dir='ltr'><em>Per-</em></span> 
     </span>
     <span class='ocr_line' id='line_1_73' title="bbox 1741 738 1756 764; baseline 0 -11"><span class='ocrx_word' id='word_1_403' title='bbox 1741 738 1756 764; x_wconf 78' lang='grc' dir='ltr'><em>Ιὶ</em></span> 
     </span>
    </p>
   </div>
   <div class='ocr_carea' id='block_1_19' title="bbox 1707 738 1784 790">
    <p class='ocr_par' dir='ltr' id='par_1_20' title="bbox 1707 738 1784 790">
     <span class='ocr_line' id='line_1_74' title="bbox 1707 738 1784 790; baseline 0 -1"><span class='ocrx_word' id='word_1_404' title='bbox 1707 738 1784 790; x_wconf 75' lang='lat' dir='ltr'><em>ntiir.</em></span> 
     </span>
    </p>
   </div>
  </div>
 </body>
</html>
