1904 3304
464 252 1022 295 MELPOMENE.
1079 252 1142 291 IV.

1352 254 1436 294 607

174 369 248 413 καὶ
283 365 393 421 πρὸς
429 366 623 410 τούτοισι
660 364 802 409 πάντα
840 363 893 407 τὰ
929 362 1083 418 αἰσχρὰ
1118 360 1462 414 λοιδορέονται,1

177 440 242 483 ὅτι
272 437 407 493 σφέας
435 440 574 480 καίων
604 438 830 491 ἐπιτρίβει,
863 432 1028 484 αὐτούς
1057 449 1100 476 τε
1130 432 1234 483 τούς
1265 431 1437 486 ἀνθρώ·

146 514 298 559 4πους,
328 509 400 551 καὶ
430 508 510 564 τὴν
540 508 688 564 χώρην
719 506 876 549 αὐτῶν.
923 505 1048 547 Meu}
1079 504 1144 555 δὲ,
1177 503 1239 547 δι’
1273 501 1436 546 ἀλλέων

174 579 278 623 δέκα
302 578 496 634 ἡμερέων
522 578 653 627 ὁδοῦ,
685 578 814 627 ἄλλος
836 576 1027 626 κολωνὸς
1054 575 1178 626 ἁλός,
1209 575 1280 618 καὶ
1302 575 1437 626 ὕδωρ,

145 650 251 694 ὅκαὶ
290 649 523 705 ἅνθρωποι
556 651 655 704 περὶ
688 648 821 692 αὐτὸν
851 647 1054 690 οἰκέουσι.

1113 647 1249 701 ἔχεται
1279 645 1325 689 δὲ
1357 648 1470 687 τοῦ5

173 719 278 772 ἁλὸς
315 720 481 766 τούτου
515 717 668 776 οὖρος,
705 723 766 775 τῷ
803 716 974 774 οὔνομά
1005 719 1093 761 ἔστι
1115 717 1289 768 Ἄτλας·
1349 715 1438 759 ἔστι

118 925 274 961 conficit.
306 923 414 974 Apud
431 922 599 960 Eustath.
623 921 644 958 1.
667 921 690 958 l.
712 934 779 972 pro

117 977 408 1031 ὑπερβάλλοντι
437 984 555 1016 exstat
581 977 779 1028 ὑπερβαλ-

117 1034 286 1083 λόντως,
326 1036 441 1081 male,
480 1041 520 1072 ut
560 1036 701 1072 videtur
732 1035 779 1071 Is.

115 1093 246 1130 Vossio
284 1093 332 1128 ad
365 1093 485 1129 Melae
515 1091 630 1128 locum
664 1091 702 1137 l,
741 1092 780 1138 8,

117 1151 173 1190 42
202 1149 425 1196 (‚‚Atlantes
455 1147 578 1184 Solem
608 1160 781 1185 execran-

116 1210 177 1243 tur
208 1211 245 1242 et
276 1207 361 1241 dum
385 1205 497 1241 oritur
516 1209 556 1241 et
578 1205 663 1240 dum
687 1205 779 1240 occi-

118 1263 196 1307 dit,
232 1267 271 1298 ut
303 1262 390 1310 ipsis
424 1261 597 1309 agrisque
631 1261 780 1310 pestifc-

119 1320 230 1355 rum“
244 1319 275 1365 ),
306 1319 367 1367 qui
388 1317 425 1354 id
442 1318 579 1367 ipsum:
608 1319 662 1369 τῷ
680 1315 778 1369 ἡλίῳ

117 1370 431 1425 ὑπερβάλλοντι,
463 1374 562 1422 quod
586 1374 778 1409 Gramma-

118 1432 178 1468 tici
203 1435 387 1480 exponunt
399 1428 694 1479 ύπερβαίνοντι,
717 1443 777 1465 cu-

117 1488 247 1536 iusque
288 1487 366 1524 loco
398 1486 644 1523 Damascenus
676 1486 781 1535 ponit

120 1539 345 1593 οἷνίσχουτι,
376 1543 549 1591 quodque
568 1541 665 1579 Mela
694 1543 780 1578 red-

118 1601 196 1636 dit:
255 1599 366 1645 „dum
401 1600 511 1634 uritur
545 1601 576 1633 et
617 1598 779 1633 occidit“

116 1656 234 1693 minus
279 1656 374 1692 bene
412 1654 569 1702 intelligi
599 1659 704 1703 putat
733 1654 781 1691 de

118 1712 213 1759 sole,
249 1711 424 1761 quamdiu
454 1723 564 1760 supra
591 1711 688 1760 ipsos
718 1711 779 1757 sit,

118 1769 185 1805 sed
216 1769 338 1818 potius
370 1768 416 1804 de
436 1766 510 1803 sole
529 1768 781 1815 supermztz'ssi-

118 1837 186 1871 mo,
207 1829 246 1860 ut
265 1824 363 1873 apud
378 1822 585 1860 Lucretium
607 1822 665 1871 Π,
683 1823 779 1872 395]

120 1883 342 1929 superantior
359 1881 456 1927 ignis
475 1880 495 1916 i.
508 1892 539 1916 e.
556 1880 782 1916 ‘vehementis-

120 1939 247 1973 simus:
304 1941 341 1972 et
372 1936 470 1985 apud
502 1935 597 1972 Gell.
626 1936 673 1973 N.
707 1936 781 1972 Att.

120 1994 194 2039 ΙΙΙ,
235 1995 259 2031 2
289 1992 353 2028 Sol
396 2004 558 2039 magnus.
612 1991 664 2028 Ac
695 1991 782 2028 talia

121 2050 268 2086 omnino
298 2061 341 2085 ex
373 2061 440 2092 ea,
473 2060 568 2096 quae
597 2047 780 2084 Herodoti

120 2107 190 2143 fuit
226 2105 405 2142 sententia
431 2105 478 2140 de
515 2109 633 2141 terrae
665 2105 781 2140 forma

61 2162 65 2167 ’
121 2162 349 2212 explicanda.
387 2160 494 2197 Couf.
524 2165 617 2196 nott.
646 2161 693 2196 ad
718 2159 781 2205 lIl,

123 2216 216 2259 104.
258 2217 329 2264 lv,
369 2218 432 2256 36.
490 2216 547 2252 Ad
584 2229 780 2264 argumen-

120 2279 198 2311 tum
221 2274 288 2310 loci
307 2278 452 2323 praeter
472 2272 591 2309 Melae
614 2285 654 2308 ac
674 2272 781 2308 Plinii

124 2330 147 2368 l.
161 2331 182 2367 l.
195 2330 294 2377 facit,
311 2329 494 2366 Heerenio
505 2333 600 2365 teste
613 2328 633 2365 l.
646 2327 681 2374 1.,
701 2328 780 2365 Leo

121 2386 312 2423 Africanus
335 2385 432 2422 idem
453 2386 500 2422 de
517 2385 643 2421 incolis
663 2389 781 2422 terrae

123 2442 250 2479 Bornu
277 2443 459 2487 reserem,
490 2442 590 2490 quod
609 2441 782 2477 Herodo-

124 2503 183 2534 tus
224 2499 270 2535 de
299 2498 545 2534 Atarantibus.
604 2496 779 2534 Valcken.

127 2553 169 2589 de
196 2554 298 2590 malis
318 2555 478 2604 precibus
507 2554 687 2602 verbisque
718 2555 782 2590 im-

121 2611 195 2660 piis
214 2612 248 2645 in
266 2610 380 2646 Solem
400 2613 505 2647 iactis
527 2611 783 2648 consertStra-

127 2667 211 2702 bon.
234 2666 333 2701 XVll
356 2679 440 2715 pag.
460 2669 541 2707 822
568 2680 597 2703 s.
624 2669 731 2708 1178
751 2665 782 2702 A

125 2720 278 2759 Diodor.
299 2722 346 2758 111
379 2722 434 2772 [8]
464 2736 500 2771 p.
526 2725 604 2762 179
625 2722 668 2759 Α.

186 2774 302 2815 ,Mer-cc*
335 2775 397 2824 δὲ,
425 2775 480 2816 δι’
509 2774 659 2817 α’λλέων
688 2777 782 2817 δέκα

125 2831 304 2884 ’ἡμερέων
335 2832 457 2883 ὁδοῦ]
484 2835 610 2872 Media
641 2836 677 2872 in
710 2836 782 2882 via,

127 2902 223 2939 quae
264 2891 311 2927 ad
347 2891 474 2927 Bornu
511 2891 642 2940 ducat,
688 2892 783 2929 intra

836 921 1008 966 Murzuk‚
1032 922 1140 968 (quae
1158 919 1320 970 capitalis
1341 920 1396 956 est
1410 917 1494 954 urbs

836 983 954 1015 terrae
982 976 1149 1022 Fezzan)
1180 982 1215 1013 et
1245 976 1351 1020 Lari,
1380 976 1495 1023 (quae

836 1036 874 1071 in
898 1033 1062 1070 confiniis
1082 1038 1200 1070 terrae
1222 1033 1347 1068 Bornu
1369 1036 1424 1067 est
1445 1031 1495 1066 si-

837 1094 910 1139 ta),
934 1091 994 1127 ubi
1016 1090 1111 1126 iacet
1129 1089 1264 1136 ΒιἸιιια,
1290 1100 1385 1137 quae
1405 1100 1494 1135 gcn-

837 1148 884 1184 tis
914 1146 1037 1184 Tibba
1068 1147 1264 1196 praecipua
1292 1146 1406 1181 fertur
1438 1156 1496 1180 se-

836 1205 923 1249 des,
970 1203 1152 1239 Herodoti
1197 1202 1361 1238 Atlantes
1406 1200 1494 1250 poni

835 1260 912 1296 vult
931 1259 1088 1295 Heeren.
1112 1259 1221 1295 Ideen
1241 1259 1288 1303 ll,
1314 1260 1331 1296 1
1354 1271 1390 1306 p.
1413 1257 1495 1296 242

835 1330 912 1365 seq.
956 1316 1062 1358 Quae
1089 1316 1188 1364 regio
1209 1330 1229 1352 a
1249 1313 1328 1350 loco
1349 1313 1494 1362 'seger-

834 1387 896 1421 ry,
928 1373 987 1408 ubi
1021 1372 1128 1408 sedes
1151 1371 1386 1417 Atarantum,
1415 1382 1495 1407 cum

835 1430 946 1465 distet
984 1427 1235 1476 duodeviginti
1270 1428 1407 1463 dierum
1438 1426 1496 1462 iti-

838 1498 924 1522 nere
953 1485 1030 1533 (qui
1065 1486 1171 1520 solito
1202 1483 1274 1520 scil.
1297 1483 1495 1529 breviores,

837 1542 886 1578 ad
908 1542 1099 1577 duodecim
1124 1541 1198 1577 sive
1217 1540 1387 1577 tredecim
1408 1552 1496 1589 pos-

838 1599 909 1634 sint
939 1598 1119 1643 revocari,
1158 1597 1212 1632 his
1246 1597 1275 1632 si
1312 1596 1496 1632 addantur

838 1658 919 1690 octo
953 1654 1030 1690 dies
1059 1654 1159 1701 viae,
1200 1665 1294 1702 quae
1325 1664 1346 1688 a
1377 1652 1496 1689 Gara-

837 1710 1021 1747 mantibus
1062 1711 1109 1746 ad
1140 1709 1336 1746 Atarantes
1373 1710 1495 1753 ducat,

838 1768 935 1803 idem
981 1767 1123 1812 existit,
1171 1770 1322 1803 auctore
1353 1765 1496 1802 Heere-

838 1824 921 1867 nio,
953 1823 1079 1871 viginti
1112 1823 1248 1859 dierum
1276 1823 1367 1868 iter,
1396 1820 1496 1870 quod

838 1892 859 1916 a
888 1880 1174 1915 Garamantibus
1211 1891 1328 1926 usque
1358 1878 1405 1914 ad
1427 1876 1496 1913 At-

837 1935 953 1972 lantes
984 1935 1165 1972 Herodoti
1199 1947 1244 1972 ex
1278 1938 1402 1971 mente
1432 1933 1497 1969 de-

838 1991 924 2028 beat
946 1992 1147 2041 supputari.

898 2046 1020 2097 ἔχεται
1052 2045 1093 2085 δὲ
1122 2048 1194 2085 τοῦ
1226 2042 1317 2091 ἁλὸς
1350 2039 1495 2083 τούτου

839 2097 972 2154 οὖρος,
992 2105 1047 2154 τῷ
1068 2100 1222 2152 οὕνομα
1246 2098 1493 2150 ἔστι’Ἁτλας]

839 2161 950 2203 Quod
972 2160 1175 2196 Heerenius
1193 2159 1215 2195 l.
1237 2158 1259 2194 l.
1287 2159 1333 2194 ad
1356 2157 1497 2194 Bilmae

837 2217 1044 2264 regionem,
1074 2221 1168 2252 teste
1196 2215 1397 2252 recentiore
1428 2226 1495 2263 pe-

836 2273 1060 2320 regrinatore
1088 2272 1190 2309 valde
1216 2275 1417 2308 montosam
1438 2282 1496 2306 sa-

837 2328 955 2377 lisque
987 2330 1153 2373 divitem,
1189 2329 1287 2364 cuius
1304 2327 1496 2363 maximum

837 2386 887 2422 ibi
907 2386 1155 2422 commercium
1178 2398 1255 2421 cum
1276 2383 1413 2432 NigriS‚
1439 2396 1496 2419 re-

839 2442 951 2478 latum
982 2441 1070 2477 vult.
1130 2441 1220 2478 Mihi
1240 2440 1329 2477 illud
1354 2441 1497 2476 videtur

840 2499 1047 2544 adversari,
1097 2498 1197 2546 quod
1240 2496 1343 2533 Atlas
1391 2507 1494 2531 mons

839 2554 937 2591 haud
973 2567 1156 2604 quaquam
1185 2553 1399 2589 Atarantum
1438 2555 1495 2588 at-

838 2623 911 2659 que
926 2611 1189 2647 Garamantum
1209 2622 1230 2645 a
1249 2608 1413 2653 meridie,
1430 2607 1497 2644 sed

838 2667 959 2716 potius
988 2668 1033 2703 ab
1062 2667 1248 2703 occidente
1276 2665 1401 2712 quaeri
1430 2664 1497 2701 de-

839 2723 913 2760 bet.
960 2722 1131 2772 Namque
1152 2722 1299 2759 Atlante
1321 2720 1379 2756 hic
1398 2720 1495 2756 indi-

840 2780 913 2816 cari
947 2786 1069 2829 putem
1103 2792 1184 2816 eum
1214 2777 1389 2814 montium
1418 2781 1496 2812 tra-

839 2840 954 2881 ctum,
987 2837 1049 2884 qui
1067 2835 1222 2882 Libyam
1242 2834 1399 2870 mediam
1422 2832 1496 2867 dis-

840 2904 967 2930 secans
995 2891 1149 2930 fertilem
1172 2902 1272 2927 oram
1298 2902 1321 2928 a
1346 2888 1496 2937 regione
