<?xml version="1.0" encoding="UTF-8"?>
<!DOCTYPE html PUBLIC "-//W3C//DTD XHTML 1.0 Transitional//EN"
    "http://www.w3.org/TR/xhtml1/DTD/xhtml1-transitional.dtd">
<html xmlns="http://www.w3.org/1999/xhtml" xml:lang="en" lang="en">
 <head>
  <title>
</title>
<meta http-equiv="Content-Type" content="text/html;charset=utf-8" />
  <meta name='ocr-system' content='tesseract 3.04.00' />
  <meta name='ocr-capabilities' content='ocr_page ocr_carea ocr_par ocr_line ocrx_word'/>
</head>
<body>
  <div class='ocr_page' id='page_1' title='image "./musaeherodoto02hero/musaeherodoto02hero_0311.png"; bbox 0 0 1904 3304; ppageno 0'>
   <div class='ocr_carea' id='block_1_1' title="bbox 523 225 1080 266">
    <p class='ocr_par' dir='ltr' id='par_1_1' title="bbox 523 225 1080 266">
     <span class='ocr_line' id='line_1_1' title="bbox 523 225 1080 266; baseline -0.005 0"><span class='ocrx_word' id='word_1_1' title='bbox 523 225 1080 266; x_wconf 86' lang='lat' dir='ltr'><strong>MELPOMENE.</strong></span> 
     </span>
    </p>
   </div>
   <div class='ocr_carea' id='block_1_2' title="bbox 1140 224 1459 265">
    <p class='ocr_par' dir='ltr' id='par_1_2' title="bbox 1140 224 1459 265">
     <span class='ocr_line' id='line_1_2' title="bbox 1140 224 1459 265; baseline 0.009 -3"><span class='ocrx_word' id='word_1_2' title='bbox 1140 225 1153 263; x_wconf 95' lang='lat' dir='ltr'>l</span> <span class='ocrx_word' id='word_1_3' title='bbox 1161 224 1204 262; x_wconf 87' lang='lat' dir='ltr'>V.</span> <span class='ocrx_word' id='word_1_4' title='bbox 1375 225 1459 265; x_wconf 79' lang='lat'>303</span> 
     </span>
    </p>
   </div>
   <div class='ocr_carea' id='block_1_3' title="bbox 194 329 1455 394">
    <p class='ocr_par' dir='ltr' id='par_1_3' title="bbox 194 329 1455 394">
     <span class='ocr_line' id='line_1_3' title="bbox 194 329 1455 394; baseline -0.006 -12"><span class='ocrx_word' id='word_1_5' title='bbox 194 339 444 394; x_wconf 83' lang='grc' dir='ltr'><em>κυρήσαντα</em></span> <span class='ocrx_word' id='word_1_6' title='bbox 487 336 590 393; x_wconf 73' lang='grc' dir='ltr'><em>μετα</em></span> <span class='ocrx_word' id='word_1_7' title='bbox 628 335 709 394; x_wconf 69' lang='grc' dir='ltr'>τήν</span> <span class='ocrx_word' id='word_1_8' title='bbox 748 336 961 393; x_wconf 77' lang='grc' dir='ltr'><em>ἀφάνισιν</em></span> <span class='ocrx_word' id='word_1_9' title='bbox 999 335 1079 392; x_wconf 83' lang='grc' dir='ltr'>τὴν</span> <span class='ocrx_word' id='word_1_10' title='bbox 1109 334 1317 389; x_wconf 82' lang='grc' dir='ltr'><em>δευτέρην</em></span> <span class='ocrx_word' id='word_1_11' title='bbox 1342 329 1455 387; x_wconf 88' lang='grc' dir='ltr'><em>Ἀρι-</em></span> 
     </span>
    </p>
   </div>
   <div class='ocr_carea' id='block_1_4' title="bbox 195 408 1238 462">
    <p class='ocr_par' dir='ltr' id='par_1_4' title="bbox 195 408 1238 462">
     <span class='ocr_line' id='line_1_4' title="bbox 195 408 1238 462; baseline -0.005 -8"><span class='ocrx_word' id='word_1_12' title='bbox 195 410 299 454; x_wconf 85' lang='grc' dir='ltr'><em>στέω</em></span> <span class='ocrx_word' id='word_1_13' title='bbox 332 410 439 453; x_wconf 71' lang='grc' dir='ltr'><em>ἔτεσι</em></span> <span class='ocrx_word' id='word_1_14' title='bbox 470 408 787 462; x_wconf 69' lang='grc' dir='ltr'><em>τεσσεράκοντα</em></span> <span class='ocrx_word' id='word_1_15' title='bbox 824 409 897 450; x_wconf 86' lang='grc' dir='ltr'><em>καὶ</em></span> <span class='ocrx_word' id='word_1_16' title='bbox 932 409 1238 462; x_wconf 84' lang='grc' dir='ltr'><em>τριηκοσίοισι,</em></span> 
     </span>
    </p>
   </div>
   <div class='ocr_carea' id='block_1_5' title="bbox 1284 404 1456 460">
    <p class='ocr_par' dir='ltr' id='par_1_5' title="bbox 1284 404 1456 460">
     <span class='ocr_line' id='line_1_5' title="bbox 1284 404 1456 460; baseline 0 -13"><span class='ocrx_word' id='word_1_17' title='bbox 1284 404 1343 456; x_wconf 80' lang='grc' dir='ltr'>ὦς</span> <span class='ocrx_word' id='word_1_18' title='bbox 1373 404 1456 460; x_wconf 75' lang='grc' dir='ltr'>ἐγώ</span> 
     </span>
    </p>
   </div>
   <div class='ocr_carea' id='block_1_6' title="bbox 193 478 1458 536">
    <p class='ocr_par' dir='ltr' id='par_1_6' title="bbox 193 478 1458 536">
     <span class='ocr_line' id='line_1_6' title="bbox 193 478 1458 536; baseline -0.004 -12"><span class='ocrx_word' id='word_1_19' title='bbox 193 480 546 536; x_wconf 75' lang='grc' dir='ltr'><em>συμβαλλόμενος</em></span> <span class='ocrx_word' id='word_1_20' title='bbox 575 480 621 523; x_wconf 80' lang='grc' dir='ltr'>ἐν</span> <span class='ocrx_word' id='word_1_21' title='bbox 655 478 956 535; x_wconf 78' lang='grc' dir='ltr'><em>Προκοννήσῳ</em></span> <span class='ocrx_word' id='word_1_22' title='bbox 988 496 1030 522; x_wconf 81' lang='grc' dir='ltr'>τε</span> <span class='ocrx_word' id='word_1_23' title='bbox 1061 479 1134 522; x_wconf 85' lang='grc' dir='ltr'><em>καὶ</em></span> <span class='ocrx_word' id='word_1_24' title='bbox 1166 479 1458 532; x_wconf 77' lang='grc' dir='ltr'><strong><em>Μεταποντίῳ</em></strong></span> 
     </span>
    </p>
   </div>
   <div class='ocr_carea' id='block_1_7' title="bbox 165 552 414 606">
    <p class='ocr_par' dir='ltr' id='par_1_7' title="bbox 165 552 414 606">
     <span class='ocr_line' id='line_1_7' title="bbox 165 552 414 606; baseline 0 -14"><span class='ocrx_word' id='word_1_25' title='bbox 165 560 186 592; x_wconf 71' lang='lat'>2</span> <span class='ocrx_word' id='word_1_26' title='bbox 199 552 414 606; x_wconf 78' lang='grc' dir='ltr'><em>εὕρισκον.</em></span> 
     </span>
    </p>
   </div>
   <div class='ocr_carea' id='block_1_8' title="bbox 191 620 1459 749">
    <p class='ocr_par' dir='ltr' id='par_1_8' title="bbox 191 620 1459 749">
     <span class='ocr_line' id='line_1_8' title="bbox 191 620 1459 679; baseline -0.003 -12"><span class='ocrx_word' id='word_1_27' title='bbox 191 625 383 679; x_wconf 81' lang='grc' dir='ltr'><em>φανέντα</em></span> <span class='ocrx_word' id='word_1_28' title='bbox 415 635 493 678; x_wconf 83' lang='grc' dir='ltr'><em>σφι</em></span> <span class='ocrx_word' id='word_1_29' title='bbox 522 622 564 673; x_wconf 75' lang='grc' dir='ltr'>ἐς</span> <span class='ocrx_word' id='word_1_30' title='bbox 593 622 671 677; x_wconf 78' lang='grc' dir='ltr'>τὴν</span> <span class='ocrx_word' id='word_1_31' title='bbox 706 621 873 676; x_wconf 78' lang='grc' dir='ltr'><em>χώρην,</em></span> <span class='ocrx_word' id='word_1_32' title='bbox 905 625 1105 663; x_wconf 82' lang='grc' dir='ltr'><em>κελεῦσαι</em></span> <span class='ocrx_word' id='word_1_33' title='bbox 1134 620 1286 676; x_wconf 81' lang='grc' dir='ltr'><em>βωμόν</em></span> <span class='ocrx_word' id='word_1_34' title='bbox 1314 620 1459 663; x_wconf 83' lang='grc' dir='ltr'><strong><em>Ἀπόλ-</em></strong></span> 
     </span>
     <span class='ocr_line' id='line_1_9' title="bbox 191 691 1456 749; baseline -0.003 -10"><span class='ocrx_word' id='word_1_35' title='bbox 191 700 298 739; x_wconf 80' lang='grc' dir='ltr'><em>λωνι</em></span> <span class='ocrx_word' id='word_1_36' title='bbox 331 694 617 749; x_wconf 83' lang='grc' dir='ltr'><em>ἱδρύσασθαι,</em></span> <span class='ocrx_word' id='word_1_37' title='bbox 657 693 728 736; x_wconf 85' lang='grc' dir='ltr'><em>καὶ</em></span> <span class='ocrx_word' id='word_1_38' title='bbox 769 691 965 746; x_wconf 79' lang='grc' dir='ltr'><em>Ἀριστέω</em></span> <span class='ocrx_word' id='word_1_39' title='bbox 1005 697 1085 735; x_wconf 82' lang='grc' dir='ltr'>τοῦ</span> <span class='ocrx_word' id='word_1_40' title='bbox 1116 695 1456 749; x_wconf 77' lang='grc' dir='ltr'><em>Προκοννησίου</em></span> 
     </span>
    </p>
   </div>
   <div class='ocr_carea' id='block_1_9' title="bbox 161 762 1453 895">
    <p class='ocr_par' dir='ltr' id='par_1_9' title="bbox 161 762 1453 895">
     <span class='ocr_line' id='line_1_10' title="bbox 190 762 1452 823; baseline -0.005 -12"><span class='ocrx_word' id='word_1_41' title='bbox 190 768 438 823; x_wconf 78' lang='grc' dir='ltr'><em>ἐπωνυμίην</em></span> <span class='ocrx_word' id='word_1_42' title='bbox 476 767 628 822; x_wconf 71' lang='grc' dir='ltr'><em>ἔχοντα</em></span> <span class='ocrx_word' id='word_1_43' title='bbox 665 762 905 817; x_wconf 74' lang='grc' dir='ltr'><em>ἀνδριάντα</em></span> <span class='ocrx_word' id='word_1_44' title='bbox 944 762 1052 816; x_wconf 85' lang='grc' dir='ltr'><em>παρ’</em></span> <span class='ocrx_word' id='word_1_45' title='bbox 1093 762 1229 806; x_wconf 76' lang='grc' dir='ltr'><em>αὐτόν</em></span> <span class='ocrx_word' id='word_1_46' title='bbox 1268 763 1452 807; x_wconf 78' lang='grc' dir='ltr'><em>ἱστάναι.</em></span> 
     </span>
     <span class='ocr_line' id='line_1_11' title="bbox 161 833 1453 895; baseline -0.005 -12"><span class='ocrx_word' id='word_1_47' title='bbox 161 839 333 895; x_wconf 84' lang='grc' dir='ltr'><em>3φάναι</em></span> <span class='ocrx_word' id='word_1_48' title='bbox 351 839 458 894; x_wconf 74' lang='grc' dir='ltr'><em>γάρ,</em></span> <span class='ocrx_word' id='word_1_49' title='bbox 495 837 571 893; x_wconf 77' lang='grc' dir='ltr'><em>σφὶ</em></span> <span class='ocrx_word' id='word_1_50' title='bbox 592 835 670 879; x_wconf 85' lang='grc' dir='ltr'>τὸν</span> <span class='ocrx_word' id='word_1_51' title='bbox 685 834 935 877; x_wconf 75' lang='grc' dir='ltr'><em>Ἀπόλλωνα</em></span> <span class='ocrx_word' id='word_1_52' title='bbox 955 833 1226 877; x_wconf 77' lang='grc' dir='ltr'><em>Ἰταλιωτέων</em></span> <span class='ocrx_word' id='word_1_53' title='bbox 1248 834 1453 888; x_wconf 82' lang='grc' dir='ltr'><em>μούνοισι</em></span> 
     </span>
    </p>
   </div>
   <div class='ocr_carea' id='block_1_10' title="bbox 191 904 1513 966">
    <p class='ocr_par' dir='ltr' id='par_1_10' title="bbox 191 904 1513 966">
     <span class='ocr_line' id='line_1_12' title="bbox 191 904 1513 966; baseline -0.007 -12"><span class='ocrx_word' id='word_1_54' title='bbox 191 910 244 966; x_wconf 79' lang='grc' dir='ltr'>δή</span> <span class='ocrx_word' id='word_1_55' title='bbox 278 908 513 953; x_wconf 73' lang='grc' dir='ltr'><em>ἀπικέσθαι</em></span> <span class='ocrx_word' id='word_1_56' title='bbox 542 908 584 958; x_wconf 76' lang='grc' dir='ltr'>ἐς</span> <span class='ocrx_word' id='word_1_57' title='bbox 614 906 693 963; x_wconf 75' lang='grc' dir='ltr'>την</span> <span class='ocrx_word' id='word_1_58' title='bbox 722 905 896 962; x_wconf 78' lang='grc' dir='ltr'><em>χώρην,</em></span> <span class='ocrx_word' id='word_1_59' title='bbox 935 906 1008 948; x_wconf 86' lang='grc' dir='ltr'><em>καὶ</em></span> <span class='ocrx_word' id='word_1_60' title='bbox 1039 904 1171 955; x_wconf 66' lang='grc' dir='ltr'><em>αὐτός</em></span> <span class='ocrx_word' id='word_1_61' title='bbox 1202 907 1246 948; x_wconf 77' lang='grc' dir='ltr'>οἵ</span> <span class='ocrx_word' id='word_1_62' title='bbox 1275 905 1513 949; x_wconf 54' lang='lat' dir='ltr'>{mommo</span> 
     </span>
    </p>
   </div>
   <div class='ocr_carea' id='block_1_11' title="bbox 193 979 706 1035">
    <p class='ocr_par' dir='ltr' id='par_1_11' title="bbox 193 979 706 1035">
     <span class='ocr_line' id='line_1_13' title="bbox 193 979 706 1035; baseline -0.006 -11"><span class='ocrx_word' id='word_1_63' title='bbox 193 979 215 1024; x_wconf 90' lang='grc' dir='ltr'>ὁ</span> <span class='ocrx_word' id='word_1_64' title='bbox 247 985 332 1024; x_wconf 87' lang='grc' dir='ltr'>νῦν</span> <span class='ocrx_word' id='word_1_65' title='bbox 361 980 445 1023; x_wconf 76' lang='grc' dir='ltr'>ἐών</span> <span class='ocrx_word' id='word_1_66' title='bbox 472 979 706 1035; x_wconf 79' lang='grc' dir='ltr'><em>Ἀριστέης·</em></span> 
     </span>
    </p>
   </div>
   <div class='ocr_carea' id='block_1_12' title="bbox 750 976 1456 1036">
    <p class='ocr_par' dir='ltr' id='par_1_12' title="bbox 750 976 1456 1036">
     <span class='ocr_line' id='line_1_14' title="bbox 750 976 1456 1036; baseline -0.003 -15"><span class='ocrx_word' id='word_1_67' title='bbox 750 977 843 1022; x_wconf 82' lang='grc' dir='ltr'><em>τότε</em></span> <span class='ocrx_word' id='word_1_68' title='bbox 876 977 942 1029; x_wconf 76' lang='grc' dir='ltr'>δὲ,</span> <span class='ocrx_word' id='word_1_69' title='bbox 985 976 1054 1020; x_wconf 80' lang='grc' dir='ltr'>ὅτε</span> <span class='ocrx_word' id='word_1_70' title='bbox 1088 978 1229 1019; x_wconf 72' lang='grc' dir='ltr'><em>εἵπετο</em></span> <span class='ocrx_word' id='word_1_71' title='bbox 1260 981 1321 1033; x_wconf 77' lang='grc' dir='ltr'>τῷ</span> <span class='ocrx_word' id='word_1_72' title='bbox 1350 980 1456 1036; x_wconf 75' lang='grc' dir='ltr'><strong>θεῷ,</strong></span> 
     </span>
    </p>
   </div>
   <div class='ocr_carea' id='block_1_13' title="bbox 193 1047 1451 1106">
    <p class='ocr_par' dir='ltr' id='par_1_13' title="bbox 193 1047 1451 1106">
     <span class='ocr_line' id='line_1_15' title="bbox 193 1047 1451 1106; baseline -0.003 -12"><span class='ocrx_word' id='word_1_73' title='bbox 193 1049 305 1094; x_wconf 82' lang='grc' dir='ltr'><em>εἶναι</em></span> <span class='ocrx_word' id='word_1_74' title='bbox 335 1051 480 1106; x_wconf 80' lang='grc' dir='ltr'><em>κόραξ.</em></span> <span class='ocrx_word' id='word_1_75' title='bbox 523 1050 712 1102; x_wconf 83' lang='grc' dir='ltr'><em>καὶτὸν,</em></span> <span class='ocrx_word' id='word_1_76' title='bbox 745 1052 923 1093; x_wconf 78' lang='grc' dir='ltr'><em>εἴπαντα</em></span> <span class='ocrx_word' id='word_1_77' title='bbox 944 1053 1103 1102; x_wconf 86' lang='grc' dir='ltr'><em>ταῦτα,</em></span> <span class='ocrx_word' id='word_1_78' title='bbox 1133 1047 1451 1104; x_wconf 80' lang='grc' dir='ltr'><em>ἀφανισθῆναι.</em></span> 
     </span>
    </p>
   </div>
   <div class='ocr_carea' id='block_1_14' title="bbox 134 1236 797 2923">
    <p class='ocr_par' dir='ltr' id='par_1_14' title="bbox 134 1236 797 2923">
     <span class='ocr_line' id='line_1_16' title="bbox 134 1236 794 1287; baseline -0.008 -11"><span class='ocrx_word' id='word_1_79' title='bbox 134 1241 260 1276; x_wconf 82' lang='lat' dir='ltr'>simam</span> <span class='ocrx_word' id='word_1_80' title='bbox 291 1251 399 1276; x_wconf 90' lang='lat' dir='ltr'>nemo</span> <span class='ocrx_word' id='word_1_81' title='bbox 425 1238 586 1287; x_wconf 80' lang='lat' dir='ltr'>ignorat)</span> <span class='ocrx_word' id='word_1_82' title='bbox 611 1238 667 1273; x_wconf 59' lang='lat' dir='ltr'>xix</span> <span class='ocrx_word' id='word_1_83' title='bbox 690 1236 794 1272; x_wconf 84' lang='lat' dir='ltr'>unius</span> 
     </span>
     <span class='ocr_line' id='line_1_17' title="bbox 135 1293 795 1339; baseline -0.008 -6"><span class='ocrx_word' id='word_1_84' title='bbox 135 1296 206 1333; x_wconf 83' lang='lat' dir='ltr'>diei</span> <span class='ocrx_word' id='word_1_85' title='bbox 228 1297 354 1332; x_wconf 86' lang='lat' dir='ltr'>itinere</span> <span class='ocrx_word' id='word_1_86' title='bbox 375 1296 485 1331; x_wconf 82' lang='lat' dir='ltr'>distet</span> <span class='ocrx_word' id='word_1_87' title='bbox 506 1306 527 1330; x_wconf 86' lang='lat' dir='ltr'>a</span> <span class='ocrx_word' id='word_1_88' title='bbox 547 1293 707 1339; x_wconf 86' lang='lat' dir='ltr'>Thuriis,</span> <span class='ocrx_word' id='word_1_89' title='bbox 735 1293 795 1328; x_wconf 83' lang='lat' dir='ltr'>ubi</span> 
     </span>
     <span class='ocr_line' id='line_1_18' title="bbox 136 1349 795 1399; baseline -0.006 -11"><span class='ocrx_word' id='word_1_90' title='bbox 136 1353 367 1390; x_wconf 86' lang='lat' dir='ltr'>Herodotum</span> <span class='ocrx_word' id='word_1_91' title='bbox 388 1364 509 1388; x_wconf 84' lang='lat' dir='ltr'>senem</span> <span class='ocrx_word' id='word_1_92' title='bbox 524 1351 652 1387; x_wconf 74' lang='lat' dir='ltr'>vixisse</span> <span class='ocrx_word' id='word_1_93' title='bbox 675 1349 795 1399; x_wconf 84' lang='lat' dir='ltr'>operi-</span> 
     </span>
     <span class='ocr_line' id='line_1_19' title="bbox 135 1407 796 1458; baseline -0.006 -13"><span class='ocrx_word' id='word_1_94' title='bbox 135 1422 207 1458; x_wconf 87' lang='lat' dir='ltr'>que</span> <span class='ocrx_word' id='word_1_95' title='bbox 229 1421 294 1444; x_wconf 91' lang='lat' dir='ltr'>suo</span> <span class='ocrx_word' id='word_1_96' title='bbox 322 1407 481 1444; x_wconf 83' lang='lat' dir='ltr'>ultimam</span> <span class='ocrx_word' id='word_1_97' title='bbox 511 1420 656 1444; x_wconf 79' lang='lat' dir='ltr'>manum</span> <span class='ocrx_word' id='word_1_98' title='bbox 679 1407 796 1455; x_wconf 83' lang='lat' dir='ltr'>impo-</span> 
     </span>
     <span class='ocr_line' id='line_1_20' title="bbox 134 1464 795 1513; baseline -0.006 -12"><span class='ocrx_word' id='word_1_99' title='bbox 134 1465 250 1502; x_wconf 86' lang='lat' dir='ltr'>suisse</span> <span class='ocrx_word' id='word_1_100' title='bbox 270 1465 414 1510; x_wconf 82' lang='lat' dir='ltr'>scimus,</span> <span class='ocrx_word' id='word_1_101' title='bbox 444 1465 655 1513; x_wconf 76' lang='lat' dir='ltr'><strong>scriptorem</strong></span> <span class='ocrx_word' id='word_1_102' title='bbox 676 1464 795 1512; x_wconf 87' lang='lat' dir='ltr'>ipsum</span> 
     </span>
     <span class='ocr_line' id='line_1_21' title="bbox 135 1519 796 1570; baseline -0.003 -13"><span class='ocrx_word' id='word_1_103' title='bbox 135 1521 219 1558; x_wconf 90' lang='lat' dir='ltr'>illuc</span> <span class='ocrx_word' id='word_1_104' title='bbox 251 1521 455 1570; x_wconf 83' lang='lat' dir='ltr'>profectum</span> <span class='ocrx_word' id='word_1_105' title='bbox 488 1521 559 1555; x_wconf 89' lang='lat' dir='ltr'>suis</span> <span class='ocrx_word' id='word_1_106' title='bbox 598 1519 710 1555; x_wconf 88' lang='lat' dir='ltr'>oculis</span> <span class='ocrx_word' id='word_1_107' title='bbox 741 1519 796 1555; x_wconf 89' lang='lat' dir='ltr'>in-</span> 
     </span>
     <span class='ocr_line' id='line_1_22' title="bbox 135 1576 794 1628; baseline -0.003 -15"><span class='ocrx_word' id='word_1_108' title='bbox 135 1578 297 1628; x_wconf 87' lang='lat' dir='ltr'>spexisse</span> <span class='ocrx_word' id='word_1_109' title='bbox 325 1577 543 1624; x_wconf 77' lang='lat' dir='ltr'>auribusque</span> <span class='ocrx_word' id='word_1_110' title='bbox 574 1576 794 1625; x_wconf 58' lang='lat' dir='ltr'>percepisse,</span> 
     </span>
     <span class='ocr_line' id='line_1_23' title="bbox 134 1631 793 1671; baseline -0.003 -2"><span class='ocrx_word' id='word_1_111' title='bbox 134 1634 211 1671; x_wconf 89' lang='lat' dir='ltr'>iure</span> <span class='ocrx_word' id='word_1_112' title='bbox 226 1637 362 1669; x_wconf 80' lang='lat' dir='ltr'>statuas</span> <span class='ocrx_word' id='word_1_113' title='bbox 376 1633 468 1669; x_wconf 88' lang='lat' dir='ltr'>licet.</span> <span class='ocrx_word' id='word_1_114' title='bbox 503 1633 560 1669; x_wconf 94' lang='lat' dir='ltr'>Cf.</span> <span class='ocrx_word' id='word_1_115' title='bbox 576 1631 793 1668; x_wconf 75' lang='lat' dir='ltr'>Dahlmann.</span> 
     </span>
     <span class='ocr_line' id='line_1_24' title="bbox 134 1688 793 1739; baseline -0.006 -11"><span class='ocrx_word' id='word_1_116' title='bbox 134 1690 304 1728; x_wconf 88' lang='lat' dir='ltr'>Herodot</span> <span class='ocrx_word' id='word_1_117' title='bbox 331 1702 367 1739; x_wconf 90' lang='lat' dir='ltr'>p.</span> <span class='ocrx_word' id='word_1_118' title='bbox 396 1689 459 1729; x_wconf 87' lang='lat'>50.</span> <span class='ocrx_word' id='word_1_119' title='bbox 492 1688 618 1739; x_wconf 78' lang='lat' dir='ltr'>Heyse</span> <span class='ocrx_word' id='word_1_120' title='bbox 640 1689 793 1732; x_wconf 86' lang='lat' dir='ltr'>Quaest.</span> 
     </span>
     <span class='ocr_line' id='line_1_25' title="bbox 135 1745 791 1796; baseline -0.005 -13"><span class='ocrx_word' id='word_1_121' title='bbox 135 1746 301 1784; x_wconf 87' lang='lat' dir='ltr'>Herodd.</span> <span class='ocrx_word' id='word_1_122' title='bbox 321 1759 357 1796; x_wconf 90' lang='lat' dir='ltr'>p.</span> <span class='ocrx_word' id='word_1_123' title='bbox 381 1746 459 1785; x_wconf 80' lang='lat'>138</span> <span class='ocrx_word' id='word_1_124' title='bbox 482 1758 587 1795; x_wconf 85' lang='lat' dir='ltr'><strong>seqq.</strong></span> <span class='ocrx_word' id='word_1_125' title='bbox 619 1745 715 1782; x_wconf 89' lang='lat' dir='ltr'>Hinc</span> <span class='ocrx_word' id='word_1_126' title='bbox 736 1745 791 1780; x_wconf 91' lang='lat' dir='ltr'>in-</span> 
     </span>
     <span class='ocr_line' id='line_1_26' title="bbox 134 1800 793 1853; baseline -0.002 -14"><span class='ocrx_word' id='word_1_127' title='bbox 134 1803 190 1840; x_wconf 88' lang='lat' dir='ltr'>fra</span> <span class='ocrx_word' id='word_1_128' title='bbox 220 1802 386 1853; x_wconf 88' lang='lat' dir='ltr'>scripsit:</span> <span class='ocrx_word' id='word_1_129' title='bbox 432 1801 498 1841; x_wconf 81' lang='grc' dir='ltr'><em>καὶ</em></span> <span class='ocrx_word' id='word_1_130' title='bbox 530 1804 622 1840; x_wconf 79' lang='grc' dir='ltr'>νῦν</span> <span class='ocrx_word' id='word_1_131' title='bbox 659 1800 793 1851; x_wconf 73' lang='grc' dir='ltr'><em>ἕστηκε</em></span> 
     </span>
     <span class='ocr_line' id='line_1_27' title="bbox 137 1854 793 1911; baseline -0.006 -13"><span class='ocrx_word' id='word_1_132' title='bbox 137 1854 303 1911; x_wconf 76' lang='grc' dir='ltr'><em>ἆνδριοῖς</em></span> <span class='ocrx_word' id='word_1_133' title='bbox 323 1874 358 1897; x_wconf 82' lang='grc' dir='ltr'>κ.</span> <span class='ocrx_word' id='word_1_134' title='bbox 382 1873 412 1896; x_wconf 92' lang='grc' dir='ltr'><em>τ.</em></span> <span class='ocrx_word' id='word_1_135' title='bbox 435 1861 465 1896; x_wconf 76' lang='grc' dir='ltr'>λ.</span> <span class='ocrx_word' id='word_1_136' title='bbox 517 1859 568 1895; x_wconf 86' lang='lat' dir='ltr'>Ac</span> <span class='ocrx_word' id='word_1_137' title='bbox 590 1858 677 1895; x_wconf 82' lang='lat' dir='ltr'>talia</span> <span class='ocrx_word' id='word_1_138' title='bbox 696 1858 793 1894; x_wconf 79' lang='lat' dir='ltr'>haud</span> 
     </span>
     <span class='ocr_line' id='line_1_28' title="bbox 136 1915 794 1953; baseline -0.002 -1"><span class='ocrx_word' id='word_1_139' title='bbox 136 1917 208 1953; x_wconf 88' lang='lat' dir='ltr'>scio</span> <span class='ocrx_word' id='word_1_140' title='bbox 231 1928 277 1952; x_wconf 82' lang='lat' dir='ltr'>an</span> <span class='ocrx_word' id='word_1_141' title='bbox 301 1916 413 1953; x_wconf 84' lang='lat' dir='ltr'>serius</span> <span class='ocrx_word' id='word_1_142' title='bbox 439 1915 567 1952; x_wconf 74' lang='lat' dir='ltr'>addita</span> <span class='ocrx_word' id='word_1_143' title='bbox 588 1916 741 1952; x_wconf 77' lang='lat' dir='ltr'>habeam</span> <span class='ocrx_word' id='word_1_144' title='bbox 773 1927 794 1951; x_wconf 86' lang='lat' dir='ltr'>a</span> 
     </span>
     <span class='ocr_line' id='line_1_29' title="bbox 137 1972 794 2022; baseline -0.002 -14"><span class='ocrx_word' id='word_1_145' title='bbox 137 1985 222 2010; x_wconf 83' lang='lat' dir='ltr'>seue</span> <span class='ocrx_word' id='word_1_146' title='bbox 242 1972 387 2009; x_wconf 86' lang='lat' dir='ltr'>Thuriis</span> <span class='ocrx_word' id='word_1_147' title='bbox 423 1985 514 2022; x_wconf 92' lang='lat' dir='ltr'>opus</span> <span class='ocrx_word' id='word_1_148' title='bbox 543 1985 646 2008; x_wconf 87' lang='lat' dir='ltr'>suum</span> <span class='ocrx_word' id='word_1_149' title='bbox 679 1975 794 2008; x_wconf 75' lang='lat' dir='ltr'>retra-</span> 
     </span>
     <span class='ocr_line' id='line_1_30' title="bbox 136 2028 795 2072; baseline -0.003 -7"><span class='ocrx_word' id='word_1_150' title='bbox 136 2034 265 2066; x_wconf 86' lang='lat' dir='ltr'>ctante.</span> <span class='ocrx_word' id='word_1_151' title='bbox 326 2029 409 2072; x_wconf 87' lang='lat' dir='ltr'>Quo</span> <span class='ocrx_word' id='word_1_152' title='bbox 450 2034 572 2066; x_wconf 79' lang='lat' dir='ltr'>autem</span> <span class='ocrx_word' id='word_1_153' title='bbox 606 2029 683 2065; x_wconf 84' lang='lat' dir='ltr'>iure</span> <span class='ocrx_word' id='word_1_154' title='bbox 712 2028 795 2063; x_wconf 89' lang='lat' dir='ltr'>hinc</span> 
     </span>
     <span class='ocr_line' id='line_1_31' title="bbox 137 2084 795 2134; baseline -0.003 -13"><span class='ocrx_word' id='word_1_155' title='bbox 137 2085 257 2134; x_wconf 84' lang='lat' dir='ltr'>colligi</span> <span class='ocrx_word' id='word_1_156' title='bbox 278 2085 363 2122; x_wconf 85' lang='lat' dir='ltr'>velit</span> <span class='ocrx_word' id='word_1_157' title='bbox 374 2084 530 2122; x_wconf 81' lang='lat' dir='ltr'>Reunel.</span> <span class='ocrx_word' id='word_1_158' title='bbox 553 2098 588 2134; x_wconf 93' lang='lat' dir='ltr'>p.</span> <span class='ocrx_word' id='word_1_159' title='bbox 610 2084 691 2125; x_wconf 71' lang='grc'>400</span> <span class='ocrx_word' id='word_1_160' title='bbox 705 2088 795 2130; x_wconf 65' lang='lat' dir='ltr'>not„</span> 
     </span>
     <span class='ocr_line' id='line_1_32' title="bbox 136 2141 794 2186; baseline -0.003 -9"><span class='ocrx_word' id='word_1_161' title='bbox 136 2142 327 2179; x_wconf 85' lang='lat' dir='ltr'>Herodoto</span> <span class='ocrx_word' id='word_1_162' title='bbox 355 2141 493 2178; x_wconf 79' lang='lat' dir='ltr'>ltaliam</span> <span class='ocrx_word' id='word_1_163' title='bbox 530 2141 647 2178; x_wconf 72' lang='lat' dir='ltr'>latiori</span> <span class='ocrx_word' id='word_1_164' title='bbox 673 2153 794 2186; x_wconf 77' lang='lat' dir='ltr'>sensu,</span> 
     </span>
     <span class='ocr_line' id='line_1_33' title="bbox 138 2197 796 2248; baseline -0.003 -14"><span class='ocrx_word' id='word_1_165' title='bbox 138 2210 210 2246; x_wconf 91' lang='lat' dir='ltr'>quo</span> <span class='ocrx_word' id='word_1_166' title='bbox 231 2211 298 2234; x_wconf 88' lang='lat' dir='ltr'>nos</span> <span class='ocrx_word' id='word_1_167' title='bbox 317 2197 426 2247; x_wconf 80' lang='lat' dir='ltr'>vulgo</span> <span class='ocrx_word' id='word_1_168' title='bbox 447 2198 654 2248; x_wconf 83' lang='lat' dir='ltr'>accipimus,</span> <span class='ocrx_word' id='word_1_169' title='bbox 685 2198 796 2233; x_wconf 85' lang='lat' dir='ltr'>fuisse</span> 
     </span>
     <span class='ocr_line' id='line_1_34' title="bbox 137 2255 795 2303; baseline -0.002 -13"><span class='ocrx_word' id='word_1_170' title='bbox 137 2255 342 2302; x_wconf 83' lang='lat' dir='ltr'>cognitam,</span> <span class='ocrx_word' id='word_1_171' title='bbox 381 2255 550 2303; x_wconf 84' lang='lat' dir='ltr'>equidem</span> <span class='ocrx_word' id='word_1_172' title='bbox 581 2267 654 2290; x_wconf 89' lang='lat' dir='ltr'>nou</span> <span class='ocrx_word' id='word_1_173' title='bbox 683 2267 795 2302; x_wconf 89' lang='lat' dir='ltr'>expu-</span> 
     </span>
     <span class='ocr_line' id='line_1_35' title="bbox 137 2310 795 2360; baseline -0.002 -14"><span class='ocrx_word' id='word_1_174' title='bbox 137 2314 233 2358; x_wconf 81' lang='lat' dir='ltr'>tcm,</span> <span class='ocrx_word' id='word_1_175' title='bbox 272 2324 351 2348; x_wconf 94' lang='lat' dir='ltr'>cum</span> <span class='ocrx_word' id='word_1_176' title='bbox 381 2311 438 2348; x_wconf 90' lang='lat' dir='ltr'>hic</span> <span class='ocrx_word' id='word_1_177' title='bbox 465 2324 612 2360; x_wconf 77' lang='lat' dir='ltr'>quoque</span> <span class='ocrx_word' id='word_1_178' title='bbox 643 2315 682 2346; x_wconf 91' lang='lat' dir='ltr'>ut</span> <span class='ocrx_word' id='word_1_179' title='bbox 710 2310 795 2346; x_wconf 74' lang='lat' dir='ltr'>alibi</span> 
     </span>
     <span class='ocr_line' id='line_1_36' title="bbox 139 2366 796 2417; baseline -0.002 -15"><span class='ocrx_word' id='word_1_180' title='bbox 139 2372 345 2404; x_wconf 83' lang='lat' dir='ltr'>constanter</span> <span class='ocrx_word' id='word_1_181' title='bbox 363 2368 462 2417; x_wconf 80' lang='lat' dir='ltr'>apud</span> <span class='ocrx_word' id='word_1_182' title='bbox 474 2368 648 2404; x_wconf 58' lang='lat' dir='ltr'>Nostrum</span> <span class='ocrx_word' id='word_1_183' title='bbox 663 2366 796 2403; x_wconf 74' lang='lat' dir='ltr'>Italiae</span> 
     </span>
     <span class='ocr_line' id='line_1_37' title="bbox 140 2423 795 2473; baseline 0.003 -16"><span class='ocrx_word' id='word_1_184' title='bbox 140 2435 268 2460; x_wconf 89' lang='lat' dir='ltr'>nomen</span> <span class='ocrx_word' id='word_1_185' title='bbox 288 2425 333 2461; x_wconf 86' lang='lat' dir='ltr'>de</span> <span class='ocrx_word' id='word_1_186' title='bbox 351 2423 466 2460; x_wconf 69' lang='lat' dir='ltr'>Italia</span> <span class='ocrx_word' id='word_1_187' title='bbox 493 2424 674 2473; x_wconf 69' lang='lat' dir='ltr'>inferiori,</span> <span class='ocrx_word' id='word_1_188' title='bbox 720 2425 795 2460; x_wconf 77' lang='lat' dir='ltr'>sive</span> 
     </span>
     <span class='ocr_line' id='line_1_38' title="bbox 140 2476 796 2530; baseline 0.006 -19"><span class='ocrx_word' id='word_1_189' title='bbox 140 2476 285 2527; x_wconf 75' lang='lat' dir='ltr'>IlIagna</span> <span class='ocrx_word' id='word_1_190' title='bbox 316 2482 468 2518; x_wconf 70' lang='lat' dir='ltr'>Graecia</span> <span class='ocrx_word' id='word_1_191' title='bbox 505 2494 599 2530; x_wconf 81' lang='lat' dir='ltr'>quae</span> <span class='ocrx_word' id='word_1_192' title='bbox 636 2485 796 2525; x_wconf 70' lang='lat' dir='ltr'>vocatur,</span> 
     </span>
     <span class='ocr_line' id='line_1_39' title="bbox 141 2536 796 2584; baseline 0.006 -16"><span class='ocrx_word' id='word_1_193' title='bbox 141 2536 253 2583; x_wconf 80' lang='lat' dir='ltr'>accipi</span> <span class='ocrx_word' id='word_1_194' title='bbox 289 2537 443 2584; x_wconf 75' lang='lat' dir='ltr'>debeat,</span> <span class='ocrx_word' id='word_1_195' title='bbox 493 2544 531 2574; x_wconf 91' lang='lat' dir='ltr'>ut</span> <span class='ocrx_word' id='word_1_196' title='bbox 572 2538 666 2575; x_wconf 88' lang='lat' dir='ltr'>bene</span> <span class='ocrx_word' id='word_1_197' title='bbox 707 2537 796 2573; x_wconf 78' lang='lat' dir='ltr'>vidit</span> 
     </span>
     <span class='ocr_line' id='line_1_40' title="bbox 142 2588 796 2643; baseline 0.014 -21"><span class='ocrx_word' id='word_1_198' title='bbox 142 2588 308 2629; x_wconf 78' lang='lat' dir='ltr'>Bredow.</span> <span class='ocrx_word' id='word_1_199' title='bbox 339 2593 375 2628; x_wconf 90' lang='lat' dir='ltr'>in</span> <span class='ocrx_word' id='word_1_200' title='bbox 403 2595 560 2643; x_wconf 86' lang='lat' dir='ltr'>Specim.</span> <span class='ocrx_word' id='word_1_201' title='bbox 590 2595 730 2641; x_wconf 86' lang='lat' dir='ltr'>Geogr.</span> <span class='ocrx_word' id='word_1_202' title='bbox 760 2599 796 2629; x_wconf 79' lang='lat' dir='ltr'>et</span> 
     </span>
     <span class='ocr_line' id='line_1_41' title="bbox 143 2644 795 2699; baseline 0.006 -19"><span class='ocrx_word' id='word_1_203' title='bbox 143 2644 337 2695; x_wconf 80' lang='lat' dir='ltr'>Uranolog.</span> <span class='ocrx_word' id='word_1_204' title='bbox 356 2649 446 2686; x_wconf 81' lang='lat' dir='ltr'>Her.</span> <span class='ocrx_word' id='word_1_205' title='bbox 469 2663 553 2699; x_wconf 80' lang='lat' dir='ltr'>pag.</span> <span class='ocrx_word' id='word_1_206' title='bbox 576 2650 696 2686; x_wconf 82' lang='lat' dir='ltr'>XXlll</span> <span class='ocrx_word' id='word_1_207' title='bbox 717 2662 795 2697; x_wconf 87' lang='lat' dir='ltr'>seq.</span> 
     </span>
     <span class='ocr_line' id='line_1_42' title="bbox 143 2699 796 2755; baseline 0.011 -20"><span class='ocrx_word' id='word_1_208' title='bbox 143 2699 245 2737; x_wconf 82' lang='lat' dir='ltr'>Haec</span> <span class='ocrx_word' id='word_1_209' title='bbox 265 2709 382 2739; x_wconf 85' lang='lat' dir='ltr'>autem</span> <span class='ocrx_word' id='word_1_210' title='bbox 401 2706 481 2755; x_wconf 87' lang='lat' dir='ltr'>ipsa</span> <span class='ocrx_word' id='word_1_211' title='bbox 500 2706 624 2743; x_wconf 79' lang='lat' dir='ltr'>ltaliae</span> <span class='ocrx_word' id='word_1_212' title='bbox 645 2707 796 2743; x_wconf 79' lang='lat' dir='ltr'>inferio-</span> 
     </span>
     <span class='ocr_line' id='line_1_43' title="bbox 146 2756 796 2810; baseline 0.011 -19"><span class='ocrx_word' id='word_1_213' title='bbox 146 2756 193 2792; x_wconf 89' lang='lat' dir='ltr'>ris</span> <span class='ocrx_word' id='word_1_214' title='bbox 223 2759 345 2806; x_wconf 77' lang='lat' dir='ltr'>regin,</span> <span class='ocrx_word' id='word_1_215' title='bbox 391 2760 427 2797; x_wconf 89' lang='lat' dir='ltr'>in</span> <span class='ocrx_word' id='word_1_216' title='bbox 451 2775 522 2810; x_wconf 81' lang='lat' dir='ltr'>qua</span> <span class='ocrx_word' id='word_1_217' title='bbox 555 2763 647 2800; x_wconf 87' lang='lat' dir='ltr'>iacet</span> <span class='ocrx_word' id='word_1_218' title='bbox 674 2763 796 2799; x_wconf 79' lang='lat' dir='ltr'>Meta-</span> 
     </span>
     <span class='ocr_line' id='line_1_44' title="bbox 144 2818 796 2861; baseline 0.011 -14"><span class='ocrx_word' id='word_1_219' title='bbox 144 2818 293 2861; x_wconf 84' lang='lat' dir='ltr'>pontum</span> <span class='ocrx_word' id='word_1_220' title='bbox 310 2843 321 2858; x_wconf 92' lang='lat'><strong><em>,</em></strong></span> <span class='ocrx_word' id='word_1_221' title='bbox 381 2829 461 2853; x_wconf 90' lang='lat' dir='ltr'>cum</span> <span class='ocrx_word' id='word_1_222' title='bbox 503 2818 587 2855; x_wconf 91' lang='lat' dir='ltr'>olim</span> <span class='ocrx_word' id='word_1_223' title='bbox 626 2819 796 2856; x_wconf 66' lang='lat' dir='ltr'>Bottiaea</span> 
     </span>
     <span class='ocr_line' id='line_1_45' title="bbox 144 2868 797 2923; baseline 0.014 -19"><span class='ocrx_word' id='word_1_224' title='bbox 144 2868 250 2906; x_wconf 85' lang='lat' dir='ltr'>suerit</span> <span class='ocrx_word' id='word_1_225' title='bbox 273 2869 390 2917; x_wconf 76' lang='lat' dir='ltr'>dicta,</span> <span class='ocrx_word' id='word_1_226' title='bbox 418 2873 456 2909; x_wconf 87' lang='lat' dir='ltr'>id</span> <span class='ocrx_word' id='word_1_227' title='bbox 475 2873 590 2923; x_wconf 87' lang='lat' dir='ltr'>ipsum</span> <span class='ocrx_word' id='word_1_228' title='bbox 609 2877 656 2912; x_wconf 85' lang='lat' dir='ltr'>ad</span> <span class='ocrx_word' id='word_1_229' title='bbox 667 2876 797 2912; x_wconf 63' lang='lat' dir='ltr'>Buddu</span> 
     </span>
    </p>
   </div>
   <div class='ocr_carea' id='block_1_15' title="bbox 849 1233 1516 2923">
    <p class='ocr_par' dir='ltr' id='par_1_15' title="bbox 849 1233 1513 1396">
     <span class='ocr_line' id='line_1_46' title="bbox 849 1233 1513 1298; baseline -0.002 -26"><span class='ocrx_word' id='word_1_230' title='bbox 849 1235 919 1272; x_wconf 79' lang='lat' dir='ltr'>hae</span> <span class='ocrx_word' id='word_1_231' title='bbox 942 1234 1076 1271; x_wconf 89' lang='lat' dir='ltr'>cultum</span> <span class='ocrx_word' id='word_1_232' title='bbox 1104 1234 1337 1298; x_wconf 78' lang='lat' dir='ltr'>lndicamque</span> <span class='ocrx_word' id='word_1_233' title='bbox 1370 1233 1513 1271; x_wconf 76' lang='lat' dir='ltr'>fabulae</span> 
     </span>
     <span class='ocr_line' id='line_1_47' title="bbox 853 1290 1513 1339; baseline 0 -12"><span class='ocrx_word' id='word_1_234' title='bbox 853 1293 899 1328; x_wconf 70' lang='lat' dir='ltr'>«le</span> <span class='ocrx_word' id='word_1_235' title='bbox 921 1292 1062 1328; x_wconf 63' lang='lat' dir='ltr'>Ariste&amp;</span> <span class='ocrx_word' id='word_1_236' title='bbox 1090 1292 1265 1339; x_wconf 74' lang='lat' dir='ltr'>originem</span> <span class='ocrx_word' id='word_1_237' title='bbox 1291 1291 1416 1328; x_wconf 86' lang='lat' dir='ltr'>referri</span> <span class='ocrx_word' id='word_1_238' title='bbox 1439 1290 1513 1327; x_wconf 89' lang='lat' dir='ltr'>vult</span> 
     </span>
     <span class='ocr_line' id='line_1_48' title="bbox 852 1347 1400 1396; baseline -0.002 -12"><span class='ocrx_word' id='word_1_239' title='bbox 852 1347 1172 1384; x_wconf 59' lang='lat' dir='ltr'>Ritter.x‹›111alle</span> <span class='ocrx_word' id='word_1_240' title='bbox 1193 1360 1280 1396; x_wconf 80' lang='lat' dir='ltr'>pag.</span> <span class='ocrx_word' id='word_1_241' title='bbox 1307 1349 1400 1388; x_wconf 77' lang='grc'>280.</span> 
     </span>
    </p>

    <p class='ocr_par' dir='ltr' id='par_1_16' title="bbox 849 1402 1514 2242">
     <span class='ocr_line' id='line_1_49' title="bbox 910 1402 1514 1455; baseline -0.002 -13"><span class='ocrx_word' id='word_1_242' title='bbox 910 1403 1009 1442; x_wconf 79' lang='grc' dir='ltr'><em>ετεσι</em></span> <span class='ocrx_word' id='word_1_243' title='bbox 1026 1415 1311 1453; x_wconf 76' lang='grc' dir='ltr'><em>τεσσερακοντα</em></span> <span class='ocrx_word' id='word_1_244' title='bbox 1328 1402 1394 1442; x_wconf 78' lang='grc' dir='ltr'>καὶ</span> <span class='ocrx_word' id='word_1_245' title='bbox 1408 1418 1514 1455; x_wconf 78' lang='grc' dir='ltr'><em>τριη-</em></span> 
     </span>
     <span class='ocr_line' id='line_1_50' title="bbox 853 1458 1513 1510; baseline -0.002 -13"><span class='ocrx_word' id='word_1_246' title='bbox 853 1458 1038 1510; x_wconf 83' lang='grc' dir='ltr'><em>κοσίοισι]</em></span> <span class='ocrx_word' id='word_1_247' title='bbox 1081 1460 1261 1497; x_wconf 86' lang='lat' dir='ltr'>Aristeam</span> <span class='ocrx_word' id='word_1_248' title='bbox 1296 1461 1344 1497; x_wconf 84' lang='lat' dir='ltr'>ad</span> <span class='ocrx_word' id='word_1_249' title='bbox 1366 1460 1513 1510; x_wconf 85' lang='lat' dir='ltr'>Olymp.</span> 
     </span>
     <span class='ocr_line' id='line_1_51' title="bbox 852 1517 1514 1567; baseline -0.002 -13"><span class='ocrx_word' id='word_1_250' title='bbox 852 1517 885 1554; x_wconf 96' lang='lat' dir='ltr'>L</span> <span class='ocrx_word' id='word_1_251' title='bbox 905 1518 1091 1567; x_wconf 84' lang='lat' dir='ltr'>posuimus</span> <span class='ocrx_word' id='word_1_252' title='bbox 1120 1518 1156 1553; x_wconf 88' lang='lat' dir='ltr'>in</span> <span class='ocrx_word' id='word_1_253' title='bbox 1187 1521 1349 1554; x_wconf 84' lang='lat' dir='ltr'>annotat.</span> <span class='ocrx_word' id='word_1_254' title='bbox 1381 1518 1429 1553; x_wconf 79' lang='lat' dir='ltr'>ad</span> <span class='ocrx_word' id='word_1_255' title='bbox 1451 1517 1514 1561; x_wconf 84' lang='lat' dir='ltr'>lV,</span> 
     </span>
     <span class='ocr_line' id='line_1_52' title="bbox 857 1573 1513 1623; baseline -0.003 -13"><span class='ocrx_word' id='word_1_256' title='bbox 857 1575 928 1621; x_wconf 83' lang='grc'>13,-</span> <span class='ocrx_word' id='word_1_257' title='bbox 973 1574 1035 1622; x_wconf 89' lang='lat' dir='ltr'>qui</span> <span class='ocrx_word' id='word_1_258' title='bbox 1076 1573 1190 1610; x_wconf 87' lang='lat' dir='ltr'>multo</span> <span class='ocrx_word' id='word_1_259' title='bbox 1230 1577 1315 1611; x_wconf 83' lang='lat' dir='ltr'>ante</span> <span class='ocrx_word' id='word_1_260' title='bbox 1361 1573 1513 1623; x_wconf 83' lang='lat' dir='ltr'>primam</span> 
     </span>
     <span class='ocr_line' id='line_1_53' title="bbox 852 1630 1514 1679; baseline -0.002 -13"><span class='ocrx_word' id='word_1_261' title='bbox 852 1630 1109 1679; x_wconf 74' lang='lat' dir='ltr'>Olympiadem</span> <span class='ocrx_word' id='word_1_262' title='bbox 1132 1631 1343 1667; x_wconf 84' lang='lat' dir='ltr'>referendus</span> <span class='ocrx_word' id='word_1_263' title='bbox 1367 1630 1447 1676; x_wconf 86' lang='lat' dir='ltr'>erit,</span> <span class='ocrx_word' id='word_1_264' title='bbox 1471 1630 1514 1675; x_wconf 89' lang='lat' dir='ltr'>si,</span> 
     </span>
     <span class='ocr_line' id='line_1_54' title="bbox 851 1686 1512 1737; baseline 0 -15"><span class='ocrx_word' id='word_1_265' title='bbox 851 1699 946 1736; x_wconf 81' lang='lat' dir='ltr'>quae</span> <span class='ocrx_word' id='word_1_266' title='bbox 967 1687 1000 1723; x_wconf 91' lang='lat' dir='ltr'>h.</span> <span class='ocrx_word' id='word_1_267' title='bbox 1032 1686 1052 1723; x_wconf 93' lang='lat' dir='ltr'>l.</span> <span class='ocrx_word' id='word_1_268' title='bbox 1076 1688 1272 1724; x_wconf 83' lang='lat' dir='ltr'>memoriae</span> <span class='ocrx_word' id='word_1_269' title='bbox 1290 1687 1512 1737; x_wconf 84' lang='lat' dir='ltr'>produntur,</span> 
     </span>
     <span class='ocr_line' id='line_1_55' title="bbox 849 1742 1512 1794; baseline 0 -15"><span class='ocrx_word' id='word_1_270' title='bbox 849 1756 916 1794; x_wconf 87' lang='lat' dir='ltr'>pro</span> <span class='ocrx_word' id='word_1_271' title='bbox 944 1743 1038 1780; x_wconf 83' lang='lat' dir='ltr'>veris</span> <span class='ocrx_word' id='word_1_272' title='bbox 1070 1743 1237 1780; x_wconf 78' lang='lat' dir='ltr'>habenda</span> <span class='ocrx_word' id='word_1_273' title='bbox 1264 1744 1394 1781; x_wconf 85' lang='lat' dir='ltr'>forent.</span> <span class='ocrx_word' id='word_1_274' title='bbox 1453 1742 1512 1779; x_wconf 87' lang='lat' dir='ltr'>De</span> 
     </span>
     <span class='ocr_line' id='line_1_56' title="bbox 851 1797 1512 1849; baseline 0.003 -14"><span class='ocrx_word' id='word_1_275' title='bbox 851 1800 981 1849; x_wconf 88' lang='lat' dir='ltr'>quibus</span> <span class='ocrx_word' id='word_1_276' title='bbox 998 1800 1059 1836; x_wconf 84' lang='lat' dir='ltr'>alii</span> <span class='ocrx_word' id='word_1_277' title='bbox 1078 1800 1251 1837; x_wconf 76' lang='lat' dir='ltr'>iudicent.</span> <span class='ocrx_word' id='word_1_278' title='bbox 1282 1799 1435 1837; x_wconf 86' lang='lat' dir='ltr'>Locutio</span> <span class='ocrx_word' id='word_1_279' title='bbox 1458 1797 1512 1845; x_wconf 76' lang='grc' dir='ltr'>ὥς</span> 
     </span>
     <span class='ocr_line' id='line_1_57' title="bbox 851 1851 1509 1907; baseline -0.003 -12"><span class='ocrx_word' id='word_1_280' title='bbox 851 1853 925 1907; x_wconf 74' lang='grc' dir='ltr'>ἐγώ</span> <span class='ocrx_word' id='word_1_281' title='bbox 962 1853 1285 1907; x_wconf 76' lang='grc' dir='ltr'><em>συμβαλλόμενος</em></span> <span class='ocrx_word' id='word_1_282' title='bbox 1311 1878 1366 1884; x_wconf 83' lang='grc'>-</span> <span class='ocrx_word' id='word_1_283' title='bbox 1401 1851 1509 1906; x_wconf 70' lang='grc' dir='ltr'><em>εὕρι-</em></span> 
     </span>
     <span class='ocr_line' id='line_1_58' title="bbox 852 1913 1511 1958; baseline -0.003 -7"><span class='ocrx_word' id='word_1_284' title='bbox 852 1924 947 1951; x_wconf 83' lang='grc' dir='ltr'><em>σκον</em></span> <span class='ocrx_word' id='word_1_285' title='bbox 976 1914 1097 1950; x_wconf 78' lang='lat' dir='ltr'>‹lenuo</span> <span class='ocrx_word' id='word_1_286' title='bbox 1124 1914 1305 1951; x_wconf 84' lang='lat' dir='ltr'>invenitur</span> <span class='ocrx_word' id='word_1_287' title='bbox 1331 1913 1411 1958; x_wconf 87' lang='lat' dir='ltr'>Vll,</span> <span class='ocrx_word' id='word_1_288' title='bbox 1443 1914 1511 1952; x_wconf 77' lang='lat'>24.</span> 
     </span>
     <span class='ocr_line' id='line_1_59' title="bbox 854 1968 1511 2019; baseline -0.005 -11"><span class='ocrx_word' id='word_1_289' title='bbox 854 1970 947 2010; x_wconf 78' lang='lat'>184.</span> <span class='ocrx_word' id='word_1_290' title='bbox 984 1970 1083 2016; x_wconf 76' lang='lat' dir='ltr'>Vlll,</span> <span class='ocrx_word' id='word_1_291' title='bbox 1105 1972 1179 2016; x_wconf 83' lang='lat'>30,</span> <span class='ocrx_word' id='word_1_292' title='bbox 1211 1970 1271 2006; x_wconf 83' lang='lat' dir='ltr'>ubi</span> <span class='ocrx_word' id='word_1_293' title='bbox 1290 1969 1411 2019; x_wconf 85' lang='lat' dir='ltr'>plures</span> <span class='ocrx_word' id='word_1_294' title='bbox 1432 1968 1511 2005; x_wconf 80' lang='lat' dir='ltr'>libri</span> 
     </span>
     <span class='ocr_line' id='line_1_60' title="bbox 852 2023 1510 2076; baseline 0.002 -14"><span class='ocrx_word' id='word_1_295' title='bbox 852 2027 950 2075; x_wconf 88' lang='lat' dir='ltr'>iique</span> <span class='ocrx_word' id='word_1_296' title='bbox 967 2027 1134 2064; x_wconf 83' lang='lat' dir='ltr'>meliores</span> <span class='ocrx_word' id='word_1_297' title='bbox 1155 2023 1510 2076; x_wconf 78' lang='grc' dir='ltr'><em>συμβαλλεόμενος,</em></span> 
     </span>
     <span class='ocr_line' id='line_1_61' title="bbox 853 2081 1512 2132; baseline -0.003 -13"><span class='ocrx_word' id='word_1_298' title='bbox 853 2083 953 2132; x_wconf 90' lang='lat' dir='ltr'>quod</span> <span class='ocrx_word' id='word_1_299' title='bbox 987 2088 1113 2119; x_wconf 84' lang='lat' dir='ltr'>nostro</span> <span class='ocrx_word' id='word_1_300' title='bbox 1141 2083 1221 2119; x_wconf 92' lang='lat' dir='ltr'>loco</span> <span class='ocrx_word' id='word_1_301' title='bbox 1249 2082 1367 2119; x_wconf 88' lang='lat' dir='ltr'>nullus</span> <span class='ocrx_word' id='word_1_302' title='bbox 1403 2081 1512 2118; x_wconf 84' lang='lat' dir='ltr'>offert</span> 
     </span>
     <span class='ocr_line' id='line_1_62' title="bbox 852 2139 1510 2188; baseline 0.002 -13"><span class='ocrx_word' id='word_1_303' title='bbox 852 2139 954 2176; x_wconf 88' lang='lat' dir='ltr'>liber.</span> <span class='ocrx_word' id='word_1_304' title='bbox 985 2139 1044 2176; x_wconf 93' lang='lat' dir='ltr'>Tu</span> <span class='ocrx_word' id='word_1_305' title='bbox 1065 2140 1136 2176; x_wconf 71' lang='lat' dir='ltr'>vid.</span> <span class='ocrx_word' id='word_1_306' title='bbox 1169 2140 1196 2186; x_wconf 78' lang='lat' dir='ltr'>I,</span> <span class='ocrx_word' id='word_1_307' title='bbox 1223 2141 1275 2179; x_wconf 84' lang='lat'>68</span> <span class='ocrx_word' id='word_1_308' title='bbox 1297 2139 1382 2188; x_wconf 86' lang='lat' dir='ltr'>ibiq.</span> <span class='ocrx_word' id='word_1_309' title='bbox 1411 2143 1510 2176; x_wconf 79' lang='lat' dir='ltr'>nott.</span> 
     </span>
     <span class='ocr_line' id='line_1_63' title="bbox 854 2196 1064 2242; baseline 0.005 -10"><span class='ocrx_word' id='word_1_310' title='bbox 854 2200 891 2232; x_wconf 75' lang='lat' dir='ltr'>et</span> <span class='ocrx_word' id='word_1_311' title='bbox 912 2196 975 2242; x_wconf 86' lang='grc' dir='ltr'>ΙΙΙ,</span> <span class='ocrx_word' id='word_1_312' title='bbox 998 2197 1064 2235; x_wconf 81' lang='lat'>68.</span> 
     </span>
    </p>

    <p class='ocr_par' dir='ltr' id='par_1_17' title="bbox 852 2247 1516 2642">
     <span class='ocr_line' id='line_1_64' title="bbox 908 2247 1514 2302; baseline -0.007 -12"><span class='ocrx_word' id='word_1_313' title='bbox 908 2247 1167 2302; x_wconf 74' lang='grc' dir='ltr'><em>Ἰταλιωτέων]</em></span> <span class='ocrx_word' id='word_1_314' title='bbox 1208 2251 1361 2288; x_wconf 84' lang='lat' dir='ltr'>Graecis</span> <span class='ocrx_word' id='word_1_315' title='bbox 1396 2251 1514 2298; x_wconf 79' lang='lat' dir='ltr'>magi-</span> 
     </span>
     <span class='ocr_line' id='line_1_65' title="bbox 853 2307 1516 2346; baseline -0.002 -2"><span class='ocrx_word' id='word_1_316' title='bbox 853 2309 936 2345; x_wconf 82' lang='lat' dir='ltr'>stris</span> <span class='ocrx_word' id='word_1_317' title='bbox 969 2309 1201 2346; x_wconf 84' lang='lat' dir='ltr'>monentibus</span> <span class='ocrx_word' id='word_1_318' title='bbox 1232 2307 1326 2344; x_wconf 65' lang='lat' dir='ltr'>Itala·</span> <span class='ocrx_word' id='word_1_319' title='bbox 1349 2312 1433 2344; x_wconf 86' lang='lat' dir='ltr'>sunt</span> <span class='ocrx_word' id='word_1_320' title='bbox 1460 2309 1516 2343; x_wconf 76' lang='grc' dir='ltr'><em>ιἰι-</em></span> 
     </span>
     <span class='ocr_line' id='line_1_66' title="bbox 855 2363 1515 2416; baseline -0.005 -14"><span class='ocrx_word' id='word_1_321' title='bbox 855 2366 1027 2414; x_wconf 71' lang='lat' dir='ltr'>digenae,</span> <span class='ocrx_word' id='word_1_322' title='bbox 1066 2366 1173 2416; x_wconf 88' lang='lat' dir='ltr'>prisci</span> <span class='ocrx_word' id='word_1_323' title='bbox 1201 2364 1326 2401; x_wconf 83' lang='lat' dir='ltr'>ltaliae</span> <span class='ocrx_word' id='word_1_324' title='bbox 1357 2363 1515 2407; x_wconf 77' lang='lat' dir='ltr'>incolae3</span> 
     </span>
     <span class='ocr_line' id='line_1_67' title="bbox 853 2421 1516 2472; baseline -0.003 -14"><span class='ocrx_word' id='word_1_325' title='bbox 853 2421 1023 2459; x_wconf 72' lang='lat' dir='ltr'>Italc&#39;otae</span> <span class='ocrx_word' id='word_1_326' title='bbox 1057 2422 1262 2472; x_wconf 81' lang='lat' dir='ltr'>peregrini,</span> <span class='ocrx_word' id='word_1_327' title='bbox 1304 2421 1437 2457; x_wconf 76' lang='lat' dir='ltr'>Graeci</span> <span class='ocrx_word' id='word_1_328' title='bbox 1462 2421 1516 2456; x_wconf 89' lang='lat' dir='ltr'>in-</span> 
     </span>
     <span class='ocr_line' id='line_1_68' title="bbox 852 2477 1514 2529; baseline -0.006 -14"><span class='ocrx_word' id='word_1_329' title='bbox 852 2480 1000 2529; x_wconf 84' lang='lat' dir='ltr'>primis,</span> <span class='ocrx_word' id='word_1_330' title='bbox 1043 2480 1104 2528; x_wconf 88' lang='lat' dir='ltr'>qui</span> <span class='ocrx_word' id='word_1_331' title='bbox 1127 2479 1193 2515; x_wconf 78' lang='lat' dir='ltr'>hac</span> <span class='ocrx_word' id='word_1_332' title='bbox 1214 2479 1250 2514; x_wconf 89' lang='lat' dir='ltr'>in</span> <span class='ocrx_word' id='word_1_333' title='bbox 1274 2482 1372 2515; x_wconf 82' lang='lat' dir='ltr'>terra</span> <span class='ocrx_word' id='word_1_334' title='bbox 1394 2477 1514 2513; x_wconf 88' lang='lat' dir='ltr'>consi-</span> 
     </span>
     <span class='ocr_line' id='line_1_69' title="bbox 853 2534 1512 2583; baseline -0.003 -12"><span class='ocrx_word' id='word_1_335' title='bbox 853 2537 994 2572; x_wconf 89' lang='lat' dir='ltr'>derunt.</span> <span class='ocrx_word' id='word_1_336' title='bbox 1025 2536 1107 2573; x_wconf 75' lang='lat' dir='ltr'>Vid.</span> <span class='ocrx_word' id='word_1_337' title='bbox 1128 2535 1260 2572; x_wconf 86' lang='lat' dir='ltr'>Thom.</span> <span class='ocrx_word' id='word_1_338' title='bbox 1284 2534 1454 2583; x_wconf 77' lang='lat' dir='ltr'>Magistr.</span> <span class='ocrx_word' id='word_1_339' title='bbox 1477 2547 1512 2583; x_wconf 87' lang='lat' dir='ltr'>p.</span> 
     </span>
     <span class='ocr_line' id='line_1_70' title="bbox 853 2593 1154 2642; baseline -0.013 -11"><span class='ocrx_word' id='word_1_340' title='bbox 853 2593 934 2633; x_wconf 81' lang='grc'>793</span> <span class='ocrx_word' id='word_1_341' title='bbox 958 2593 1042 2642; x_wconf 84' lang='lat' dir='ltr'>ibiq.</span> <span class='ocrx_word' id='word_1_342' title='bbox 1064 2597 1154 2629; x_wconf 75' lang='lat' dir='ltr'>nott.</span> 
     </span>
    </p>

    <p class='ocr_par' dir='ltr' id='par_1_18' title="bbox 851 2645 1511 2923">
     <span class='ocr_line' id='line_1_71' title="bbox 911 2645 1511 2699; baseline -0.01 -12"><span class='ocrx_word' id='word_1_343' title='bbox 911 2645 1015 2687; x_wconf 79' lang='grc' dir='ltr'><em>εἶναι</em></span> <span class='ocrx_word' id='word_1_344' title='bbox 1057 2646 1193 2699; x_wconf 76' lang='grc' dir='ltr'><em>κόραξ]</em></span> <span class='ocrx_word' id='word_1_345' title='bbox 1253 2647 1366 2683; x_wconf 79' lang='lat' dir='ltr'>Paulo</span> <span class='ocrx_word' id='word_1_346' title='bbox 1407 2645 1511 2683; x_wconf 80' lang='lat' dir='ltr'>aliter</span> 
     </span>
     <span class='ocr_line' id='line_1_72' title="bbox 852 2703 1510 2751; baseline 0.002 -10"><span class='ocrx_word' id='word_1_347' title='bbox 852 2704 989 2742; x_wconf 87' lang='lat' dir='ltr'>Plinius</span> <span class='ocrx_word' id='word_1_348' title='bbox 1007 2706 1057 2742; x_wconf 89' lang='lat' dir='ltr'>H.</span> <span class='ocrx_word' id='word_1_349' title='bbox 1076 2705 1122 2742; x_wconf 89' lang='lat' dir='ltr'>N.</span> <span class='ocrx_word' id='word_1_350' title='bbox 1139 2704 1213 2750; x_wconf 89' lang='lat' dir='ltr'>Vll,</span> <span class='ocrx_word' id='word_1_351' title='bbox 1227 2703 1322 2751; x_wconf 83' lang='lat'><strong>(53)</strong></span> <span class='ocrx_word' id='word_1_352' title='bbox 1344 2705 1397 2745; x_wconf 74' lang='lat'>52</span> <span class='ocrx_word' id='word_1_353' title='bbox 1416 2703 1510 2751; x_wconf 82' lang='lat' dir='ltr'>(quo</span> 
     </span>
     <span class='ocr_line' id='line_1_73' title="bbox 851 2761 1511 2812; baseline -0.006 -15"><span class='ocrx_word' id='word_1_354' title='bbox 851 2761 930 2798; x_wconf 91' lang='lat' dir='ltr'>loco</span> <span class='ocrx_word' id='word_1_355' title='bbox 956 2762 1079 2812; x_wconf 83' lang='lat' dir='ltr'>plures</span> <span class='ocrx_word' id='word_1_356' title='bbox 1109 2762 1256 2798; x_wconf 84' lang='lat' dir='ltr'>omnino</span> <span class='ocrx_word' id='word_1_357' title='bbox 1279 2761 1389 2797; x_wconf 77' lang='lat' dir='ltr'>refert</span> <span class='ocrx_word' id='word_1_358' title='bbox 1415 2771 1511 2795; x_wconf 89' lang='lat' dir='ltr'>mor-</span> 
     </span>
     <span class='ocr_line' id='line_1_74' title="bbox 851 2815 1510 2868; baseline -0.008 -14"><span class='ocrx_word' id='word_1_359' title='bbox 851 2822 952 2863; x_wconf 93' lang='lat' dir='ltr'>tuos,</span> <span class='ocrx_word' id='word_1_360' title='bbox 1000 2819 1060 2868; x_wconf 89' lang='lat' dir='ltr'>qui</span> <span class='ocrx_word' id='word_1_361' title='bbox 1100 2817 1273 2856; x_wconf 83' lang='lat' dir='ltr'>revixisse</span> <span class='ocrx_word' id='word_1_362' title='bbox 1309 2815 1510 2864; x_wconf 80' lang='lat' dir='ltr'>antiquitus</span> 
     </span>
     <span class='ocr_line' id='line_1_75' title="bbox 852 2871 1509 2923; baseline -0.008 -13"><span class='ocrx_word' id='word_1_363' title='bbox 852 2874 1105 2923; x_wconf 87' lang='lat' dir='ltr'>dicebantur):</span> <span class='ocrx_word' id='word_1_364' title='bbox 1162 2873 1358 2921; x_wconf 80' lang='lat' dir='ltr'>„Aristeae</span> <span class='ocrx_word' id='word_1_365' title='bbox 1399 2871 1509 2907; x_wconf 85' lang='lat' dir='ltr'>etiam</span> 
     </span>
    </p>
   </div>
   <div class='ocr_carea' id='block_1_16' title="bbox 1514 336 1792 404">
    <p class='ocr_par' dir='ltr' id='par_1_19' title="bbox 1514 336 1792 404">
     <span class='ocr_line' id='line_1_76' title="bbox 1515 336 1792 372; baseline -0.004 -9"><span class='ocrx_word' id='word_1_366' title='bbox 1515 336 1584 370; x_wconf 82' lang='lat' dir='ltr'>quid</span> <span class='ocrx_word' id='word_1_367' title='bbox 1608 336 1792 372; x_wconf 78' lang='lat' dir='ltr'>Metaponti</span> 
     </span>
     <span class='ocr_line' id='line_1_77' title="bbox 1514 369 1792 404; baseline 0.004 -8"><span class='ocrx_word' id='word_1_368' title='bbox 1514 369 1792 404; x_wconf 59' lang='lat' dir='ltr'>inrestffnnt‚apud</span> 
     </span>
    </p>
   </div>
   <div class='ocr_carea' id='block_1_17' title="bbox 1513 412 1592 443">
    <p class='ocr_par' dir='ltr' id='par_1_20' title="bbox 1513 412 1592 443">
     <span class='ocr_line' id='line_1_78' title="bbox 1513 412 1592 443; baseline -0.014 -13"><span class='ocrx_word' id='word_1_369' title='bbox 1513 412 1592 443; x_wconf 78' lang='lat' dir='ltr'>quos</span> 
     </span>
    </p>
   </div>
   <div class='ocr_carea' id='block_1_18' title="bbox 484 548 1516 605">
    <p class='ocr_par' dir='ltr' id='par_1_21' title="bbox 484 548 1516 605">
     <span class='ocr_line' id='line_1_79' title="bbox 484 548 1516 605; baseline -0.005 -12"><span class='ocrx_word' id='word_1_370' title='bbox 484 551 811 594; x_wconf 74' lang='grc' dir='ltr'><em>Μεταποντῖνοί</em></span> <span class='ocrx_word' id='word_1_371' title='bbox 854 562 988 605; x_wconf 80' lang='grc' dir='ltr'><em>φασι,</em></span> <span class='ocrx_word' id='word_1_372' title='bbox 1041 549 1177 593; x_wconf 77' lang='grc' dir='ltr'><em>αὐτὸν</em></span> <span class='ocrx_word' id='word_1_373' title='bbox 1220 548 1457 604; x_wconf 82' lang='grc' dir='ltr'><em>Ἀριστέην,</em></span> <span class='ocrx_word' id='word_1_374' title='bbox 1473 553 1516 588; x_wconf 65' lang='lat'>45</span> 
     </span>
    </p>
   </div>
   <div class='ocr_carea' id='block_1_19' title="bbox 1616 404 1697 430">
    <p class='ocr_par' dir='ltr' id='par_1_22' title="bbox 1616 404 1697 430">
     <span class='ocr_line' id='line_1_80' title="bbox 1616 404 1697 430; baseline 0.012 -1"><span class='ocrx_word' id='word_1_375' title='bbox 1616 404 1697 430; x_wconf 84' lang='lat' dir='ltr'>illius</span> 
     </span>
    </p>
   </div>
   <div class='ocr_carea' id='block_1_20' title="bbox 1512 437 1708 465">
    <p class='ocr_par' dir='ltr' id='par_1_23' title="bbox 1512 437 1708 465">
     <span class='ocr_line' id='line_1_81' title="bbox 1512 437 1708 465; baseline 0.005 -2"><span class='ocrx_word' id='word_1_376' title='bbox 1512 441 1565 464; x_wconf 78' lang='lat' dir='ltr'>tua</span> <span class='ocrx_word' id='word_1_377' title='bbox 1584 437 1612 464; x_wconf 93' lang='lat' dir='ltr'>in</span> <span class='ocrx_word' id='word_1_378' title='bbox 1631 437 1708 465; x_wconf 76' lang='lat' dir='ltr'>soro.</span> 
     </span>
    </p>
   </div>
   <div class='ocr_carea' id='block_1_21' title="bbox 1730 406 1790 431">
    <p class='ocr_par' dir='ltr' id='par_1_24' title="bbox 1730 406 1790 431">
     <span class='ocr_line' id='line_1_82' title="bbox 1730 406 1790 431; baseline -0.021 0"><span class='ocrx_word' id='word_1_379' title='bbox 1730 406 1790 431; x_wconf 76' lang='lat' dir='ltr'>sta</span> 
     </span>
    </p>
   </div>
  </div>
 </body>
</html>
