1904 3304
0 809 116 855 *76

466 272 757 311 MELPO

789 274 829 310 M
859 275 891 311 E
921 274 957 312 N
988 275 1031 314 E.
1087 275 1151 313 IV.
1358 278 1439 317 421

182 384 277 437 περὶ
313 384 443 425 λίθον
481 381 646 437 τρηχύν
684 386 761 437 τῆς
802 385 1100 437 κυπαρίσσου,
1151 384 1224 427 καὶ
1263 384 1437 437 κέδρου,

180 453 253 496 καὶ
280 451 463 507 λιβάνου
492 451 643 503 ξύλου·

700 455 773 497 καὶ
811 455 954 497 ἔπειτα
992 456 1041 498 τό
1079 454 1439 510 κατασωχόμενον

179 526 329 573 τοῦτο,
360 523 474 578 παχὺ
505 523 602 576 ἐόν,
632 525 1008 568 καταπλάσσονται
1038 529 1126 568 πᾶν
1151 526 1200 568 τὸ
1220 530 1342 581 σῶμα
1364 527 1438 569 καὶ

149 599 171 633 3
182 592 230 636 τὸ
259 591 510 646 πρόσωπον.

569 597 643 639 καὶ
674 595 762 650 ἅμα
793 597 871 650 μὲν
893 595 1052 652 εὐωδίη
1074 596 1209 652 σφέας
1232 595 1317 639 dmi
1337 596 1433 640 τού·
1448 604 1493 637 80

176 680 256 706 του
286 666 416 718 ἴσχει,
460 665 547 722 ἅμα
587 668 632 710 δὲ
672 665 957 720 ἀπαιρέουσαι
995 671 1049 722 τῇ
1088 668 1265 722 δευτέρῃ
1301 665 1436 724 ἡμέρῃ

175 734 256 791 την
285 736 615 790 καταπλαστὺν,
648 740 845 793 γίνονται
874 738 1068 792 καθαραὶ
1098 738 1168 780 καὶ
1198 740 1404 792 λαμπραί.

119 1051 254 1085 arboris
279 1049 483 1099 tleumferae,
508 1062 603 1098 quae
624 1062 671 1086 ne
695 1050 774 1097 quis

114 1107 281 1152 miretur,
330 1107 403 1155 qua
438 1107 493 1141 via
530 1106 579 1142 ad
618 1106 773 1155 Scythas

113 1163 304 1212 pervenire
340 1163 543 1212 potuerint,
609 1163 773 1210 cogitan-

114 1219 201 1255 dum
230 1223 284 1255 est
309 1219 355 1255 de
377 1219 590 1256 commercio
614 1219 772 1264 florenti,

114 1275 216 1323 quod
237 1274 390 1320 Graeci,
416 1275 521 1311 Iones
540 1275 770 1323 praesertim,

114 1343 193 1367 cum
222 1330 318 1366 hisce
340 1331 447 1367 Ponti
476 1331 546 1366 oris
568 1330 769 1368 habuerint.

115 1383 282 1435 σώχουσι
304 1387 461 1424 Glossae
482 1392 670 1436 exponunt
689 1387 769 1436 τρί-

112 1443 229 1493 βουσι
260 1444 419 1490 itemque
448 1444 580 1479 Suidas
608 1443 657 1479 ΙΙΙ
683 1456 767 1492 pag.

110 1498 217 1545 358,
255 1512 410 1546 quocum
448 1500 588 1536 confert
618 1499 768 1536 U‘esse-

108 1555 194 1602 ling.
233 1554 407 1591 Nicandr.
446 1555 628 1592 Theriaoe.
673 1554 766 1595 590.

109 1613 190 1650 696
219 1611 340 1659 ibique
365 1610 488 1647 Schol.
518 1632 565 1637 —-
621 1610 767 1647 Cctlra'nz'

106 1667 174 1702 olei
216 1667 252 1703 in
292 1667 514 1704 medicandis
558 1665 763 1715 Aegyptio-

106 1736 185 1759 rum
214 1723 449 1760 cadaveribus
482 1724 618 1760 mentio
649 1723 689 1759 fit
717 1723 762 1770 ΙΙ,

105 1779 182 1825 87,
211 1779 323 1815 thuris
351 1792 380 1816 s.
405 1780 542 1816 arboris
566 1779 762 1816 thuriferae

105 1834 162 1881 II,
193 1837 269 1881 86,
298 1835 358 1871 ubi
386 1836 458 1873 vid.
487 1840 563 1872 not.
592 1857 648 1863 —
701 1835 761 1872 Ad

106 1891 219 1928 verba
247 1904 351 1939 seqq.
377 1890 442 1929 καὶ
473 1890 604 1930 ἔπειτα
630 1888 673 1930 τὸ
693 1907 761 1929 κα-

105 1942 382 1996 τασωχόμενον
401 1950 516 1986 τοῦτο
536 1969 590 1975 -
631 1946 698 1986 καὶ
716 1946 759 1987 τό

106 1998 318 2051 πρόσωπον
345 2005 387 2040 cf.
414 2004 591 2041 Matthiae
619 2003 654 2054 ἓ.
677 2006 757 2045 421

105 2064 180 2095 not.
202 2061 228 2097 2
250 2073 278 2095 e.
301 2073 336 2109 p.
359 2059 452 2099 774.
495 2060 615 2109 Ipsum
635 2061 761 2097 mulie-

104 2128 183 2151 rum
212 2128 348 2151 rnorem
377 2117 424 2152 ad
445 2116 624 2154 Siberiam
650 2118 762 2154 refert

104 2171 281 2209 Niebuhr.
301 2171 321 2207 l.
342 2171 364 2207 l.

162 2222 307 2277 εὐωδίη
344 2225 467 2276 σφέας
500 2223 580 2267 α’πο
615 2223 759 2267 τούτου

104 2282 226 2333 ι’σχει]
262 2285 383 2333 Supra
412 2285 449 2328 I,
479 2286 552 2324 69:
585 2283 651 2323 καὶ
663 2301 756 2343 γαρ

102 2354 206 2386 τινες
231 2335 376 2385 αὐτους
404 2354 464 2378 ευ(
451 2341 619 2390 εργεσίαι
643 2345 757 2391 εἰχον.

103 2394 162 2433 De
183 2410 248 2433 usu
262 2397 541 2447 praepositionis
562 2393 640 2438 α’πὸ
661 2399 756 2436 conf.

103 2450 173 2500 111,
201 2454 268 2495 23.

272 2541 381 2593 Cap.
409 2542 580 2581 LXXVI.

166 2616 376 2658 Ξεινικοῖσι
403 2619 444 2659 δὲ
476 2621 676 2672 νομαίοισι
702 2643 757 2649 -

106 2670 318 2725 φεύγουσι]
342 2677 444 2720 Quae
465 2680 621 2716 scribens
638 2679 758 2716 Hero-

106 2730 214 2766 dotus
235 2730 327 2767 ltalo
346 2732 534 2782 interpreti
555 2736 757 2785 respexisse

105 2785 248 2822 xidetur
265 2788 312 2823 ad
325 2800 381 2833 ea,
401 2801 495 2836 quae
506 2791 551 2827 de
563 2789 756 2841 Aegyptiis

105 2840 159 2886 ll,
189 2843 237 2881 91
260 2849 482 2881 enarrantur.
521 2845 668 2891 ξεινικά
689 2844 756 2886 νό-

105 2912 203 2948 μαια
223 2906 408 2937 occurrunt
425 2899 487 2947 N,
517 2904 570 2943 77
592 2903 652 2940 fin.
675 2904 754 2941 coll.

287 807 521 853 ,Ξειυικοῖσι
561 807 607 850 δὲ
644 809 864 863 νομαίοισι
901 808 975 850 καὶ
1015 802 1138 850 οὗτοι
1169 809 1300 860 αἰνῶς
1328 814 1434 864 χρᾶ-

175 883 282 920 σθαι
313 877 548 933 φεύγουσι,
581 877 640 934 μή
669 896 708 922 τι
737 895 784 934 γε
814 873 876 921 ὦν
905 877 1120 935 ἀλλήλων,
1147 876 1433 935 Ἑλληνικοῖσι

832 1051 886 1089 80
913 1049 976 1088 fin.
997 1050 1034 1095 Ι,
1069 1048 1162 1089 135.
1199 1049 1261 1087 Ad
1288 1049 1414 1097 αἰνῶς
1441 1051 1488 1089 cf.

830 1111 925 1143 nott.
949 1106 997 1142 ad
1018 1105 1087 1153 Vl,
1119 1106 1184 1145 52.

886 1158 940 1212 μή
968 1177 1003 1200 τι
1034 1176 1075 1212 γε
1111 1156 1168 1199 ὦν
1187 1177 1222 1199 κ.
1251 1178 1282 1199 τ.
1304 1162 1359 1212 λ.]
1391 1163 1488 1200 Her-

829 1231 950 1254 mann.
972 1219 1018 1254 ad
1040 1218 1161 1266 Viger.
1179 1232 1214 1268 p.
1229 1219 1310 1259 804
1333 1219 1366 1255 h.
1384 1219 1405 1255 l.
1429 1220 1487 1266 (in

827 1287 900 1323 quo
937 1275 1100 1311 exhibuit
1137 1270 1289 1324 μήτοι
1325 1289 1368 1326 γε
1405 1270 1484 1324 aiv)

826 1332 952 1377 citans,
975 1331 1063 1367 haec
1085 1331 1257 1368 subiecit:
1287 1332 1485 1378 „Scriben-

826 1388 913 1423 dum
945 1388 1088 1423 videtur
1118 1384 1246 1425 ἅλλων
1272 1400 1338 1436 pro
1363 1383 1485 1437 α’λλή-

824 1446 903 1480 λων
934 1442 985 1492 [in
1006 1443 1104 1491 quod
1123 1444 1218 1480 idem
1240 1444 1409 1481 incidisse
1429 1446 1484 1480 vi-

823 1501 894 1536 deo
907 1499 1138 1548 Schweigh.].
1168 1499 1289 1536 Locus
1302 1500 1481 1537 difficilior

823 1560 901 1601 est,
933 1556 1032 1603 quod
1054 1552 1107 1604 μή
1127 1560 1164 1591 et
1185 1552 1328 1602 ἥκιστα
1350 1556 1479 1593 dicun·

821 1616 880 1647 tur
908 1624 981 1646 non
1010 1612 1057 1647 ad
1089 1612 1240 1649 verbum
1269 1606 1476 1663 φεύγουσι,

820 1668 884 1704 sed
905 1667 951 1704 ad
970 1668 1208 1713 sententiam,
1239 1680 1333 1716 quae
1350 1673 1403 1705 est
1425 1664 1474 1707 οὕ

818 1725 1011 1774 χρῶνται,
1029 1723 1151 1760 relata.
1165 1724 1380 1762 Germanice
1391 1738 1476 1775 par-

816 1779 1004 1816 ticularum
1031 1780 1102 1816 vim
1124 1781 1174 1817 sie
1189 1781 1386 1829 exprimas:
1423 1784 1473 1818 sie

818 1836 978 1872 bezlz'enen
1000 1837 1071 1873 siclt
1088 1836 1365 1885 keinerfremden
1376 1837 1472 1874 Etn-

818 1893 1023 1940 riclttuugen
1035 1922 1047 1938 ,
1086 1905 1115 1928 w
1129 1894 1168 1929 ir
1180 1892 1200 1928 l.-
1215 1893 1227 1927 l
1240 1895 1254 1929 z·
1264 1906 1281 1929 c
1291 1894 1310 1929 Ιι
1340 1907 1364 1929 η
1377 1895 1445 1930 ich
1456 1898 1471 1930 t

816 1951 885 1985 εἴη
901 1949 989 1985 mal
1027 1950 1176 1985 antlerer
1218 1949 1361 1995 solt-er,
1409 1950 1471 1986 (Ζει-

815 2006 986 2042 Grz'eclzen
1028 2007 1110 2041 aber
1147 2018 1204 2041 am
1240 2008 1472 2054 wem'gsten.“

817 2062 937 2104 Quam
972 2062 1308 2110 interpretationem
1336 2063 1471 2112 probat

815 2117 1018 2165 Schueigh.
1066 2117 1244 2165 Equidem
1274 2114 1328 2167 μή
1359 2133 1393 2156 τι
1427 2133 1470 2170 γε

818 2174 874 2210 ὠν
909 2168 1090 2221 οἷλληλων
1118 2174 1299 2210 Sanerofti
1324 2175 1405 2211 cod.
1433 2179 1471 2212 et

814 2229 1015 2266 Florentini
1052 2242 1095 2266 ex
1130 2231 1349 2267 auctoritate
1383 2231 1469 2267 reti-

815 2286 900 2332 nui,
941 2285 1041 2334 quod
1073 2284 1202 2322 Matth.
1236 2286 1300 2322 Gr.
1330 2286 1395 2322 Gr.
1429 2285 1468 2337 ξ.

815 2344 917 2387 610,
965 2345 991 2382 2
1024 2354 1110 2391 pag.
1149 2344 1257 2383 1232
1293 2342 1469 2392 explicat:

812 2410 898 2444 „um
925 2398 1020 2434 nicht
1042 2412 1087 2434 zu
1105 2411 1237 2446 sagea,
1273 2403 1374 2435 unter
1394 2401 1468 2435 ein-

814 2454 927 2490 ander
942 2483 952 2502 ,
995 2454 1028 2490 (l.
1057 2455 1089 2490 Ιι.
1124 2455 1221 2491 nicht
1243 2468 1310 2491 nur
1332 2456 1467 2492 m'cht.“

813 2510 922 2548 Plura
950 2511 1052 2547 dabit
1070 2512 1111 2548 C.
1130 2512 1173 2550 F.
1196 2511 1397 2548 Hermann.
1417 2512 1467 2549 ad

812 2565 962 2603 Lucian.
1003 2567 1049 2604 de
1080 2568 1255 2604 conscrib.
1280 2568 1403 2605 histor.
1427 2581 1464 2618 p.

815 2624 895 2663 152
912 2636 988 2672 seq.
1027 2623 1288 2671 wyttenbach.
1314 2625 1362 2661 ad
1381 2624 1466 2661 Plu-

812 2679 923 2716 tarch.
967 2679 1108 2717 Morall.
1138 2680 1155 2716 Ι
1185 2694 1220 2730 p.
1253 2680 1344 2720 153.
1401 2681 1466 2717 Est

813 2735 904 2772 enirn
918 2764 929 2782 ‚
957 2736 986 2772 si
1009 2737 1098 2785 quid
1119 2737 1247 2783 video,
1273 2737 1361 2774 haec
1378 2737 1464 2773 scri-

811 2792 924 2842 ptoris
954 2792 1152 2838 sententia,
1181 2798 1221 2828 ut
1244 2792 1292 2828 illi
1318 2795 1464 2829 omnino

812 2849 1013 2898 peregrinis
1040 2849 1256 2885 abhorreant
1276 2850 1465 2896 institutis,

813 2917 886 2942 non
915 2904 1030 2942 solum
1057 2905 1130 2942 suis
1158 2905 1317 2956 ipsorum
1362 2902 1406 2956 (i.
1436 2917 1465 2941 e.

1492 808 1588 834 Alieni
1601 817 1618 835 a
1636 810 1767 837 moribus

1490 842 1639 868 externis:

1490 874 1604 901 charsis
1628 884 1767 903 reversus

1490 915 1526 935 ex
1544 910 1765 943 peregrinatio-

1690 845 1766 869 Aua-
