<?xml version="1.0" encoding="UTF-8"?>
<!DOCTYPE html PUBLIC "-//W3C//DTD XHTML 1.0 Transitional//EN"
    "http://www.w3.org/TR/xhtml1/DTD/xhtml1-transitional.dtd">
<html xmlns="http://www.w3.org/1999/xhtml" xml:lang="en" lang="en">
 <head>
  <title>
</title>
<meta http-equiv="Content-Type" content="text/html;charset=utf-8" />
  <meta name='ocr-system' content='tesseract 3.04.00' />
  <meta name='ocr-capabilities' content='ocr_page ocr_carea ocr_par ocr_line ocrx_word'/>
</head>
<body>
  <div class='ocr_page' id='page_1' title='image "./musaeherodoto02hero_0659.png"; bbox 0 0 1904 3304; ppageno 0'>
   <div class='ocr_carea' id='block_1_1' title="bbox 467 263 1644 311">
    <p class='ocr_par' dir='ltr' id='par_1_1' title="bbox 467 263 1644 311">
     <span class='ocr_line' id='line_1_1' title="bbox 467 263 1644 311; baseline 0.003 -10"><span class='ocrx_word' id='word_1_1' title='bbox 467 264 561 302; x_wconf 89' lang='lat' dir='ltr'>AD</span> <span class='ocrx_word' id='word_1_2' title='bbox 622 263 1309 311; x_wconf 85' lang='lat' dir='ltr'>HERODOT.111,115.</span> <span class='ocrx_word' id='word_1_3' title='bbox 1563 265 1644 304; x_wconf 80' lang='lat'>651</span> 
     </span>
    </p>
   </div>
   <div class='ocr_carea' id='block_1_2' title="bbox 135 375 1663 2929">
    <p class='ocr_par' dir='ltr' id='par_1_2' title="bbox 135 375 1663 2929">
     <span class='ocr_line' id='line_1_2' title="bbox 136 375 1647 426; baseline -0.001 -11"><span class='ocrx_word' id='word_1_4' title='bbox 136 379 351 416; x_wconf 85' lang='lat' dir='ltr'>Hiberniam</span> <span class='ocrx_word' id='word_1_5' title='bbox 372 381 484 426; x_wconf 90' lang='lat' dir='ltr'>atque</span> <span class='ocrx_word' id='word_1_6' title='bbox 501 375 695 414; x_wconf 88' lang='lat' dir='ltr'>Albionem</span> <span class='ocrx_word' id='word_1_7' title='bbox 717 377 792 414; x_wconf 82' lang='lat' dir='ltr'>sive</span> <span class='ocrx_word' id='word_1_8' title='bbox 809 376 1038 413; x_wconf 81' lang='lat' dir='ltr'>Britanniam</span> <span class='ocrx_word' id='word_1_9' title='bbox 1059 375 1210 413; x_wconf 84' lang='lat' dir='ltr'>indicari</span> <span class='ocrx_word' id='word_1_10' title='bbox 1229 379 1424 425; x_wconf 87' lang='lat' dir='ltr'>putarent,</span> <span class='ocrx_word' id='word_1_11' title='bbox 1461 381 1500 412; x_wconf 90' lang='lat' dir='ltr'>ut</span> <span class='ocrx_word' id='word_1_12' title='bbox 1519 376 1554 412; x_wconf 90' lang='lat' dir='ltr'>in</span> <span class='ocrx_word' id='word_1_13' title='bbox 1576 389 1647 425; x_wconf 92' lang='lat' dir='ltr'>qua</span> 
     </span>
     <span class='ocr_line' id='line_1_3' title="bbox 137 443 1646 496; baseline -0.001 -14"><span class='ocrx_word' id='word_1_14' title='bbox 137 451 233 483; x_wconf 86' lang='lat' dir='ltr'>terra</span> <span class='ocrx_word' id='word_1_15' title='bbox 257 444 374 482; x_wconf 85' lang='lat' dir='ltr'>adhuc</span> <span class='ocrx_word' id='word_1_16' title='bbox 400 457 535 495; x_wconf 86' lang='lat' dir='ltr'>magna</span> <span class='ocrx_word' id='word_1_17' title='bbox 566 445 705 496; x_wconf 86' lang='lat' dir='ltr'>plumbi</span> <span class='ocrx_word' id='word_1_18' title='bbox 732 444 785 480; x_wconf 72' lang='lat' dir='ltr'>vis</span> <span class='ocrx_word' id='word_1_19' title='bbox 812 443 1003 493; x_wconf 89' lang='lat' dir='ltr'>proveniat</span> <span class='ocrx_word' id='word_1_20' title='bbox 1030 443 1194 492; x_wconf 88' lang='lat' dir='ltr'>aliasque</span> <span class='ocrx_word' id='word_1_21' title='bbox 1225 443 1262 480; x_wconf 89' lang='lat' dir='ltr'>in</span> <span class='ocrx_word' id='word_1_22' title='bbox 1283 446 1399 479; x_wconf 85' lang='lat' dir='ltr'>terras</span> <span class='ocrx_word' id='word_1_23' title='bbox 1421 448 1646 492; x_wconf 80' lang='lat' dir='ltr'>exportetur,</span> 
     </span>
     <span class='ocr_line' id='line_1_4' title="bbox 136 510 1642 563; baseline -0.001 -15"><span class='ocrx_word' id='word_1_24' title='bbox 136 512 348 563; x_wconf 89' lang='lat' dir='ltr'>praesertim</span> <span class='ocrx_word' id='word_1_25' title='bbox 371 525 451 550; x_wconf 91' lang='lat' dir='ltr'>cum</span> <span class='ocrx_word' id='word_1_26' title='bbox 471 512 692 559; x_wconf 85' lang='lat' dir='ltr'>Phoenices,</span> <span class='ocrx_word' id='word_1_27' title='bbox 733 512 796 560; x_wconf 91' lang='lat' dir='ltr'>qui</span> <span class='ocrx_word' id='word_1_28' title='bbox 822 524 842 549; x_wconf 89' lang='lat' dir='ltr'>e</span> <span class='ocrx_word' id='word_1_29' title='bbox 862 510 1029 549; x_wconf 87' lang='lat' dir='ltr'>Prussiae</span> <span class='ocrx_word' id='word_1_30' title='bbox 1049 511 1121 548; x_wconf 92' lang='lat' dir='ltr'>oris</span> <span class='ocrx_word' id='word_1_31' title='bbox 1148 510 1318 548; x_wconf 91' lang='lat' dir='ltr'>electrum</span> <span class='ocrx_word' id='word_1_32' title='bbox 1338 510 1529 560; x_wconf 88' lang='lat' dir='ltr'>petierint,</span> <span class='ocrx_word' id='word_1_33' title='bbox 1561 511 1642 547; x_wconf 90' lang='lat' dir='ltr'>Bri-</span> 
     </span>
     <span class='ocr_line' id='line_1_5' title="bbox 136 577 1642 629; baseline -0.002 -13"><span class='ocrx_word' id='word_1_34' title='bbox 136 580 298 616; x_wconf 87' lang='lat' dir='ltr'>tanniam</span> <span class='ocrx_word' id='word_1_35' title='bbox 321 593 466 629; x_wconf 88' lang='lat' dir='ltr'>quoque</span> <span class='ocrx_word' id='word_1_36' title='bbox 491 581 625 617; x_wconf 79' lang='lat' dir='ltr'>adiisse</span> <span class='ocrx_word' id='word_1_37' title='bbox 644 580 719 617; x_wconf 89' lang='lat' dir='ltr'>veri</span> <span class='ocrx_word' id='word_1_38' title='bbox 739 578 785 615; x_wconf 90' lang='lat' dir='ltr'>sit</span> <span class='ocrx_word' id='word_1_39' title='bbox 807 578 1038 616; x_wconf 88' lang='lat' dir='ltr'>simillimum.</span> <span class='ocrx_word' id='word_1_40' title='bbox 1098 577 1170 615; x_wconf 93' lang='lat' dir='ltr'>Alii</span> <span class='ocrx_word' id='word_1_41' title='bbox 1193 579 1292 628; x_wconf 92' lang='lat' dir='ltr'>iique</span> <span class='ocrx_word' id='word_1_42' title='bbox 1315 578 1457 629; x_wconf 78' lang='lat' dir='ltr'>plurimi</span> <span class='ocrx_word' id='word_1_43' title='bbox 1481 577 1642 614; x_wconf 63' lang='lat' dir='ltr'>Silurum</span> 
     </span>
     <span class='ocr_line' id='line_1_6' title="bbox 137 644 1639 697; baseline -0.003 -11"><span class='ocrx_word' id='word_1_44' title='bbox 137 649 295 695; x_wconf 77' lang='lat' dir='ltr'>insulas,</span> <span class='ocrx_word' id='word_1_45' title='bbox 337 662 366 688; x_wconf 89' lang='lat' dir='ltr'>s.</span> <span class='ocrx_word' id='word_1_46' title='bbox 389 648 637 697; x_wconf 72' lang='lat' dir='ltr'>Ostrymnicas</span> <span class='ocrx_word' id='word_1_47' title='bbox 670 648 865 694; x_wconf 80' lang='lat' dir='ltr'>(vocantur</span> <span class='ocrx_word' id='word_1_48' title='bbox 895 647 1023 684; x_wconf 82' lang='lat' dir='ltr'>hodie:</span> <span class='ocrx_word' id='word_1_49' title='bbox 1077 646 1194 697; x_wconf 70' lang='lat' dir='ltr'>Scilly</span> <span class='ocrx_word' id='word_1_50' title='bbox 1214 661 1260 680; x_wconf 73' lang='grc' dir='ltr'>τ·-</span> <span class='ocrx_word' id='word_1_51' title='bbox 1289 644 1430 693; x_wconf 82' lang='lat' dir='ltr'>Inseln,</span> <span class='ocrx_word' id='word_1_52' title='bbox 1462 646 1639 694; x_wconf 75' lang='lat' dir='ltr'>Sorlz‘ngi-</span> 
     </span>
     <span class='ocr_line' id='line_1_7' title="bbox 136 714 1642 766; baseline -0.003 -11"><span class='ocrx_word' id='word_1_53' title='bbox 136 717 214 754; x_wconf 78' lang='lat' dir='ltr'>sche</span> <span class='ocrx_word' id='word_1_54' title='bbox 242 718 381 766; x_wconf 81' lang='lat' dir='ltr'>Inseln)</span> <span class='ocrx_word' id='word_1_55' title='bbox 415 716 567 764; x_wconf 83' lang='lat' dir='ltr'>intelligi</span> <span class='ocrx_word' id='word_1_56' title='bbox 599 714 746 760; x_wconf 80' lang='lat' dir='ltr'>volunt3</span> <span class='ocrx_word' id='word_1_57' title='bbox 788 715 825 750; x_wconf 92' lang='lat' dir='ltr'>in</span> <span class='ocrx_word' id='word_1_58' title='bbox 850 715 980 764; x_wconf 88' lang='lat' dir='ltr'>quibus</span> <span class='ocrx_word' id='word_1_59' title='bbox 1008 720 1154 765; x_wconf 88' lang='lat' dir='ltr'>praeter</span> <span class='ocrx_word' id='word_1_60' title='bbox 1180 714 1412 752; x_wconf 85' lang='lat' dir='ltr'>Mannertum</span> <span class='ocrx_word' id='word_1_61' title='bbox 1439 714 1642 751; x_wconf 86' lang='lat' dir='ltr'>Heerenius</span> 
     </span>
     <span class='ocr_line' id='line_1_8' title="bbox 137 781 1642 835; baseline -0.003 -13"><span class='ocrx_word' id='word_1_62' title='bbox 137 798 305 834; x_wconf 91' lang='lat' dir='ltr'>quoque,</span> <span class='ocrx_word' id='word_1_63' title='bbox 343 786 436 822; x_wconf 91' lang='lat' dir='ltr'>hanc</span> <span class='ocrx_word' id='word_1_64' title='bbox 462 784 599 835; x_wconf 87' lang='lat' dir='ltr'>plumbi</span> <span class='ocrx_word' id='word_1_65' title='bbox 632 786 872 820; x_wconf 77' lang='lat' dir='ltr'>mercaturam</span> <span class='ocrx_word' id='word_1_66' title='bbox 904 795 1056 820; x_wconf 87' lang='lat' dir='ltr'>monens</span> <span class='ocrx_word' id='word_1_67' title='bbox 1085 796 1158 820; x_wconf 91' lang='lat' dir='ltr'>non</span> <span class='ocrx_word' id='word_1_68' title='bbox 1189 783 1237 820; x_wconf 87' lang='lat' dir='ltr'>ad</span> <span class='ocrx_word' id='word_1_69' title='bbox 1267 783 1354 819; x_wconf 86' lang='lat' dir='ltr'>istas</span> <span class='ocrx_word' id='word_1_70' title='bbox 1380 781 1515 819; x_wconf 91' lang='lat' dir='ltr'>insulas</span> <span class='ocrx_word' id='word_1_71' title='bbox 1548 781 1642 818; x_wconf 89' lang='lat' dir='ltr'>solas</span> 
     </span>
     <span class='ocr_line' id='line_1_9' title="bbox 136 848 1644 903; baseline -0.003 -14"><span class='ocrx_word' id='word_1_72' title='bbox 136 853 376 903; x_wconf 83' lang='lat' dir='ltr'>pertinuisse,</span> <span class='ocrx_word' id='word_1_73' title='bbox 414 865 538 889; x_wconf 86' lang='lat' dir='ltr'>verum</span> <span class='ocrx_word' id='word_1_74' title='bbox 564 851 663 901; x_wconf 85' lang='lat' dir='ltr'>ipsas</span> <span class='ocrx_word' id='word_1_75' title='bbox 693 851 800 887; x_wconf 88' lang='lat' dir='ltr'>etiam</span> <span class='ocrx_word' id='word_1_76' title='bbox 821 849 974 898; x_wconf 83' lang='lat' dir='ltr'>Angliae</span> <span class='ocrx_word' id='word_1_77' title='bbox 994 851 1240 888; x_wconf 82' lang='lat' dir='ltr'>Hiberniaeve</span> <span class='ocrx_word' id='word_1_78' title='bbox 1265 862 1347 887; x_wconf 90' lang='lat' dir='ltr'>oras</span> <span class='ocrx_word' id='word_1_79' title='bbox 1378 862 1459 888; x_wconf 89' lang='lat' dir='ltr'>esse</span> <span class='ocrx_word' id='word_1_80' title='bbox 1482 848 1644 899; x_wconf 90' lang='lat' dir='ltr'>comple-</span> 
     </span>
     <span class='ocr_line' id='line_1_10' title="bbox 136 916 1646 969; baseline -0.003 -13"><span class='ocrx_word' id='word_1_81' title='bbox 136 931 229 957; x_wconf 83' lang='lat' dir='ltr'>xam.</span> <span class='ocrx_word' id='word_1_82' title='bbox 287 919 384 957; x_wconf 88' lang='lat' dir='ltr'>Add.</span> <span class='ocrx_word' id='word_1_83' title='bbox 405 919 574 957; x_wconf 82' lang='lat' dir='ltr'>Lelewel.</span> <span class='ocrx_word' id='word_1_84' title='bbox 594 918 616 954; x_wconf 94' lang='lat' dir='ltr'>l.</span> <span class='ocrx_word' id='word_1_85' title='bbox 640 918 662 954; x_wconf 87' lang='lat' dir='ltr'>l.</span> <span class='ocrx_word' id='word_1_86' title='bbox 695 931 731 967; x_wconf 85' lang='lat' dir='ltr'>p.</span> <span class='ocrx_word' id='word_1_87' title='bbox 757 917 821 957; x_wconf 89' lang='grc'>15.</span> <span class='ocrx_word' id='word_1_88' title='bbox 882 918 992 961; x_wconf 85' lang='lat' dir='ltr'>Quod</span> <span class='ocrx_word' id='word_1_89' title='bbox 1022 919 1138 968; x_wconf 88' lang='lat' dir='ltr'>ipsum</span> <span class='ocrx_word' id='word_1_90' title='bbox 1166 918 1313 969; x_wconf 89' lang='lat' dir='ltr'>probari</span> <span class='ocrx_word' id='word_1_91' title='bbox 1341 924 1516 966; x_wconf 86' lang='lat' dir='ltr'>certoque</span> <span class='ocrx_word' id='word_1_92' title='bbox 1545 916 1646 953; x_wconf 88' lang='lat' dir='ltr'>affir-</span> 
     </span>
     <span class='ocr_line' id='line_1_11' title="bbox 136 984 1646 1038; baseline -0.003 -14"><span class='ocrx_word' id='word_1_93' title='bbox 136 988 227 1024; x_wconf 88' lang='lat' dir='ltr'>mari</span> <span class='ocrx_word' id='word_1_94' title='bbox 245 1000 355 1038; x_wconf 88' lang='lat' dir='ltr'>posse</span> <span class='ocrx_word' id='word_1_95' title='bbox 376 992 489 1035; x_wconf 87' lang='lat' dir='ltr'>negat</span> <span class='ocrx_word' id='word_1_96' title='bbox 506 986 549 1022; x_wconf 91' lang='lat' dir='ltr'>A.</span> <span class='ocrx_word' id='word_1_97' title='bbox 572 984 698 1034; x_wconf 84' lang='lat' dir='ltr'>Vogel.</span> <span class='ocrx_word' id='word_1_98' title='bbox 719 984 742 1021; x_wconf 91' lang='lat' dir='ltr'>l.</span> <span class='ocrx_word' id='word_1_99' title='bbox 766 984 788 1021; x_wconf 82' lang='lat' dir='ltr'>l.</span> <span class='ocrx_word' id='word_1_100' title='bbox 813 997 851 1034; x_wconf 87' lang='lat' dir='ltr'>p.</span> <span class='ocrx_word' id='word_1_101' title='bbox 876 987 974 1030; x_wconf 79' lang='lat'>112,</span> <span class='ocrx_word' id='word_1_102' title='bbox 1013 986 1069 1022; x_wconf 90' lang='lat' dir='ltr'>cui</span> <span class='ocrx_word' id='word_1_103' title='bbox 1091 986 1297 1023; x_wconf 86' lang='lat' dir='ltr'>credibilius</span> <span class='ocrx_word' id='word_1_104' title='bbox 1317 986 1481 1032; x_wconf 88' lang='lat' dir='ltr'>videtur,</span> <span class='ocrx_word' id='word_1_105' title='bbox 1521 984 1646 1021; x_wconf 87' lang='lat' dir='ltr'>Cassi-</span> 
     </span>
     <span class='ocr_line' id='line_1_12' title="bbox 135 1052 1645 1103; baseline -0.002 -13"><span class='ocrx_word' id='word_1_106' title='bbox 135 1055 269 1092; x_wconf 87' lang='lat' dir='ltr'>terides</span> <span class='ocrx_word' id='word_1_107' title='bbox 300 1053 434 1091; x_wconf 90' lang='lat' dir='ltr'>insulas</span> <span class='ocrx_word' id='word_1_108' title='bbox 456 1067 479 1090; x_wconf 90' lang='lat' dir='ltr'>a</span> <span class='ocrx_word' id='word_1_109' title='bbox 503 1052 746 1091; x_wconf 86' lang='lat' dir='ltr'>Phoenicibus</span> <span class='ocrx_word' id='word_1_110' title='bbox 772 1064 888 1101; x_wconf 90' lang='lat' dir='ltr'>aeque</span> <span class='ocrx_word' id='word_1_111' title='bbox 908 1052 1012 1089; x_wconf 90' lang='lat' dir='ltr'>fictas</span> <span class='ocrx_word' id='word_1_112' title='bbox 1032 1066 1112 1091; x_wconf 89' lang='lat' dir='ltr'>esse</span> <span class='ocrx_word' id='word_1_113' title='bbox 1131 1059 1241 1103; x_wconf 84' lang='lat' dir='ltr'>atque</span> <span class='ocrx_word' id='word_1_114' title='bbox 1265 1053 1462 1089; x_wconf 83' lang='lat' dir='ltr'>Eridanum</span> <span class='ocrx_word' id='word_1_115' title='bbox 1483 1052 1645 1097; x_wconf 81' lang='lat' dir='ltr'>fluvium,</span> 
     </span>
     <span class='ocr_line' id='line_1_13' title="bbox 136 1119 1648 1172; baseline -0.003 -13"><span class='ocrx_word' id='word_1_116' title='bbox 136 1134 180 1159; x_wconf 87' lang='lat' dir='ltr'>eo</span> <span class='ocrx_word' id='word_1_117' title='bbox 200 1122 372 1168; x_wconf 89' lang='lat' dir='ltr'>consilio,</span> <span class='ocrx_word' id='word_1_118' title='bbox 403 1133 475 1171; x_wconf 92' lang='lat' dir='ltr'>quo</span> <span class='ocrx_word' id='word_1_119' title='bbox 493 1132 617 1157; x_wconf 84' lang='lat' dir='ltr'>verum</span> <span class='ocrx_word' id='word_1_120' title='bbox 636 1120 798 1158; x_wconf 86' lang='lat' dir='ltr'>celarent</span> <span class='ocrx_word' id='word_1_121' title='bbox 818 1120 935 1158; x_wconf 91' lang='lat' dir='ltr'>locum</span> <span class='ocrx_word' id='word_1_122' title='bbox 949 1150 960 1169; x_wconf 92' lang='lat'>,</span> <span class='ocrx_word' id='word_1_123' title='bbox 999 1123 1098 1160; x_wconf 87' lang='lat' dir='ltr'>unde</span> <span class='ocrx_word' id='word_1_124' title='bbox 1114 1121 1301 1172; x_wconf 84' lang='lat' dir='ltr'>plumbum</span> <span class='ocrx_word' id='word_1_125' title='bbox 1323 1120 1520 1166; x_wconf 84' lang='lat' dir='ltr'>afferrent,</span> <span class='ocrx_word' id='word_1_126' title='bbox 1560 1119 1648 1155; x_wconf 80' lang='lat' dir='ltr'>sibi-</span> 
     </span>
     <span class='ocr_line' id='line_1_14' title="bbox 138 1187 1650 1239; baseline -0.003 -12"><span class='ocrx_word' id='word_1_127' title='bbox 138 1202 212 1239; x_wconf 91' lang='lat' dir='ltr'>que</span> <span class='ocrx_word' id='word_1_128' title='bbox 230 1189 316 1226; x_wconf 91' lang='lat' dir='ltr'>solis</span> <span class='ocrx_word' id='word_1_129' title='bbox 338 1190 408 1226; x_wconf 91' lang='lat' dir='ltr'>hoc</span> <span class='ocrx_word' id='word_1_130' title='bbox 426 1188 628 1225; x_wconf 87' lang='lat' dir='ltr'>commercii</span> <span class='ocrx_word' id='word_1_131' title='bbox 648 1201 766 1237; x_wconf 89' lang='lat' dir='ltr'>genus</span> <span class='ocrx_word' id='word_1_132' title='bbox 784 1193 1037 1237; x_wconf 84' lang='lat' dir='ltr'>reservarent,</span> <span class='ocrx_word' id='word_1_133' title='bbox 1076 1189 1334 1238; x_wconf 86' lang='lat' dir='ltr'>quaerentibus</span> <span class='ocrx_word' id='word_1_134' title='bbox 1354 1187 1511 1235; x_wconf 85' lang='lat' dir='ltr'>scilicet,</span> <span class='ocrx_word' id='word_1_135' title='bbox 1550 1187 1650 1223; x_wconf 90' lang='lat' dir='ltr'>unde</span> 
     </span>
     <span class='ocr_line' id='line_1_15' title="bbox 137 1255 1652 1308; baseline -0.001 -15"><span class='ocrx_word' id='word_1_136' title='bbox 137 1257 323 1308; x_wconf 89' lang='lat' dir='ltr'>plumbum</span> <span class='ocrx_word' id='word_1_137' title='bbox 342 1257 550 1302; x_wconf 85' lang='lat' dir='ltr'>adferrent,</span> <span class='ocrx_word' id='word_1_138' title='bbox 589 1256 626 1292; x_wconf 90' lang='lat' dir='ltr'>in</span> <span class='ocrx_word' id='word_1_139' title='bbox 647 1257 852 1295; x_wconf 82' lang='lat' dir='ltr'>universum</span> <span class='ocrx_word' id='word_1_140' title='bbox 875 1258 1141 1307; x_wconf 86' lang='lat' dir='ltr'>respondentes</span> <span class='ocrx_word' id='word_1_141' title='bbox 1155 1285 1165 1304; x_wconf 97' lang='lat'>,</span> <span class='ocrx_word' id='word_1_142' title='bbox 1209 1269 1225 1293; x_wconf 88' lang='lat' dir='ltr'>e</span> <span class='ocrx_word' id='word_1_143' title='bbox 1253 1255 1543 1301; x_wconf 78' lang='lat' dir='ltr'>Cassz&#39;terz&#39;dz&#39;bus,</span> <span class='ocrx_word' id='word_1_144' title='bbox 1575 1255 1597 1291; x_wconf 93' lang='lat' dir='ltr'>i.</span> <span class='ocrx_word' id='word_1_145' title='bbox 1620 1267 1652 1291; x_wconf 88' lang='lat' dir='ltr'>e.</span> 
     </span>
     <span class='ocr_line' id='line_1_16' title="bbox 139 1322 1651 1375; baseline -0.002 -14"><span class='ocrx_word' id='word_1_146' title='bbox 139 1337 181 1361; x_wconf 72' lang='lat' dir='ltr'>ex</span> <span class='ocrx_word' id='word_1_147' title='bbox 193 1324 332 1375; x_wconf 82' lang='lat' dir='ltr'>plumbi</span> <span class='ocrx_word' id='word_1_148' title='bbox 348 1324 487 1362; x_wconf 74' lang='lat' dir='ltr'>insulis.</span> <span class='ocrx_word' id='word_1_149' title='bbox 547 1324 587 1360; x_wconf 91' lang='lat' dir='ltr'>Si</span> <span class='ocrx_word' id='word_1_150' title='bbox 605 1337 711 1371; x_wconf 80' lang='lat' dir='ltr'>vero,</span> <span class='ocrx_word' id='word_1_151' title='bbox 741 1337 838 1374; x_wconf 88' lang='lat' dir='ltr'>quae</span> <span class='ocrx_word' id='word_1_152' title='bbox 857 1325 937 1375; x_wconf 89' lang='lat' dir='ltr'>ipsa</span> <span class='ocrx_word' id='word_1_153' title='bbox 959 1324 1094 1362; x_wconf 84' lang='lat' dir='ltr'>fuerint</span> <span class='ocrx_word' id='word_1_154' title='bbox 1112 1325 1201 1362; x_wconf 89' lang='lat' dir='ltr'>haec</span> <span class='ocrx_word' id='word_1_155' title='bbox 1221 1324 1321 1372; x_wconf 89' lang='lat' dir='ltr'>loca,</span> <span class='ocrx_word' id='word_1_156' title='bbox 1345 1324 1443 1362; x_wconf 87' lang='lat' dir='ltr'>unde</span> <span class='ocrx_word' id='word_1_157' title='bbox 1464 1322 1651 1374; x_wconf 88' lang='lat' dir='ltr'>plumbum</span> 
     </span>
     <span class='ocr_line' id='line_1_17' title="bbox 138 1390 1652 1444; baseline -0.002 -15"><span class='ocrx_word' id='word_1_158' title='bbox 138 1392 379 1438; x_wconf 85' lang='lat' dir='ltr'>advexerint,</span> <span class='ocrx_word' id='word_1_159' title='bbox 419 1404 598 1442; x_wconf 85' lang='lat' dir='ltr'>quaenam</span> <span class='ocrx_word' id='word_1_160' title='bbox 619 1393 709 1430; x_wconf 86' lang='lat' dir='ltr'>istae</span> <span class='ocrx_word' id='word_1_161' title='bbox 728 1392 885 1440; x_wconf 88' lang='lat' dir='ltr'>insulae,</span> <span class='ocrx_word' id='word_1_162' title='bbox 931 1405 1105 1442; x_wconf 83' lang='lat' dir='ltr'>quaeras,</span> <span class='ocrx_word' id='word_1_163' title='bbox 1144 1393 1191 1429; x_wconf 90' lang='lat' dir='ltr'>de</span> <span class='ocrx_word' id='word_1_164' title='bbox 1216 1393 1398 1444; x_wconf 86' lang='lat' dir='ltr'>Hispania</span> <span class='ocrx_word' id='word_1_165' title='bbox 1426 1391 1548 1442; x_wconf 90' lang='lat' dir='ltr'>potius</span> <span class='ocrx_word' id='word_1_166' title='bbox 1579 1390 1652 1437; x_wconf 86' lang='lat' dir='ltr'>(ex</span> 
     </span>
     <span class='ocr_line' id='line_1_18' title="bbox 140 1459 1654 1511; baseline -0.001 -15"><span class='ocrx_word' id='word_1_167' title='bbox 140 1471 213 1509; x_wconf 93' lang='lat' dir='ltr'>qua</span> <span class='ocrx_word' id='word_1_168' title='bbox 231 1460 359 1497; x_wconf 89' lang='lat' dir='ltr'>eadem</span> <span class='ocrx_word' id='word_1_169' title='bbox 379 1463 478 1497; x_wconf 87' lang='lat' dir='ltr'>terra</span> <span class='ocrx_word' id='word_1_170' title='bbox 499 1461 648 1508; x_wconf 78' lang='lat' dir='ltr'>quaevis</span> <span class='ocrx_word' id='word_1_171' title='bbox 665 1461 741 1498; x_wconf 90' lang='lat' dir='ltr'>fere</span> <span class='ocrx_word' id='word_1_172' title='bbox 762 1461 910 1498; x_wconf 83' lang='lat' dir='ltr'>metalla</span> <span class='ocrx_word' id='word_1_173' title='bbox 928 1461 1161 1511; x_wconf 88' lang='lat' dir='ltr'>pretiosiora,</span> <span class='ocrx_word' id='word_1_174' title='bbox 1192 1465 1382 1511; x_wconf 86' lang='lat' dir='ltr'>argentum</span> <span class='ocrx_word' id='word_1_175' title='bbox 1401 1459 1563 1510; x_wconf 88' lang='lat' dir='ltr'>inprimis</span> <span class='ocrx_word' id='word_1_176' title='bbox 1588 1470 1654 1495; x_wconf 87' lang='lat' dir='ltr'>au-</span> 
     </span>
     <span class='ocr_line' id='line_1_19' title="bbox 139 1527 1652 1580; baseline -0.002 -15"><span class='ocrx_word' id='word_1_177' title='bbox 139 1541 292 1577; x_wconf 90' lang='lat' dir='ltr'>rumque</span> <span class='ocrx_word' id='word_1_178' title='bbox 312 1528 458 1565; x_wconf 91' lang='lat' dir='ltr'>Poenos</span> <span class='ocrx_word' id='word_1_179' title='bbox 480 1528 646 1566; x_wconf 84' lang='lat' dir='ltr'>eduxisse</span> <span class='ocrx_word' id='word_1_180' title='bbox 668 1527 824 1580; x_wconf 73' lang='lat' dir='ltr'>constat)</span> <span class='ocrx_word' id='word_1_181' title='bbox 851 1530 947 1567; x_wconf 90' lang='lat' dir='ltr'>idem</span> <span class='ocrx_word' id='word_1_182' title='bbox 970 1530 1121 1578; x_wconf 84' lang='lat' dir='ltr'>cogitari</span> <span class='ocrx_word' id='word_1_183' title='bbox 1142 1528 1237 1576; x_wconf 89' lang='lat' dir='ltr'>vult,</span> <span class='ocrx_word' id='word_1_184' title='bbox 1269 1528 1417 1577; x_wconf 91' lang='lat' dir='ltr'>eiusque</span> <span class='ocrx_word' id='word_1_185' title='bbox 1437 1528 1484 1564; x_wconf 90' lang='lat' dir='ltr'>de</span> <span class='ocrx_word' id='word_1_186' title='bbox 1505 1530 1652 1576; x_wconf 86' lang='lat' dir='ltr'>septen-</span> 
     </span>
     <span class='ocr_line' id='line_1_20' title="bbox 138 1593 1653 1647; baseline -0.001 -16"><span class='ocrx_word' id='word_1_187' title='bbox 138 1593 354 1631; x_wconf 89' lang='lat' dir='ltr'>trionalibus</span> <span class='ocrx_word' id='word_1_188' title='bbox 375 1598 486 1644; x_wconf 89' lang='lat' dir='ltr'>atque</span> <span class='ocrx_word' id='word_1_189' title='bbox 510 1596 791 1634; x_wconf 85' lang='lat' dir='ltr'>occidentalibus</span> <span class='ocrx_word' id='word_1_190' title='bbox 810 1598 1039 1646; x_wconf 81' lang='lat' dir='ltr'>regionibuS,</span> <span class='ocrx_word' id='word_1_191' title='bbox 1070 1610 1165 1647; x_wconf 84' lang='lat' dir='ltr'>quae</span> <span class='ocrx_word' id='word_1_192' title='bbox 1184 1610 1281 1634; x_wconf 88' lang='lat' dir='ltr'>nunc</span> <span class='ocrx_word' id='word_1_193' title='bbox 1303 1597 1352 1633; x_wconf 91' lang='lat' dir='ltr'>ad</span> <span class='ocrx_word' id='word_1_194' title='bbox 1373 1594 1595 1632; x_wconf 84' lang='lat' dir='ltr'>Gallaeciam</span> <span class='ocrx_word' id='word_1_195' title='bbox 1617 1599 1653 1630; x_wconf 88' lang='lat' dir='ltr'>et</span> 
     </span>
     <span class='ocr_line' id='line_1_21' title="bbox 139 1660 1652 1714; baseline 0.001 -16"><span class='ocrx_word' id='word_1_196' title='bbox 139 1660 368 1699; x_wconf 88' lang='lat' dir='ltr'>Lusitaniam</span> <span class='ocrx_word' id='word_1_197' title='bbox 384 1662 584 1713; x_wconf 86' lang='lat' dir='ltr'>pertinent.</span> <span class='ocrx_word' id='word_1_198' title='bbox 643 1664 725 1702; x_wconf 88' lang='lat' dir='ltr'>Nec</span> <span class='ocrx_word' id='word_1_199' title='bbox 745 1665 945 1714; x_wconf 88' lang='lat' dir='ltr'>quidquam</span> <span class='ocrx_word' id='word_1_200' title='bbox 967 1665 1114 1704; x_wconf 87' lang='lat' dir='ltr'>obstare</span> <span class='ocrx_word' id='word_1_201' title='bbox 1135 1666 1231 1702; x_wconf 88' lang='lat' dir='ltr'>idem</span> <span class='ocrx_word' id='word_1_202' title='bbox 1251 1670 1378 1703; x_wconf 83' lang='lat' dir='ltr'>monet</span> <span class='ocrx_word' id='word_1_203' title='bbox 1391 1694 1402 1713; x_wconf 93' lang='lat'>,</span> <span class='ocrx_word' id='word_1_204' title='bbox 1441 1678 1515 1714; x_wconf 85' lang='lat' dir='ltr'>quo</span> <span class='ocrx_word' id='word_1_205' title='bbox 1535 1665 1652 1701; x_wconf 87' lang='lat' dir='ltr'>minus</span> 
     </span>
     <span class='ocr_line' id='line_1_22' title="bbox 139 1728 1653 1783; baseline 0.001 -17"><span class='ocrx_word' id='word_1_206' title='bbox 139 1728 342 1767; x_wconf 88' lang='lat' dir='ltr'>Phoenices</span> <span class='ocrx_word' id='word_1_207' title='bbox 372 1730 484 1767; x_wconf 79' lang='lat' dir='ltr'>etiam</span> <span class='ocrx_word' id='word_1_208' title='bbox 519 1731 666 1769; x_wconf 88' lang='lat' dir='ltr'>ulterius</span> <span class='ocrx_word' id='word_1_209' title='bbox 698 1733 850 1770; x_wconf 78' lang='lat' dir='ltr'>naribus</span> <span class='ocrx_word' id='word_1_210' title='bbox 885 1733 976 1770; x_wconf 80' lang='lat' dir='ltr'>vecti</span> <span class='ocrx_word' id='word_1_211' title='bbox 1007 1733 1123 1783; x_wconf 89' lang='lat' dir='ltr'>ipsam</span> <span class='ocrx_word' id='word_1_212' title='bbox 1149 1746 1229 1770; x_wconf 88' lang='lat' dir='ltr'>eam</span> <span class='ocrx_word' id='word_1_213' title='bbox 1256 1734 1468 1770; x_wconf 88' lang='lat' dir='ltr'>Britanniae</span> <span class='ocrx_word' id='word_1_214' title='bbox 1498 1737 1653 1782; x_wconf 89' lang='lat' dir='ltr'>partem,</span> 
     </span>
     <span class='ocr_line' id='line_1_23' title="bbox 141 1797 1656 1849; baseline 0.003 -17"><span class='ocrx_word' id='word_1_215' title='bbox 141 1807 236 1846; x_wconf 86' lang='lat' dir='ltr'>quae</span> <span class='ocrx_word' id='word_1_216' title='bbox 256 1797 304 1833; x_wconf 89' lang='lat' dir='ltr'>ad</span> <span class='ocrx_word' id='word_1_217' title='bbox 321 1798 509 1835; x_wconf 87' lang='lat' dir='ltr'>meridiem</span> <span class='ocrx_word' id='word_1_218' title='bbox 533 1804 571 1836; x_wconf 91' lang='lat' dir='ltr'>et</span> <span class='ocrx_word' id='word_1_219' title='bbox 592 1800 818 1837; x_wconf 90' lang='lat' dir='ltr'>occidentem</span> <span class='ocrx_word' id='word_1_220' title='bbox 845 1800 998 1838; x_wconf 88' lang='lat' dir='ltr'>maxime</span> <span class='ocrx_word' id='word_1_221' title='bbox 1017 1804 1167 1849; x_wconf 84' lang='lat' dir='ltr'>vergat,</span> <span class='ocrx_word' id='word_1_222' title='bbox 1197 1801 1405 1838; x_wconf 81' lang='lat' dir='ltr'>comitatum</span> <span class='ocrx_word' id='word_1_223' title='bbox 1427 1800 1656 1837; x_wconf 86' lang='lat' dir='ltr'>Cornubien-</span> 
     </span>
     <span class='ocr_line' id='line_1_24' title="bbox 142 1863 1656 1917; baseline 0.002 -17"><span class='ocrx_word' id='word_1_224' title='bbox 142 1876 218 1901; x_wconf 86' lang='lat' dir='ltr'>sem</span> <span class='ocrx_word' id='word_1_225' title='bbox 246 1863 520 1916; x_wconf 81' lang='lat' dir='ltr'>(Cornwallis),</span> <span class='ocrx_word' id='word_1_226' title='bbox 557 1867 739 1916; x_wconf 91' lang='lat' dir='ltr'>hodieque</span> <span class='ocrx_word' id='word_1_227' title='bbox 765 1867 876 1904; x_wconf 89' lang='lat' dir='ltr'>multo</span> <span class='ocrx_word' id='word_1_228' title='bbox 909 1867 1046 1917; x_wconf 89' lang='lat' dir='ltr'>plumbi</span> <span class='ocrx_word' id='word_1_229' title='bbox 1078 1872 1259 1917; x_wconf 87' lang='lat' dir='ltr'>proventu</span> <span class='ocrx_word' id='word_1_230' title='bbox 1288 1868 1467 1916; x_wconf 82' lang='lat' dir='ltr'>insignem</span> <span class='ocrx_word' id='word_1_231' title='bbox 1494 1868 1656 1916; x_wconf 86' lang='lat' dir='ltr'>attigisse</span> 
     </span>
     <span class='ocr_line' id='line_1_25' title="bbox 141 1933 1658 1985; baseline -0.001 -14"><span class='ocrx_word' id='word_1_232' title='bbox 141 1933 413 1984; x_wconf 88' lang='lat' dir='ltr'>perhibeantur.</span> <span class='ocrx_word' id='word_1_233' title='bbox 472 1934 542 1970; x_wconf 91' lang='lat' dir='ltr'>Cui</span> <span class='ocrx_word' id='word_1_234' title='bbox 575 1935 776 1972; x_wconf 81' lang='lat' dir='ltr'>sententiae</span> <span class='ocrx_word' id='word_1_235' title='bbox 804 1935 1048 1984; x_wconf 89' lang='lat' dir='ltr'>adstipulatur</span> <span class='ocrx_word' id='word_1_236' title='bbox 1072 1933 1181 1971; x_wconf 84' lang='lat' dir='ltr'>Link.</span> <span class='ocrx_word' id='word_1_237' title='bbox 1204 1934 1365 1984; x_wconf 88' lang='lat' dir='ltr'>(Urwelt</span> <span class='ocrx_word' id='word_1_238' title='bbox 1389 1948 1426 1985; x_wconf 91' lang='lat' dir='ltr'>p.</span> <span class='ocrx_word' id='word_1_239' title='bbox 1456 1934 1537 1975; x_wconf 78' lang='lat'>265</span> <span class='ocrx_word' id='word_1_240' title='bbox 1561 1935 1658 1984; x_wconf 87' lang='lat' dir='ltr'>seq.)</span> 
     </span>
     <span class='ocr_line' id='line_1_26' title="bbox 142 2000 1658 2052; baseline 0 -13"><span class='ocrx_word' id='word_1_241' title='bbox 142 2014 224 2039; x_wconf 91' lang='lat' dir='ltr'>cum</span> <span class='ocrx_word' id='word_1_242' title='bbox 248 2001 304 2039; x_wconf 73' lang='lat' dir='ltr'>vel</span> <span class='ocrx_word' id='word_1_243' title='bbox 333 2001 457 2038; x_wconf 87' lang='lat' dir='ltr'>seriori</span> <span class='ocrx_word' id='word_1_244' title='bbox 478 2006 645 2051; x_wconf 87' lang='lat' dir='ltr'>tempore</span> <span class='ocrx_word' id='word_1_245' title='bbox 681 2002 718 2037; x_wconf 89' lang='lat' dir='ltr'>in</span> <span class='ocrx_word' id='word_1_246' title='bbox 746 2001 1021 2051; x_wconf 87' lang='lat' dir='ltr'>septentrionali</span> <span class='ocrx_word' id='word_1_247' title='bbox 1047 2000 1258 2039; x_wconf 87' lang='lat' dir='ltr'>Lusitaniae</span> <span class='ocrx_word' id='word_1_248' title='bbox 1279 2006 1387 2052; x_wconf 87' lang='lat' dir='ltr'>parte</span> <span class='ocrx_word' id='word_1_249' title='bbox 1413 2003 1449 2038; x_wconf 85' lang='lat' dir='ltr'>in</span> <span class='ocrx_word' id='word_1_250' title='bbox 1472 2003 1658 2052; x_wconf 79' lang='lat' dir='ltr'>provincia</span> 
     </span>
     <span class='ocr_line' id='line_1_27' title="bbox 143 2068 1655 2120; baseline 0.001 -14"><span class='ocrx_word' id='word_1_251' title='bbox 143 2069 254 2107; x_wconf 88' lang='lat' dir='ltr'>Beira</span> <span class='ocrx_word' id='word_1_252' title='bbox 278 2082 394 2120; x_wconf 92' lang='lat' dir='ltr'>prope</span> <span class='ocrx_word' id='word_1_253' title='bbox 415 2069 531 2105; x_wconf 92' lang='lat' dir='ltr'>locum</span> <span class='ocrx_word' id='word_1_254' title='bbox 552 2069 666 2106; x_wconf 74' lang='lat' dir='ltr'>Viseu</span> <span class='ocrx_word' id='word_1_255' title='bbox 685 2068 830 2106; x_wconf 85' lang='lat' dir='ltr'>metalla</span> <span class='ocrx_word' id='word_1_256' title='bbox 846 2069 983 2118; x_wconf 89' lang='lat' dir='ltr'>plumbi</span> <span class='ocrx_word' id='word_1_257' title='bbox 1001 2069 1154 2116; x_wconf 88' lang='lat' dir='ltr'>suerint,</span> <span class='ocrx_word' id='word_1_258' title='bbox 1184 2082 1278 2118; x_wconf 88' lang='lat' dir='ltr'>quae</span> <span class='ocrx_word' id='word_1_259' title='bbox 1298 2069 1489 2107; x_wconf 85' lang='lat' dir='ltr'>recentiori</span> <span class='ocrx_word' id='word_1_260' title='bbox 1509 2071 1655 2107; x_wconf 89' lang='lat' dir='ltr'>demum</span> 
     </span>
     <span class='ocr_line' id='line_1_28' title="bbox 145 2136 1657 2186; baseline 0 -13"><span class='ocrx_word' id='word_1_261' title='bbox 145 2140 269 2174; x_wconf 88' lang='lat' dir='ltr'>aetate</span> <span class='ocrx_word' id='word_1_262' title='bbox 288 2136 445 2174; x_wconf 85' lang='lat' dir='ltr'>exerceri</span> <span class='ocrx_word' id='word_1_263' title='bbox 471 2138 667 2184; x_wconf 82' lang='lat' dir='ltr'>desierint,</span> <span class='ocrx_word' id='word_1_264' title='bbox 707 2136 850 2186; x_wconf 85' lang='lat' dir='ltr'>aliaque</span> <span class='ocrx_word' id='word_1_265' title='bbox 868 2137 904 2173; x_wconf 88' lang='lat' dir='ltr'>in</span> <span class='ocrx_word' id='word_1_266' title='bbox 929 2136 983 2173; x_wconf 89' lang='lat' dir='ltr'>his</span> <span class='ocrx_word' id='word_1_267' title='bbox 1005 2137 1214 2184; x_wconf 86' lang='lat' dir='ltr'>regionibus</span> <span class='ocrx_word' id='word_1_268' title='bbox 1237 2137 1468 2174; x_wconf 85' lang='lat' dir='ltr'>inveniantur</span> <span class='ocrx_word' id='word_1_269' title='bbox 1491 2137 1657 2175; x_wconf 90' lang='lat' dir='ltr'>metallo-</span> 
     </span>
     <span class='ocr_line' id='line_1_29' title="bbox 146 2203 1656 2254; baseline 0.001 -14"><span class='ocrx_word' id='word_1_270' title='bbox 146 2216 224 2240; x_wconf 92' lang='lat' dir='ltr'>rum</span> <span class='ocrx_word' id='word_1_271' title='bbox 243 2204 472 2253; x_wconf 90' lang='lat' dir='ltr'>antiquorum</span> <span class='ocrx_word' id='word_1_272' title='bbox 491 2205 654 2254; x_wconf 82' lang='lat' dir='ltr'>vestigia.</span> <span class='ocrx_word' id='word_1_273' title='bbox 709 2203 887 2242; x_wconf 85' lang='lat' dir='ltr'>Bennelio</span> <span class='ocrx_word' id='word_1_274' title='bbox 907 2217 945 2254; x_wconf 90' lang='lat' dir='ltr'>p.</span> <span class='ocrx_word' id='word_1_275' title='bbox 965 2205 1048 2244; x_wconf 77' lang='lat'>382</span> <span class='ocrx_word' id='word_1_276' title='bbox 1066 2205 1280 2243; x_wconf 89' lang='lat' dir='ltr'>Herodotus</span> <span class='ocrx_word' id='word_1_277' title='bbox 1304 2205 1368 2242; x_wconf 91' lang='lat' dir='ltr'>sub</span> <span class='ocrx_word' id='word_1_278' title='bbox 1389 2204 1656 2242; x_wconf 85' lang='lat' dir='ltr'>Cassiteridum</span> 
     </span>
     <span class='ocr_line' id='line_1_30' title="bbox 146 2271 1656 2323; baseline 0.001 -15"><span class='ocrx_word' id='word_1_279' title='bbox 146 2272 292 2309; x_wconf 90' lang='lat' dir='ltr'>nomine</span> <span class='ocrx_word' id='word_1_280' title='bbox 312 2271 539 2309; x_wconf 86' lang='lat' dir='ltr'>Britannicas</span> <span class='ocrx_word' id='word_1_281' title='bbox 564 2271 720 2319; x_wconf 90' lang='lat' dir='ltr'>insulas,</span> <span class='ocrx_word' id='word_1_282' title='bbox 761 2273 857 2310; x_wconf 90' lang='lat' dir='ltr'>unde</span> <span class='ocrx_word' id='word_1_283' title='bbox 877 2273 1064 2323; x_wconf 88' lang='lat' dir='ltr'>plumbum</span> <span class='ocrx_word' id='word_1_284' title='bbox 1086 2273 1237 2310; x_wconf 89' lang='lat' dir='ltr'>Graecis</span> <span class='ocrx_word' id='word_1_285' title='bbox 1266 2273 1478 2310; x_wconf 83' lang='lat' dir='ltr'>advexerint</span> <span class='ocrx_word' id='word_1_286' title='bbox 1498 2273 1656 2310; x_wconf 92' lang='lat' dir='ltr'>Phoeni-</span> 
     </span>
     <span class='ocr_line' id='line_1_31' title="bbox 147 2340 1657 2389; baseline 0 -12"><span class='ocrx_word' id='word_1_287' title='bbox 147 2352 228 2386; x_wconf 90' lang='lat' dir='ltr'>ces,</span> <span class='ocrx_word' id='word_1_288' title='bbox 268 2340 586 2389; x_wconf 89' lang='lat' dir='ltr'>comprehendisse</span> <span class='ocrx_word' id='word_1_289' title='bbox 614 2340 767 2377; x_wconf 81' lang='lat' dir='ltr'>videtur.</span> <span class='ocrx_word' id='word_1_290' title='bbox 835 2340 909 2384; x_wconf 86' lang='lat' dir='ltr'>Qui</span> <span class='ocrx_word' id='word_1_291' title='bbox 944 2342 1072 2379; x_wconf 88' lang='lat' dir='ltr'>eadem</span> <span class='ocrx_word' id='word_1_292' title='bbox 1102 2341 1221 2389; x_wconf 86' lang='lat' dir='ltr'>attigit</span> <span class='ocrx_word' id='word_1_293' title='bbox 1249 2340 1294 2378; x_wconf 89' lang='lat' dir='ltr'>L.</span> <span class='ocrx_word' id='word_1_294' title='bbox 1314 2341 1421 2378; x_wconf 86' lang='lat' dir='ltr'>Bossi</span> <span class='ocrx_word' id='word_1_295' title='bbox 1451 2341 1487 2377; x_wconf 93' lang='lat' dir='ltr'>in</span> <span class='ocrx_word' id='word_1_296' title='bbox 1516 2341 1657 2377; x_wconf 87' lang='lat' dir='ltr'>Histor.</span> 
     </span>
     <span class='ocr_line' id='line_1_32' title="bbox 147 2406 1657 2459; baseline -0.001 -14"><span class='ocrx_word' id='word_1_297' title='bbox 147 2407 302 2458; x_wconf 87' lang='lat' dir='ltr'>Hispan.</span> <span class='ocrx_word' id='word_1_298' title='bbox 324 2408 340 2443; x_wconf 97' lang='lat' dir='ltr'>I</span> <span class='ocrx_word' id='word_1_299' title='bbox 360 2420 396 2457; x_wconf 89' lang='lat' dir='ltr'>p.</span> <span class='ocrx_word' id='word_1_300' title='bbox 418 2409 483 2447; x_wconf 80' lang='grc'>72.</span> <span class='ocrx_word' id='word_1_301' title='bbox 503 2409 557 2448; x_wconf 85' lang='grc'>73</span> <span class='ocrx_word' id='word_1_302' title='bbox 580 2406 838 2458; x_wconf 84' lang='lat' dir='ltr'>(Ronneburg.</span> <span class='ocrx_word' id='word_1_303' title='bbox 864 2409 1012 2457; x_wconf 79' lang='lat'>1825),</span> <span class='ocrx_word' id='word_1_304' title='bbox 1055 2407 1189 2446; x_wconf 84' lang='lat' dir='ltr'>insulas</span> <span class='ocrx_word' id='word_1_305' title='bbox 1209 2408 1433 2459; x_wconf 86' lang='lat' dir='ltr'>Hispanicae</span> <span class='ocrx_word' id='word_1_306' title='bbox 1452 2421 1538 2445; x_wconf 90' lang='lat' dir='ltr'>orae</span> <span class='ocrx_word' id='word_1_307' title='bbox 1558 2408 1657 2444; x_wconf 87' lang='lat' dir='ltr'>adsi—</span> 
     </span>
     <span class='ocr_line' id='line_1_33' title="bbox 149 2475 1656 2527; baseline 0 -16"><span class='ocrx_word' id='word_1_308' title='bbox 149 2480 227 2521; x_wconf 89' lang='lat' dir='ltr'>tas,</span> <span class='ocrx_word' id='word_1_309' title='bbox 266 2488 287 2512; x_wconf 88' lang='lat' dir='ltr'>e</span> <span class='ocrx_word' id='word_1_310' title='bbox 314 2475 444 2524; x_wconf 90' lang='lat' dir='ltr'>quibus</span> <span class='ocrx_word' id='word_1_311' title='bbox 477 2475 582 2525; x_wconf 87' lang='lat' dir='ltr'>primi</span> <span class='ocrx_word' id='word_1_312' title='bbox 603 2475 802 2513; x_wconf 88' lang='lat' dir='ltr'>Phoenices</span> <span class='ocrx_word' id='word_1_313' title='bbox 823 2475 1008 2526; x_wconf 84' lang='lat' dir='ltr'>plumbum</span> <span class='ocrx_word' id='word_1_314' title='bbox 1037 2476 1231 2527; x_wconf 90' lang='lat' dir='ltr'>petierint,</span> <span class='ocrx_word' id='word_1_315' title='bbox 1270 2476 1516 2513; x_wconf 88' lang='lat' dir='ltr'>Cassiterides</span> <span class='ocrx_word' id='word_1_316' title='bbox 1545 2475 1656 2511; x_wconf 81' lang='lat' dir='ltr'>fuisse</span> 
     </span>
     <span class='ocr_line' id='line_1_34' title="bbox 150 2541 1655 2592; baseline 0.001 -14"><span class='ocrx_word' id='word_1_317' title='bbox 150 2541 266 2579; x_wconf 89' lang='lat' dir='ltr'>dictas</span> <span class='ocrx_word' id='word_1_318' title='bbox 294 2542 443 2587; x_wconf 80' lang='lat' dir='ltr'>statuit3</span> <span class='ocrx_word' id='word_1_319' title='bbox 480 2543 579 2592; x_wconf 91' lang='lat' dir='ltr'>quod</span> <span class='ocrx_word' id='word_1_320' title='bbox 613 2543 710 2580; x_wconf 86' lang='lat' dir='ltr'>idem</span> <span class='ocrx_word' id='word_1_321' title='bbox 740 2556 876 2582; x_wconf 90' lang='lat' dir='ltr'>nomen</span> <span class='ocrx_word' id='word_1_322' title='bbox 904 2544 988 2581; x_wconf 91' lang='lat' dir='ltr'>dein</span> <span class='ocrx_word' id='word_1_323' title='bbox 1015 2545 1063 2581; x_wconf 92' lang='lat' dir='ltr'>ad</span> <span class='ocrx_word' id='word_1_324' title='bbox 1091 2544 1302 2581; x_wconf 87' lang='lat' dir='ltr'>Britanniae</span> <span class='ocrx_word' id='word_1_325' title='bbox 1335 2543 1470 2580; x_wconf 88' lang='lat' dir='ltr'>insulas</span> <span class='ocrx_word' id='word_1_326' title='bbox 1500 2542 1655 2579; x_wconf 90' lang='lat' dir='ltr'>Silurum</span> 
     </span>
     <span class='ocr_line' id='line_1_35' title="bbox 150 2609 1657 2660; baseline 0.001 -15"><span class='ocrx_word' id='word_1_327' title='bbox 150 2621 297 2658; x_wconf 87' lang='lat' dir='ltr'>quoque</span> <span class='ocrx_word' id='word_1_328' title='bbox 318 2609 553 2657; x_wconf 87' lang='lat' dir='ltr'>translatum,</span> <span class='ocrx_word' id='word_1_329' title='bbox 591 2610 652 2647; x_wconf 90' lang='lat' dir='ltr'>ubi</span> <span class='ocrx_word' id='word_1_330' title='bbox 683 2610 755 2647; x_wconf 89' lang='lat' dir='ltr'>scil.</span> <span class='ocrx_word' id='word_1_331' title='bbox 774 2610 998 2658; x_wconf 90' lang='lat' dir='ltr'>Phoenices,</span> <span class='ocrx_word' id='word_1_332' title='bbox 1036 2610 1108 2648; x_wconf 91' lang='lat' dir='ltr'>iam</span> <span class='ocrx_word' id='word_1_333' title='bbox 1137 2610 1286 2648; x_wconf 89' lang='lat' dir='ltr'>ulterius</span> <span class='ocrx_word' id='word_1_334' title='bbox 1312 2610 1466 2647; x_wconf 88' lang='lat' dir='ltr'>navibus</span> <span class='ocrx_word' id='word_1_335' title='bbox 1496 2611 1657 2660; x_wconf 87' lang='lat' dir='ltr'>provecti</span> 
     </span>
     <span class='ocr_line' id='line_1_36' title="bbox 150 2675 1659 2730; baseline 0.001 -18"><span class='ocrx_word' id='word_1_336' title='bbox 150 2688 320 2724; x_wconf 85' lang='lat' dir='ltr'>magnam</span> <span class='ocrx_word' id='word_1_337' title='bbox 336 2677 461 2715; x_wconf 89' lang='lat' dir='ltr'>itidem</span> <span class='ocrx_word' id='word_1_338' title='bbox 483 2677 620 2728; x_wconf 89' lang='lat' dir='ltr'>plumbi</span> <span class='ocrx_word' id='word_1_339' title='bbox 643 2678 785 2728; x_wconf 89' lang='lat' dir='ltr'>copiam</span> <span class='ocrx_word' id='word_1_340' title='bbox 804 2679 1016 2717; x_wconf 89' lang='lat' dir='ltr'>invenerint.</span> <span class='ocrx_word' id='word_1_341' title='bbox 1084 2675 1127 2716; x_wconf 81' lang='lat' dir='ltr'>‘O</span> <span class='ocrx_word' id='word_1_342' title='bbox 1153 2678 1398 2730; x_wconf 75' lang='grc' dir='ltr'><em>κασσίτερος,</em></span> <span class='ocrx_word' id='word_1_343' title='bbox 1442 2679 1504 2728; x_wconf 92' lang='lat' dir='ltr'>qui</span> <span class='ocrx_word' id='word_1_344' title='bbox 1525 2679 1659 2716; x_wconf 85' lang='lat' dir='ltr'>veteri—</span> 
     </span>
     <span class='ocr_line' id='line_1_37' title="bbox 152 2744 1660 2797; baseline 0.001 -18"><span class='ocrx_word' id='word_1_345' title='bbox 152 2745 218 2780; x_wconf 88' lang='lat' dir='ltr'>bus</span> <span class='ocrx_word' id='word_1_346' title='bbox 235 2744 386 2791; x_wconf 92' lang='lat' dir='ltr'>dicitur,</span> <span class='ocrx_word' id='word_1_347' title='bbox 414 2744 590 2782; x_wconf 90' lang='lat' dir='ltr'>Nostrum</span> <span class='ocrx_word' id='word_1_348' title='bbox 611 2758 690 2783; x_wconf 87' lang='lat' dir='ltr'>esse</span> <span class='ocrx_word' id='word_1_349' title='bbox 712 2745 833 2793; x_wconf 81' lang='lat' dir='ltr'>Zz&#39;nn,</span> <span class='ocrx_word' id='word_1_350' title='bbox 863 2758 1041 2797; x_wconf 86' lang='lat' dir='ltr'>perquam</span> <span class='ocrx_word' id='word_1_351' title='bbox 1065 2749 1122 2783; x_wconf 90' lang='lat' dir='ltr'>est</span> <span class='ocrx_word' id='word_1_352' title='bbox 1140 2745 1332 2792; x_wconf 89' lang='lat' dir='ltr'>credibile,</span> <span class='ocrx_word' id='word_1_353' title='bbox 1351 2750 1524 2784; x_wconf 85' lang='lat' dir='ltr'>monente</span> <span class='ocrx_word' id='word_1_354' title='bbox 1543 2745 1660 2783; x_wconf 87' lang='lat' dir='ltr'>Beck-</span> 
     </span>
     <span class='ocr_line' id='line_1_38' title="bbox 153 2811 1663 2864; baseline 0.001 -18"><span class='ocrx_word' id='word_1_355' title='bbox 153 2823 275 2851; x_wconf 83' lang='lat' dir='ltr'>mann,</span> <span class='ocrx_word' id='word_1_356' title='bbox 296 2811 395 2847; x_wconf 87' lang='lat' dir='ltr'>Hist.</span> <span class='ocrx_word' id='word_1_357' title='bbox 414 2812 551 2850; x_wconf 77' lang='lat' dir='ltr'>invent.</span> <span class='ocrx_word' id='word_1_358' title='bbox 569 2813 618 2850; x_wconf 92' lang='lat' dir='ltr'>lV</span> <span class='ocrx_word' id='word_1_359' title='bbox 638 2827 674 2864; x_wconf 93' lang='lat' dir='ltr'>p.</span> <span class='ocrx_word' id='word_1_360' title='bbox 692 2815 790 2860; x_wconf 81' lang='lat'>327,</span> <span class='ocrx_word' id='word_1_361' title='bbox 809 2826 881 2862; x_wconf 91' lang='lat' dir='ltr'>quo</span> <span class='ocrx_word' id='word_1_362' title='bbox 903 2814 1014 2851; x_wconf 89' lang='lat' dir='ltr'>utitur</span> <span class='ocrx_word' id='word_1_363' title='bbox 1032 2814 1192 2851; x_wconf 87' lang='lat' dir='ltr'>Heeren.</span> <span class='ocrx_word' id='word_1_364' title='bbox 1210 2812 1233 2849; x_wconf 94' lang='lat' dir='ltr'>l.</span> <span class='ocrx_word' id='word_1_365' title='bbox 1250 2812 1272 2849; x_wconf 94' lang='lat' dir='ltr'>l.</span> <span class='ocrx_word' id='word_1_366' title='bbox 1295 2812 1341 2861; x_wconf 86' lang='grc' dir='ltr'>Π,</span> <span class='ocrx_word' id='word_1_367' title='bbox 1365 2816 1387 2854; x_wconf 90' lang='grc'>1</span> <span class='ocrx_word' id='word_1_368' title='bbox 1408 2827 1445 2864; x_wconf 90' lang='lat' dir='ltr'>p.</span> <span class='ocrx_word' id='word_1_369' title='bbox 1466 2812 1556 2852; x_wconf 86' lang='lat'>174.</span> <span class='ocrx_word' id='word_1_370' title='bbox 1586 2813 1663 2849; x_wconf 91' lang='lat' dir='ltr'>Ro-</span> 
     </span>
     <span class='ocr_line' id='line_1_39' title="bbox 154 2878 1661 2929; baseline 0.001 -15"><span class='ocrx_word' id='word_1_371' title='bbox 154 2879 249 2915; x_wconf 86' lang='lat' dir='ltr'>mani</span> <span class='ocrx_word' id='word_1_372' title='bbox 270 2878 449 2917; x_wconf 88' lang='lat' dir='ltr'>vocabant</span> <span class='ocrx_word' id='word_1_373' title='bbox 462 2879 641 2929; x_wconf 80' lang='lat' dir='ltr'>plumbum</span> <span class='ocrx_word' id='word_1_374' title='bbox 662 2880 778 2918; x_wconf 76' lang='lat' dir='ltr'>album</span> <span class='ocrx_word' id='word_1_375' title='bbox 790 2910 799 2929; x_wconf 86' lang='lat'>,</span> <span class='ocrx_word' id='word_1_376' title='bbox 832 2882 1012 2920; x_wconf 84' lang='lat' dir='ltr'>diversum</span> <span class='ocrx_word' id='word_1_377' title='bbox 1030 2881 1116 2918; x_wconf 87' lang='lat' dir='ltr'>illud</span> <span class='ocrx_word' id='word_1_378' title='bbox 1136 2881 1282 2929; x_wconf 86' lang='lat' dir='ltr'>quidem</span> <span class='ocrx_word' id='word_1_379' title='bbox 1301 2881 1346 2918; x_wconf 80' lang='lat' dir='ltr'>ab</span> <span class='ocrx_word' id='word_1_380' title='bbox 1370 2892 1413 2917; x_wconf 92' lang='lat' dir='ltr'>eo</span> <span class='ocrx_word' id='word_1_381' title='bbox 1426 2908 1436 2927; x_wconf 95' lang='lat'>,</span> <span class='ocrx_word' id='word_1_382' title='bbox 1479 2879 1578 2928; x_wconf 90' lang='lat' dir='ltr'>quod</span> <span class='ocrx_word' id='word_1_383' title='bbox 1600 2891 1661 2916; x_wconf 91' lang='lat' dir='ltr'>ve-</span> 
     </span>
    </p>
   </div>
  </div>
 </body>
</html>
