1904 3304
1116 186 1142 219 “x

590 235 1294 276 MELPOMENE.1V.·

1488 236 1572 276 365

274 348 535 404 ΞΘυγατέρα
573 347 658 402 γάρ
690 347 912 402 Ζωπύρου
951 351 1032 391 τοῦ
1063 344 1329 402 Μεγαβύζου
1370 343 1572 400 ἐβιήσατο

301 419 547 473 παρθένον·
587 418 732 461 ἔπειτα
762 419 995 473 μέλλοντος
1024 416 1163 461 αὐτοῦ
1193 418 1264 460 διὰ
1300 416 1464 473 ταύτην
1494 416 1574 472 τὴν

301 492 443 546 αἰτίην
479 487 895 533 ἀνασκολοπιεῖσθαι
931 490 1017 533 ὑπό
1057 489 1226 542 Ξέρξεω
1274 488 1501 543 βασιλέος,
1541 486 1598 543 ἡ1

301 560 439 617 μήτηρ
485 565 565 603 τοῦ
617 560 896 612 Σατάσπεος,
953 562 1085 605 ἐοῦσα
1129 561 1322 615 Δαρείου
1369 558 1571 615 ἀδελφεή,

299 631 622 688 παραιτήσατο,
658 633 780 687 φᾶσά
811 636 853 676 οἱ
884 631 995 689 αύτι)
1025 634 1134 688 μέζω
1166 634 1318 688 ζημίην
1349 631 1573 686 ἐπιθήσειν

301 703 410 759 ἤπερ
458 704 646 746 ἐκεῖνον·
707 701 879 759 Λιβύην
922 701 1006 758 γάρ
1055 704 1098 745 οἷ
1145 702 1345 758 ἀνάγκην
1399 703 1575 746 ἔσεσθαι

301 773 586 828 περιπλώειν,
619 775 662 825 ἐς
691 773 715 818 ὃ
740 772 795 816 ἄν
813 773 1043 829 ἀπίκηται,
1072 775 1317 827 περιπλέων
1337 772 1498 828 αὐτην,
1531 773 1574 824 ές

272 845 383 889 3τὸν
417 844 624 901 Ἀράβιον
665 844 845 889 κόλπον.
911 843 1276 900 συγχωρήσαντος
1313 844 1357 888 δὲ
1397 846 1600 898 Ξέρξεωό

302 916 372 960 ἐπὶ
400 917 615 969 τούτοισι,
647 915 670 960 ὁ
702 915 939 971 Σατάσπης
969 914 1233 971 ἀπικόμενος
1262 917 1305 966 ές
1333 918 1573 970 Αἴγυπτον,

300 989 374 1032 καὶ
403 989 552 1043 λαβών
581 987 658 1031 νέα
688 1005 731 1031 τε
762 988 836 1031 καὶ
867 985 1031 1036 ναύτας
1060 987 1180 1041 παρα
1221 986 1414 1039 τούτων,
1453 987 1574 1030 ἔπλεε

272 1059 420 1112 4παρὰ
447 1058 709 1115 ἹΙρακληΐας
739 1058 907 1114 στήλας.
967 1058 1236 1109 διεκπλώσας
1267 1059 1334 1108 δὲ,
1364 1059 1438 1101 καὶ
1466 1058 1574 1114 κάμ-

301 1138 387 1182 ψας
416 1130 464 1174 τὸ
491 1129 769 1187 ἀκρωτήριον
792 1134 866 1186 τῆς
892 1129 1081 1186 Λιβύης,
1112 1133 1173 1186 τῷ
1200 1129 1373 1184 οὔνομα
1395 1129 1575 1180 Σολόεις
1592 1137 1633 1169 10

302 1202 415 1255 ἐστὶ,
449 1202 567 1245 ἔπλεε
597 1201 707 1256 πρὸς
727 1204 1023 1258 μεσαμβρίην·
1059 1201 1250 1257 περήσας
1275 1201 1320 1244 δὲ
1342 1200 1575 1245 θάλασσαν

302 1272 468 1328 πολλὴν
499 1274 546 1316 έν
577 1278 777 1316 πολλοῖσι
808 1271 979 1328 μήνεσι,
1011 1272 1100 1315 ἐπεί
1119 1289 1163 1315 τε
1183 1275 1262 1315 τοῦ
1284 1276 1473 1323 πλεῦνος
1493 1273 1576 1315 αἰεὶ

274 1343 415 1393 ὅέδεε,
447 1341 724 1396 ἀποστρέψεις
755 1341 915 1393 ὀπίσω,
947 1340 1128 1386 ἀπέπλεε
1160 1343 1201 1393 ἐς
1221 1344 1457 1397 Αἴγυπτον.
1503 1341 1574 1385 Ἐκ

305 1413 351 1456 δὲ
382 1413 541 1470 ταύτης
572 1413 834 1470 ἀπικόμενος
871 1414 991 1468 παρὰ
1022 1414 1202 1469 βασιλέα
1233 1414 1418 1468 Ξέρξεα,
1463 1413 1577 1470 ἔλεγε

305 1483 392 1539 φας
412 1484 464 1526 τά
482 1486 749 1540 προσωτάτω
775 1484 1042 1540 ἀνθρώπους
1065 1485 1277 1540 σμικροὺς
1295 1485 1577 1539 παραπλέειν,
1593 1492 1633 1524 15

303 1555 453 1610 ἐσθῆτι
503 1560 732 1613 φοινικηίῃ
783 1556 1146 1612 διαχρεωμένους·
1198 1559 1260 1608 οἳ,
1301 1556 1415 1606 ὅκως
1455 1561 1579 1611 σφεῖς

303 1629 564 1684 καταγοίατο
595 1632 648 1684 τῇ
677 1629 770 1683 νηῒ,

302 1714 456 1749 ποντες
485 1697 562 1749 τὰς
589 1698 770 1750 πόλιας·

305 1853 454 1904 ναύτας
485 1853 592 1907 παρὰ
621 1852 792 1908 τούτων]
841 1857 910 1895 Ae-

248 1915 392 1964 gyptii,
446 1915 598 1965 opinor,
657 1913 910 1962 intelliguntur

250 1975 405 2016 nautae,
445 1983 466 2007 a
495 1971 624 2019 quibus
654 1976 690 2008 et
718 1982 847 2007 navem
873 1974 909 2008 et

250 2032 378 2064 nautas
400 2029 593 2077 acceperit.
632 2022 784 2065 τούτων
809 2026 908 2063 exhi-

251 2084 310 2120 bui
331 2096 410 2120 cum
428 2084 544 2120 Gaisf.
563 2096 630 2133 pro
652 2081 832 2121 τουτέων.
856 2107 907 2112 -

251 2139 308 2177 De
331 2139 492 2176 Soloente
511 2141 781 2190 promontorio,
810 2141 910 2188 quod

249 2195 451 2233 Bennelius
484 2209 570 2247 pag.
596 2197 688 2236 567.
716 2196 820 2242 704,
862 2197 911 2232 ad

249 2254 538 2302 promontorium
585 2251 728 2289 Kantin
784 2252 911 2299 refert,

251 2310 404 2346 diximus
437 2311 484 2346 ad
508 2310 554 2356 ΙΙ,
584 2311 650 2349 32.
679 2331 734 2336 -
767 2305 911 2359 μήνεσι

249 2379 327 2402 cum
344 2371 496 2404 recentt.
511 2367 594 2404 edd.
608 2366 694 2403 dedi
712 2378 779 2416 pro
802 2366 909 2416 μησί.

250 2422 307 2458 Cf.
326 2422 426 2470 vill,
447 2423 514 2463 51.

308 2477 393 2518 ἐπεί
430 2494 470 2518 τε
505 2481 579 2518 τοῦ
621 2480 792 2525 πλεῦνος
831 2477 909 2517 αἰεὶ

253 2532 346 2584 ἔδεε]
396 2537 417 2572 i.
449 2550 480 2573 e.
520 2549 595 2572 cum
632 2548 762 2585 semper
797 2538 909 2572 maior

249 2603 335 2639 pars
363 2591 540 2641 (itineris)
561 2592 679 2629 adhuc
699 2592 847 2630 deesset.
879 2605 908 2630 s.

253 2659 332 2683 cum
355 2649 468 2684 maior
490 2662 633 2699 semper
662 2650 800 2686 itineris
822 2662 908 2699 pars

254 2709 462 2752 superesset
491 2707 728 2771 copficienda.
765 2727 817 2732 —
849 2705 908 2742 Ad

253 2753 508 2810 α’ποστρέψας
530 2757 653 2801 ὀπίσω
678 2763 822 2810 cf.111,
856 2764 905 2803 16

253 2815 340 2864 ibiq.
389 2820 481 2853 nott.
521 2838 575 2844 —
623 2817 785 2869 βασιλέα
825 2832 905 2856 cum

254 2871 370 2908 Gaisf.
396 2875 541 2923 reposui
559 2887 624 2924 pro
646 2875 828 2926 βασιλῆα.
849 2896 904 2903 -

803 1627 1048 1683 φεύγεσκον
1075 1626 1186 1681 πρὸς
1212 1627 1266 1670 τὰ
1297 1626 1462 1681 οὔρεα,
1494 1629 1578 1670 λεί-

818 1698 944 1743 αὐτοὶ
975 1699 1021 1742 δὲ
1058 1698 1246 1743 ἀδικέειν
1276 1697 1410 1743 οὐδὲν
1439 1698 1576 1743 ἐσιόν-

967 1857 1008 1894 In
1030 1857 1212 1895 locutione
1243 1856 1347 1908 ἔλεγε
1375 1853 1459 1905 φάς
1481 1871 1527 1896 ne
1544 1857 1632 1895 hae-

966 1927 1111 1951 reamus
1127 1943 1137 1962 ‚
1172 1915 1265 1951 conf.
1293 1914 1354 1960 ΙΙΙ,
1378 1917 1467 1956 156.
1501 1914 1544 1960 V,
1566 1916 1633 1955 36.

966 1968 1032 2010 49.
1064 1971 1216 2008 W'eiske
1247 1972 1293 2008 de
1321 1970 1522 2021 pleonasm.
1542 1971 1631 2019 ling.

967 2027 1032 2063 Gr.
1061 2041 1097 2077 p.
1134 2030 1224 2068 112.
1265 2027 1319 2064 Ac
1346 2027 1629 2076 Schweighaeu-

967 2095 1069 2120 serus
1097 2084 1217 2121 inesse
1241 2084 1292 2120 ait
1316 2096 1396 2120 eam
1422 2084 1514 2131 vim,
1555 2084 1628 2133 qua

967 2139 1089 2176 valeat
1106 2142 1263 2189 perrexit
1285 2139 1407 2176 (licere.

1024 2195 1166 2243 ἐσθῆτι
1198 2197 1408 2249 φοινικηίῃ
1444 2196 1628 2245 διαχρεω-

968 2250 1128 2302 μένους]
1160 2252 1363 2290 Larcherus
1380 2253 1533 2301 intelligi
1556 2252 1630 2289 vult

967 2322 1041 2346 non
1057 2322 1258 2359 purpureas
1277 2313 1398 2357 vestes,
1425 2315 1463 2346 ut
1482 2309 1626 2358 reliqui,

967 2366 1032 2402 sed
1063 2370 1170 2402 vestes
1199 2379 1216 2402 e
1236 2366 1380 2416 palmae
1412 2368 1539 2402 cortice
1570 2366 1624 2402 vel

957 2421 1062 2472 foliis
1101 2421 1297 2472 confectas,
1365 2422 1492 2472 quales
1543 2421 1628 2458 olim

965 2479 1275 2517 Anachoretarum
1289 2480 1432 2516 fuerint.
1443 2501 1498 2507 -—
1509 2474 1627 2517 κατα-

966 2539 1110 2586 γεσθαι
1133 2537 1205 2586 νηῒ
1226 2541 1281 2573 est
1304 2537 1390 2572 navi
1410 2536 1459 2572 acl
1485 2539 1626 2581 terram,

967 2592 1017 2629 ad
1045 2592 1130 2628 litus
1160 2593 1357 2642 appellere,
1394 2598 1433 2629 ut
1452 2592 1555 2639 vill,
1586 2594 1624 2631 4.

967 2648 1007 2685 ln
1026 2662 1131 2698 seqq.
1155 2650 1297 2686 exhibui
1321 2645 1492 2694 ἐσιόντες
1507 2678 1517 2695 ,
1545 2661 1625 2685 cum

965 2706 1029 2742 sit:
1082 2707 1278 2752 intrantes,
1317 2707 1408 2742 intro
1439 2705 1487 2742 ad
1524 2705 1625 2740 urbes

963 2761 1106 2798 aedesve
1135 2763 1348 2799 accedentes.
1374 2783 1429 2790 —
1446 2758 1626 2813 πρόβατα

963 2819 1050 2868 quid
1082 2819 1176 2867 sint,
1223 2820 1330 2868 attigi
1368 2819 1416 2855 ad
1456 2819 1492 2864 Ι,
1536 2818 1624 2857 133.

960 2875 1014 2922 ΙΙ,
1045 2874 1111 2915 41.
