1904 3304
346 277 429 315 460

317 388 338 421 5
351 383 461 435 τρία.

731 275 1195 315 HERODOTI

521 383 564 426 οἵ
593 382 638 425 δέ
677 398 751 437 μιν
787 380 970 424 ἐπόθεόν
1008 398 1072 436 τε,
1114 385 1183 427 καὶ
1214 384 1419 429 ἐπένθεον
1449 386 1504 438 ὡς
1534 404 1593 430 τε-

340 455 532 495 θνεῶτα·
593 451 774 509 τετάρτῳ
810 452 855 494 δὲ
887 452 969 495 ἔτεϊ
996 452 1136 509 ἐφάνη
1166 461 1278 499 τοῖσι
1310 456 1469 513 Θρήϊξι.
1521 459 1592 500 καὶ

343 522 457 566 οὕτω
496 520 664 565 πιθανά
707 534 784 576 σφι
834 521 996 577 ἐγένετο
1045 523 1097 566 τοὶ
1141 524 1252 580 ἔλεγε
1300 524 1323 568 ὁ
1370 526 1590 583 Ζάλμοξις.

216 603 282 647 96
340 591 475 635 ταῦτά
505 593 614 647 φασί
641 608 715 647 μιν
743 595 931 649 ποιῆσαι.

286 754 387 801 171)
413 753 606 790 Herodoto
634 759 869 792 narraverant
891 755 939 791 ad

284 809 562 859 Hellespontum
590 813 628 846 et
653 809 807 847 Pontum
835 812 938 847 habi-

283 869 403 902 tantes
426 865 580 911 Graeci,
620 877 642 901 a
664 878 814 914 quorum
843 868 939 904 iudi-

283 922 337 958 cio
360 921 533 958 hactenus
558 934 659 957 suum
689 922 859 960 iudicium
882 937 939 961 se-

283 977 400 1025 iungit
426 990 543 1013 rerum
565 978 729 1027 scriptor,
753 980 851 1028 quod
865 980 940 1016 Za-

281 1033 414 1069 molxin
435 1033 555 1069 multis
579 1034 683 1070 annis
707 1039 790 1072 ante
802 1035 935 1084 Pytha-

282 1102 410 1137 goram
438 1090 568 1126 vixisse
586 1090 720 1126 statuit.
741 1089 777 1140 *)
817 1092 935 1135 Quam

281 1157 356 1182 rem
379 1146 414 1182 in
436 1146 556 1182 medio
579 1146 733 1194 positam
753 1147 936 1195 relinqua-

280 1213 377 1237 mus:
418 1201 504 1237 illud
527 1206 683 1243 certum,
714 1202 794 1237 vivo
817 1202 937 1238 Hero-

279 1257 370 1292 doto
397 1269 438 1292 ac
463 1258 617 1293 florente
642 1257 774 1293 familia
799 1258 935 1294 doctri-

280 1312 400 1360 naque
450 1311 703 1360 Pythagorae,
770 1314 933 1351 Graecos

280 1367 545 1417 Pythagoreum
592 1368 725 1406 dixisse
761 1369 933 1420 placitum

278 1424 365 1460 illud
403 1424 704 1470 immortalitatis,
743 1439 864 1474 neque
897 1427 934 1463 in

279 1492 323 1517 ea
343 1493 382 1517 re
402 1481 489 1530 ipsis
510 1480 656 1529 obloqui
676 1481 846 1519 historiae
869 1495 935 1532 pa-

277 1541 380 1572 trem.
396 1537 421 1555 “
469 1536 631 1585 Indeque
650 1542 768 1584 recte,
799 1539 828 1575 si
848 1540 935 1587 quid

276 1593 408 1638 video,
439 1592 593 1629 Krische
617 1594 652 1629 in
672 1595 867 1643 scriptione
886 1595 934 1631 ad

279 1648 350 1694 lv,
378 1649 431 1688 36
455 1649 585 1693 citata,
627 1661 712 1698 pag.
733 1652 786 1690 66
810 1663 934 1687 narra-

278 1704 415 1740 tionem
439 1704 486 1741 de
507 1704 671 1741 Zalmoxi
698 1718 718 1742 e
744 1706 933 1755 Pythago-

277 1761 350 1797 rica
378 1761 544 1796 doctrina
567 1761 613 1798 de
640 1762 760 1798 anima
787 1763 933 1812 potissi-

277 1829 373 1852 mum
396 1821 539 1853 enatam
562 1817 674 1854 videri
696 1820 829 1855 statuit.
886 1818 932 1855 Et

278 1884 366 1909 sane
387 1873 501 1908 omnis
526 1873 573 1910 de
590 1873 753 1909 Zalmoxi
773 1875 931 1911 narratio

279 1928 376 1964 haud
393 1928 462 1964 alio
485 1933 649 1977 spectare
665 1930 808 1967 videtur
823 1943 931 1979 quam

277 1997 350 2032 quo
371 1984 552 2033 pertinent
573 1985 715 2022 fabulae
736 1986 782 2023 de
802 1986 932 2023 Abari-

276 2041 322 2076 de
343 2039 515 2089 (quocum
538 2040 572 2076 in
593 2040 752 2078 Platonis
770 2041 829 2079 1.1.
852 2043 930 2078 iun·

275 2096 376 2144 gitur
405 2094 606 2147 Zalmoxis)
636 2103 673 2134 et
705 2098 752 2134 de
775 2097 930 2145 Aristea,

275 2165 365 2200 quas
395 2165 504 2200 supra
533 2154 741 2201 attigimus,
781 2155 826 2190 ad
850 2155 929 2191 ani-

274 2221 412 2244 marum
431 2209 704 2246 immortalitatis
717 2211 931 2259 doctrinam,

275 2265 427 2314 opinor,
459 2277 479 2301 e
502 2265 656 2302 Graecia
675 2267 752 2316 ipsa
772 2279 792 2302 a
811 2267 929 2304 Grae-

275 2321 325 2355 cis
347 2321 568 2369 sapientibus
589 2322 662 2358 sive
681 2323 929 2360 sacerdotibus

275 2376 323 2411 ad
366 2376 475 2413 rudes
520 2377 716 2414 borealium
760 2379 929 2428 Europae

274 2435 454 2468 tractuum
479 2432 612 2468 incolas
632 2433 787 2480 allatam,
818 2436 928 2471 sacris

275 2490 424 2524 secretis
452 2489 526 2525 sive
556 2490 735 2536 mysteriis
760 2491 929 2527 traditam

275 2547 313 2580 et
331 2543 507 2580 firmatam
523 2571 535 2590 ‚
573 2558 620 2581 ne
643 2546 716 2582 scil.
745 2550 806 2582 aut
831 2546 930 2584 labe-

273 2600 468 2637 factaretur
495 2605 557 2637 aut
582 2614 729 2650 prorsus
756 2603 929 2639 interiret.

276 2655 327 2692 Ut
352 2657 446 2693 enim
469 2657 557 2693 haec
577 2669 677 2694 sacra
700 2670 743 2695 ex
764 2658 865 2694 India
887 2659 927 2695 il-

987 592 1091 649 Ἐγώ
1124 595 1168 638 δὲ
1201 597 1296 650 περὶ
1326 596 1405 652 μὲν
1431 597 1590 641 τούτου
1654 613 1737 655 325

994 757 1051 793 luc
1071 756 1223 794 advecta
1252 757 1416 804 credam,
1457 758 1553 795 haud
1582 760 1646 796 im-

994 816 1138 862 petrare
1157 826 1178 850 a
1199 826 1256 850 me
1272 821 1432 863 possum.
1464 814 1547 857 Quo
1562 829 1647 865 pro-

995 868 1146 905 babilius
1175 869 1242 906 hoc
1271 869 1436 915 videtur,
1478 869 1571 907 hanc
1601 872 1647 909 de

994 926 1136 962 animae
1162 925 1428 964 immortalitate
1449 926 1647 964 doctrinam

994 982 1092 1030 apud
1133 981 1294 1019 Graecos
1346 995 1424 1019 cum
1465 983 1646 1032 mysteriis

992 1036 1174 1073 Bacchicis
1198 1042 1336 1074 mature
1362 1039 1473 1075 fuisse
1497 1040 1647 1075 coniun-

993 1096 1110 1138 ctam,
1150 1106 1244 1142 quae
1283 1095 1361 1143 ipsa
1397 1095 1645 1143 antiquissimo

992 1160 1081 1184 aevo
1119 1149 1164 1185 ab
1196 1149 1344 1198 Orpheo
1383 1150 1419 1186 in
1450 1150 1644 1187 Thraciam

993 1204 1151 1240 adducta
1183 1205 1341 1253 indeque
1376 1205 1479 1241 latius
1512 1219 1646 1255 propa-

993 1264 1078 1306 gata
1099 1272 1178 1297 esse
1197 1261 1376 1296 dicuntur.
1407 1262 1645 1298 Cs.Creuzer.

992 1315 1152 1363 Symbol.
1174 1316 1206 1352 ΙΙ
1227 1328 1311 1365 pag.
1332 1318 1425 1356 299.
1470 1316 1499 1353 A
1522 1317 1644 1354 Thra-

992 1372 1048 1408 cia
1079 1372 1188 1419 igitur
1214 1372 1302 1409 haec
1337 1385 1438 1409 sacra
1466 1373 1536 1409 una
1565 1387 1645 1410 cum

992 1428 1059 1463 ista
1080 1429 1244 1464 doctrina
1259 1429 1547 1478 septentrionem
1565 1442 1646 1467 ver-

993 1496 1052 1520 sus
1073 1485 1118 1520 ad
1142 1485 1256 1520 Getas
1278 1485 1525 1534 Scythasque,
1556 1485 1643 1523 alias

992 1544 1121 1587 gentes
1144 1541 1179 1576 in
1197 1540 1333 1578 boreali
1354 1541 1520 1591 Europae
1541 1547 1644 1591 parte

990 1596 1224 1641 habitantes,
1283 1596 1456 1633 translata
1495 1609 1575 1634 esse
1613 1598 1643 1634 si

990 1653 1137 1700 quidem
1171 1664 1244 1688 non
1275 1665 1420 1702 prorsus
1458 1652 1643 1703 improba-

990 1708 1060 1744 bile
1101 1708 1263 1754 videtur,
1323 1708 1505 1745 Zalmoxis
1546 1709 1642 1746 haud

989 1764 1061 1800 scio
1091 1776 1137 1800 an
1167 1765 1295 1801 eodem
1320 1777 1392 1813 quo
1416 1764 1641 1814 Pythagoras

988 1821 1063 1856 iure
1088 1819 1262 1868 Orphz'cus
1295 1826 1331 1858 et
1360 1820 1484 1857 haberi
1513 1826 1549 1857 et
1570 1822 1640 1858 dici

989 1880 1117 1924 queat,
1148 1889 1226 1913 cum
1250 1883 1399 1925 uterque
1420 1889 1462 1913 ex
1486 1889 1558 1914 uno
1579 1890 1642 1914 eo-

988 1933 1145 1980 demque
1167 1933 1339 1981 antiquae
1356 1932 1543 1970 doctrinae
1560 1934 1633 1970 son-

988 1992 1043 2033 te,
1085 2000 1179 2036 quae
1210 1989 1346 2038 Orphei
1384 1990 1529 2026 nomine
1560 2001 1639 2026 ma-

988 2045 1081 2080 xime
1100 2043 1281 2081 celebrata
1296 2049 1363 2091 est,
1393 2057 1456 2081 sua
1476 2045 1640 2083 hausisse

987 2099 1167 2149 latiusque
1204 2113 1426 2151 propagasse
1464 2102 1639 2139 videatur.

988 2156 1093 2199 Quae
1119 2169 1199 2193 cum
1224 2158 1274 2193 ita
1301 2158 1395 2204 sint,
1435 2162 1566 2207 sponte
1585 2158 1640 2194 in-

986 2212 1176 2261 telligitur,
1225 2213 1313 2261 quid
1346 2216 1391 2249 de
1422 2213 1639 2250 Dahlmanni

987 2269 1146 2315 (Herod.
1166 2282 1201 2318 p.
1228 2269 1326 2315 155)
1348 2271 1525 2306 sententia
1545 2269 1637 2305 iudi-

988 2326 1140 2361 candum
1163 2326 1227 2369 sit,
1255 2326 1326 2374 qua
1349 2326 1464 2362 omnis
1483 2325 1571 2362 haec
1590 2325 1637 2362 de

985 2380 1149 2416 Zalmoxi
1187 2382 1344 2418 narratio
1373 2393 1416 2418 ex
1453 2382 1636 2417 nominum

986 2436 1219 2474 similitudine
1234 2438 1388 2486 quadam
1405 2437 1549 2474 fluxisse
1565 2450 1635 2486 pua

984 2494 1096 2529 tanda
1115 2494 1180 2539 sit,
1217 2493 1267 2529 ita
1286 2498 1327 2530 ut
1350 2492 1523 2529 Getarum
1547 2493 1635 2529 deus

986 2549 1155 2598 indigena
1175 2549 1267 2585 forte
1293 2550 1435 2585 fortuna
1457 2549 1548 2584 idem
1569 2561 1636 2584 no-

985 2617 1068 2641 men
1100 2605 1263 2641 habuerit
1293 2609 1401 2653 atque
1432 2617 1523 2641 unus
1555 2605 1635 2654 qui-

984 2661 1066 2697 dam
1089 2673 1109 2697 e
1130 2660 1358 2709 Pythagorae
1378 2660 1570 2711 discipulis.

365 2771 397 2809 ‘)
432 2772 552 2807 „Facit
573 2773 610 2803 ea
636 2773 666 2803 in
696 2783 730 2803 re
751 2783 818 2804 cum
840 2774 956 2804 Nostro
975 2774 1157 2806 Hellanicus
1175 2775 1306 2806 Lesbius
1328 2778 1375 2807 vel
1407 2779 1508 2817 potius
1527 2778 1633 2808 Hero-

273 2817 369 2848 dotea
397 2818 501 2848 intulit
527 2819 605 2849 libro
625 2828 698 2849 suo:
731 2819 809 2856 τοῖς
834 2816 1073 2862 βαρβαρικοῖς
1091 2816 1229 2861 νόμοις.

1288 2823 1333 2852 Cf.
1362 2823 1499 2863 Etymol.
1532 2833 1633 2863 magn.

273 2873 299 2892 s.
336 2873 365 2894 v.
402 2858 577 2904 Ζάμολξις
613 2868 645 2895 et
672 2866 826 2896 Sturzium
854 2866 946 2897 docte
972 2867 1031 2897 hac
1061 2866 1100 2896 de
1131 2877 1165 2897 re
1194 2872 1369 2900 monentem
1401 2869 1442 2900 ad
1475 2869 1633 2900 Hellanici

271 2908 411 2949 fragmm.
435 2920 464 2951 p.
489 2913 526 2941 13
549 2913 581 2941 et
598 2919 641 2942 nr.
661 2911 749 2942 XXV
769 2921 797 2953 p.
822 2913 906 2944 ϋ4.“

957 2911 1160 2944 Creuzer.
