1904 3304
596 241 1050 282 THALIA.111.

1375 245 1460 285 127

163 353 478 412 4Μεγάβυζον·
531 352 792 410 Ἀσπαθίνης
830 354 896 402 δὲ,
934 352 1158 409 Ὑδάρνεα.
1216 352 1515 409 γεγονότωνὲδ

191 428 236 470 δὲ
264 425 434 469 τούτων
461 427 526 479 ἓξ,
571 428 854 483 παραγίνεται
883 426 924 478 ἐς
952 426 1005 469 τὰ
1032 429 1189 469 Σοῦσα
1218 429 1405 479 Δαρεῖος
1433 424 1457 469 ὁ

132 562 168 598 in
209 557 305 615 ὅτεῳ
343 562 625 600 convertendum
671 565 795 600 censet

132 620 265 656 Struve
283 620 391 669 Spec.
422 619 434 656 1
462 620 614 663 Quaest.
641 620 686 656 de
707 619 792 655 dial.

131 674 271 714 Herod.
292 689 324 725 p.
355 676 415 716 14.
438 675 503 715 46.
528 697 573 702 —-
610 675 682 711 Pro
706 678 793 713 siss-

131 727 306 782 γάβυζον
322 745 412 767 unus
427 731 516 768 liber
532 728 792 783 .Wryc1·ssc2{,‘ov;

133 800 227 836 quae
247 789 375 825 eadem
398 788 562 826 lectionis
581 790 733 825 varietas
755 789 791 824 in

133 845 280 881 Ctesiae
305 845 488 896 Excerptt.
515 846 634 882 Pers-s.
667 843 703 895 ἓ.
726 848 791 886 22.

134 902 209 947 23,
241 901 301 937 ubi
323 902 394 941 vid.
413 915 507 951 quae
527 902 573 938 de
591 902 658 938 hoc
678 901 793 938 nomi-

133 969 179 994 ne
195 957 381 994 attulimus
400 971 483 1007 pag.
505 961 596 998 157.

191 1012 229 1060 ἐς
245 1011 291 1052 τά
313 1016 450 1052 Σοῦσα
470 1036 526 1041 --
546 1013 587 1053 ἐκ
606 1011 793 1064 Περσέων

132 1065 266 1120 ἥκων]
306 1071 412 1107 Conf.
432 1083 525 1119 quae
545 1072 591 1108 de
613 1071 718 1108 Susis
738 1070 794 1106 di-

133 1127 249 1163 ximus
271 1127 317 1163 ad
337 1127 400 1173 111,
427 1129 492 1168 68.
540 1128 645 1171 Quae
666 1127 751 1164 urbs
773 1139 794 1163 a

134 1183 233 1232 Cyro
263 1185 459 1220 constituta
481 1184 581 1232 regia
600 1186 729 1231 sedes,
772 1195 794 1219 a

134 1240 289 1290 posteris
313 1241 456 1288 regibus
481 1242 585 1278 valde
614 1246 719 1277 aucta
740 1244 795 1276 at-

135 1308 207 1344 que
242 1296 460 1345 amplificata
486 1302 560 1342 est3
600 1298 636 1334 in
664 1297 794 1345 quibus

136 1352 254 1402 ipsum
280 1352 429 1389 Darium
459 1353 654 1402 Hystaspis
685 1353 797 1389 fuisse

139 1421 182 1445 ex
209 1408 348 1445 Aelian.
371 1409 419 1446 N.
442 1407 487 1446 A.
512 1410 539 1456 l,
568 1412 620 1450 59
646 1409 796 1458 collig03

138 1477 160 1500 a
183 1477 255 1513 quo
279 1478 367 1513 rege
394 1467 493 1515 quod
519 1467 654 1502 Plinius
672 1466 720 1502 H.
746 1464 794 1502 N.

137 1520 200 1567 Vl,
218 1523 271 1561 27
294 1522 387 1567 (31)
418 1523 513 1559 Susa
544 1523 688 1559 condita
716 1534 796 1559 esse

136 1577 279 1623 scribit,
311 1577 367 1614 hic
389 1579 465 1627 ipse
492 1579 674 1616 Herodoti
697 1578 795 1614 locus

137 1634 226 1669 satis
256 1636 475 1671 contrarium
502 1637 632 1684 arguit.
685 1633 796 1685 Apud

135 1694 276 1726 veteres
307 1691 450 1728 aedium
491 1692 685 1742 splendore
720 1704 798 1728 am-

138 1746 307 1795 bitusque
352 1749 605 1797 magnitudine
646 1747 796 1785 multum

136 1802 316 1840 celebrata
348 1804 437 1841 haec
468 1806 576 1850 urb53
615 1805 662 1842 de
694 1804 796 1841 cuius

135 1864 256 1895 tamen
290 1860 362 1896 situ
389 1861 445 1896 vix
465 1861 648 1910 hodieque
670 1860 795 1909 liquet.

138 1915 233 1951 Sunt
248 1916 363 1962 enim,
404 1918 465 1965 qui
494 1918 650 1954 liliorum
678 1918 796 1953 urbem

139 1971 226 2017 (hoc
256 1972 349 2008 enim
381 1973 478 2009 urbis
506 1987 640 2011 nomen
667 1986 798 2011 sonare

138 2026 282 2075 volunt)
310 2029 345 2064 in
372 2041 416 2065 eo
442 2028 521 2066 loco
551 2030 797 2078 quaerendam

138 2088 299 2133 putent,
367 2085 430 2133 qui
486 2086 597 2123 hodie
652 2090 799 2123 vocatur

141 2138 322 2185 Sclzus‹;h;
362 2154 442 2177 cum
475 2142 533 2179 alii
565 2156 644 2180 eum
674 2142 797 2192 potius

138 2197 359 2233 constituant
378 2197 514 2244 locum,
546 2200 602 2236 cui
619 2212 715 2236 nunc
732 2211 799 2234 no-

136 2264 221 2289 men
247 2252 428 2290 Scleuster.
488 2255 549 2292 Tu
580 2257 675 2292 conf.
698 2256 799 2292 Hee-

138 2321 214 2346 ren.
236 2309 348 2347 Ideen
381 2310 407 2354 Ι,
434 2314 451 2350 1
483 2325 519 2361 p.
545 2314 628 2352 300
651 2325 726 2361 seq.
763 2315 799 2348 et

139 2378 234 2413 quae
263 2367 310 2402 ad
328 2367 488 2404 Ctesiam
512 2381 597 2417 pag.
620 2368 699 2409 124
720 2368 799 2404 lau-

139 2421 232 2457 davi.
268 2443 324 2449 —
371 2422 558 2474 Περσέων
600 2426 717 2462 refero
750 2425 798 2461 ad

138 2484 270 2515 terram
297 2479 490 2517 Persarum
515 2482 694 2531 patriam,
725 2482 798 2519 sive

141 2531 317 2571 Persidem
328 2565 339 2582 ,
370 2549 464 2585 quae
484 2539 631 2588 proprie
651 2538 798 2574 diceba-

140 2592 198 2624 tur
225 2590 341 2639 Fars,
367 2606 395 2629 s.
418 2593 529 2640 Pars,
556 2607 583 2630 s.
604 2593 797 2630 Farsz'stan

141 2645 260 2693 (quod
278 2647 395 2697 ipsum
413 2651 592 2698 significat
607 2650 797 2687 Persarum

142 2703 310 2749 terram),
358 2707 521 2754 proxime
568 2707 795 2745 adiacentem

142 2757 342 2795 Cissiorum
372 2765 514 2809 terrae,
552 2763 587 2799 in
610 2764 681 2812 qua
701 2764 796 2801 Susa

142 2820 247 2851 erant
268 2815 344 2852 sita.
382 2817 442 2854 Tu
462 2819 531 2855 vid.
547 2819 705 2857 Heeren.
726 2819 749 2856 l.
771 2820 795 2857 l.

141 2883 177 2920 p.
199 2872 278 2913 192
298 2884 400 2922 seqq.
432 2877 469 2910 et
496 2876 589 2912 conf.
613 2876 795 2914 Herodot.

849 561 913 607 lH,
935 562 1000 601 91.
1020 563 1086 602 92·
1110 584 1160 588 -
1183 556 1362 611 ὕπαρχος
1380 560 1415 596 in
1430 573 1510 610 sqq.

850 619 897 654 de
931 621 1080 667 satrapa
1125 617 1328 666 intelligere
1366 617 1510 662 malim3

849 675 943 710 conf.
991 679 1084 711 nott.
1122 675 1171 710 ad
1202 675 1365 712 Ctesiam
1401 674 1509 710 Excc.

850 730 970 767 Perss.
994 729 1028 780 ἓ.
1050 732 1074 770 9
1103 744 1139 781 p.
1165 733 1253 771 121.
1277 733 1367 771 122.
1423 730 1512 767 Mox

849 800 929 823 cum
960 793 1110 824 recentt.
1140 788 1225 824 edd.
1256 787 1401 837 reposui
1428 785 1513 825 ἐπεὶ

851 837 908 882 ὦν
928 838 1080 890 οὗτος
1105 839 1266 882 &alneto
1280 870 1289 887 ‚
1323 845 1383 881 ubi
1403 843 1514 893 vulgo

850 916 874 938 α
884 896 910 938 υ’
923 915 943 938 τ
955 896 976 939 o'
989 916 1018 946 ς.

910 957 1106 994 Caeterum
1128 956 1163 992 in
1192 956 1397 993 nominibus
1425 969 1513 993 con-

849 1014 1049 1050 iuratorum
1073 1013 1274 1050 indicandis
1297 1025 1372 1049 non
1390 1025 1513 1050 secum

848 1083 996 1121 prorsus
1033 1071 1263 1107 consentiunt
1297 1070 1512 1106 Herodotus

849 1132 961 1176 atque
985 1127 1141 1164 Ctesias.
1187 1127 1400 1178 Disputavit
1423 1126 1516 1163 hanc

850 1184 888 1219 in
935 1196 1010 1220 rem
1047 1184 1235 1221 Hammer.
1281 1184 1318 1220 in
1367 1182 1512 1220 Annall.

851 1239 1071 1277 Viennenss.
1105 1240 1155 1276 lX
1172 1254 1208 1290 p.
1239 1242 1289 1281 19
1311 1253 1389 1289 seq.
1420 1243 1513 1285 not.‚

852 1309 961 1344 quem
982 1310 1026 1333 ex
1052 1301 1157 1345 parte
1180 1297 1297 1333 secuti
1319 1310 1442 1334 sumus
1465 1296 1513 1332 ad

854 1353 1013 1389 Ctesiam
1044 1352 1151 1390 Excc.
1184 1352 1303 1390 Perss.
1340 1351 1376 1403 ἓ.
1403 1352 1454 1394 14
1476 1365 1514 1402 p.

857 1411 947 1450 132.
992 1409 1140 1446 Potiora
1171 1411 1426 1446 tantummodo
1459 1409 1516 1446 hic

853 1466 1036 1502 indicabo.
1068 1466 1139 1509 Qui
1154 1466 1348 1503 Herodoto
1367 1470 1519 1503 vocatur

851 1517 1040 1571 Ὀτάνης,
1079 1522 1107 1558 is
1140 1523 1238 1572 apud
1265 1524 1448 1569 Ctesiam,
1478 1525 1519 1558 ut

852 1579 994 1615 videtur
1011 1607 1021 1625 ‚
1079 1573 1252 1627 Ὀνόφας
1289 1579 1517 1630 appellatur3

854 1635 916 1683 qui
938 1629 1187 1685 Ἰυταφέρνης
1202 1636 1348 1683 dicitur,
1370 1637 1399 1672 is
1417 1635 1517 1686 apud

854 1691 1016 1728 Ctesiam
1034 1705 1108 1728 non
1124 1688 1331 1743 Ἰνδέρνης,
1354 1697 1393 1729 ut
1402 1692 1519 1728 Ham-

854 1761 973 1785 merus
992 1748 1014 1784 l.
1037 1748 1059 1786 l.
1094 1749 1310 1796 arbitratur,
1352 1749 1419 1786 sed
1449 1761 1520 1799 po-

854 1804 923 1841 tius
954 1799 1245 1855 Ἀρταφέρνης,
1293 1819 1400 1855 quem
1427 1818 1519 1842 eun-

854 1861 951 1907 dem,
961 1862 1316 1911 opin0r‚Hellanicus
1329 1863 1516 1910 (sragmm.

853 1931 888 1968 p.
915 1917 994 1958 144
1021 1920 1078 1956 ed.
1108 1920 1246 1965 Sturz)
1274 1920 1415 1956 dixerat
1435 1921 1517 1956 Δα-

856 1971 1030 2024 φέρνην,
1069 1980 1108 2012 et
1135 1976 1198 2024 qui
1223 1976 1322 2025 apud
1351 1974 1516 2024 Aeschy-

854 2030 925 2066 lum
947 2030 1046 2068 Pers.
1060 2033 1141 2072 776
1162 2032 1294 2068 dicitur
1308 2027 1520 2083 Ἀρταφρέ-

855 2101 952 2135 νης,
992 2088 1300 2135 quemadmodum
1336 2089 1442 2125 etiam
1480 2088 1518 2124 in

854 2142 1034 2180 Herodot.
1061 2144 1134 2190 ΥΙ,
1166 2145 1221 2183 30
1252 2144 1399 2192 quidam
1438 2144 1519 2180 libri

855 2199 1037 2246 offerunt,
1075 2200 1221 2237 nomine
1243 2199 1389 2237 Persico
1412 2200 1519 2236 forsi-

854 2259 917 2291 tan
937 2256 984 2292 ad
1006 2256 1187 2293 Graecum
1208 2261 1355 2305 etymon
1373 2258 1519 2294 confor-

855 2317 975 2359 mato,
1016 2317 1053 2349 ut
1091 2313 1318 2362 significetur
1360 2314 1413 2361 is,
1458 2314 1520 2363 qui

854 2368 973 2415 rectci,
1014 2369 1107 2406 sanct
1128 2374 1236 2406 mente
1257 2373 1390 2406 utatur.
1441 2370 1517 2407 Iam

855 2426 1043 2472 convenit,
1092 2427 1280 2476 suspicor,
1335 2426 1516 2464 Herodoti

857 2478 1048 2532 Γωβρύης
1071 2487 1109 2520 et
1127 2483 1275 2520 Ctesiae
1300 2483 1512 2533 Νορονδα-

855 2535 1003 2588 βάτης,
1053 2539 1237 2576 Herodoti
1275 2535 1514 2588 Μαρδόνιος

854 2599 891 2631 et
911 2594 1054 2632 Ctesiae
1075 2592 1334 2646 Μεγάβυζος,
1372 2591 1510 2634 'Acina-

853 2651 976 2701 θίνης
1005 2656 1043 2689 et
1064 2652 1282 2703 Βαρίσσης,
1311 2648 1515 2703 ’Ὑδάρνης

853 2712 964 2757 atque
983 2703 1160 2758 Ἰδέρνης.
1220 2709 1260 2745 In
1283 2707 1397 2745 Dario
1424 2710 1515 2745 utri-

852 2777 925 2813 que
944 2765 1108 2815 scriptori
1129 2765 1311 2802 convenit.
1341 2765 1411 2802 Est
1425 2777 1512 2802 vero

852 2820 1027 2858 Heerenii
1049 2822 1228 2871 suspicio,
1262 2834 1330 2857 nec
1352 2821 1410 2857 illa
1432 2821 1514 2869 qui-

852 2877 936 2915 dem
956 2877 1204 2928 improbabilis
1224 2877 1355 2927 (ldeen
1375 2876 1403 2924 I,
1430 2880 1448 2916 1
1473 2890 1510 2926 p.
