1904 3304
315 521 381 566 73

442 275 525 315 132

441 382 484 434 ἐς
522 381 685 437 χρόνον
723 381 862 424 ἔσται·

932 380 981 432 ὃς
1022 379 1068 425 δ’

441 450 763 496 διαδεικνύσθω
805 453 1000 496 ἐνθαῦτα
1043 451 1129 495 ἐών
1165 453 1391 509 πολέμιος·

838 272 1308 311 HERODOTI

1110 381 1164 425 ἂν
1203 379 1469 438 ἀντιβαίνειν
1504 385 1769 439 πειρᾶται,85

1451 455 1525 498 καὶ
1571 454 1716 498 ἔπειτα

442 519 659 578 ὠσάμενοι
703 524 807 576 ἔσω,
858 525 989 580 ἔργου
1028 522 1274 579 ἐχώμεθα.“
1334 525 1460 582 Λέγει
1501 525 1714 582 Γωβρύης

441 592 545 649 μετὰ
585 597 721 636 ταῦτα
732 608 742 618 ·

801 592 1008 650 »Ἄνδρες
1050 596 1199 650 φίλοι,
1247 594 1354 652 ἡμῖν
1394 612 1492 640 κοτε
1531 596 1714 639 κάλλιον

442 663 615 718 παρέξει
645 663 961 708 ἀνασώσασθαι
994 664 1073 721 τὴν
1105 663 1264 722 ἀρχήν,
1305 666 1356 722 ἢ,
1397 669 1436 710 εἴ
1461 682 1508 722 γε
1538 666 1595 722 μή
1628 665 1715 710 οἷοί

440 750 485 778 τε
522 735 711 790 ἐσόμεθα
748 734 884 792 αὐτὴν
917 735 1196 792 ἀναλαβὲειν,
1239 734 1527 787 ἆποθανέεινς
1571 737 1642 781 ὅτε
1669 743 1772 794 γε9ο

441 803 667 862 ἀρχόμεθα
696 806 794 862 μὲν,
836 806 981 859 ἐόντες
1013 808 1197 861 Πέρσαι,
1242 806 1328 851 ὑπὸ
1360 808 1524 864 Μήδου
1555 806 1718 863 ἀνδρὸς

411 875 630 932 ΞΜάγου,
660 878 733 921 καὶ
761 877 920 922 τούτου
943 873 1032 922 ὦτα
1057 877 1139 922 οὐκ
1163 878 1348 934 ἔχοντος.
1394 878 1492 922 ὅσοι
1509 895 1552 922 τε
1571 879 1718 934 ὑμέων

441 948 661 1005 Καμβύσῃ
692 949 889 993 νοσέοντι
917 950 1230 1006 παρεγένοντο,
1261 951 1435 1001 πάντως
1454 967 1537 993 κου
1563 949 1719 1006 μέμνη-

446 1024 526 1062 σθε
564 1018 617 1062 τοὶ
654 1020 864 1078 ἐπέσκηψε
896 1023 1094 1078 Πέρσῃσι
1131 1025 1344 1064 τελευτῶν
1377 1020 1455 1064 τὸν
1493 1022 1617 1078 βίον,
1658 1019 1717 1077 μὴ

389 1171 469 1195 cum
490 1159 679 1210 participio
699 1161 810 1198 multa
830 1163 878 1200 ad
899 1163 934 1199 h.
952 1162 975 1199 Ι.
998 1166 1056 1199 at-

391 1215 475 1251 tulit
488 1215 635 1261 Valck.;
665 1218 770 1254 nobis
792 1218 964 1256 laudasse
980 1220 1055 1255 sus-

388 1271 487 1307 ficiat
508 1271 642 1311 Matth.
667 1274 733 1310 Gr.
756 1275 822 1310 Gr.
847 1273 884 1324 ἓ.
911 1274 1006 1321 548,
1029 1275 1053 1315 5

386 1340 473 1377 Pag-
506 1331 625 1368 1077.
655 1349 711 1357 —
739 1329 799 1366 Ad
834 1330 1055 1368 locutionem

388 1382 506 1491 ἔργον
537 1379 723 1436 ἐχώμεθα
758 1388 851 1424 conf.
883 1388 938 1436 ll,
977 1390 1050 1428 121

561 1496 674 1548 Cap.
715 1497 883 1536 LXXIII.

449 1549 548 1603 ’ἡμῖν
577 1568 666 1592 κοτε
689 1549 852 1593 κάλλιον
876 1553 1051 1606 παρέξει]

393 1608 489 1645 Cum
513 1609 720 1659 Schweigh.
752 1617 788 1648 et
810 1613 925 1649 Gaisf.
956 1614 1054 1650 edidi

391 1662 493 1715 ’ἡμῖν
519 1680 627 1714 κοτε,-
666 1667 776 1716 vulgo
805 1666 904 1717 ’ἡμῖν
925 1664 1052 1707 κότε.

392 1721 531 1758 Sensus
553 1723 647 1759 enim
672 1728 748 1760 est:
794 1723 948 1761 Nobis-ne
971 1726 1056 1775 pul-

394 1780 488 1814 crius
508 1792 664 1828 unquam
689 1782 769 1827 erit,
796 1783 977 1831 imperium
1001 1796 1056 1818 ‘re-

391 1847 558 1884 cuperare
572 1858 628 1863 ——
641 1850 745 1886 quam
765 1840 862 1875 mori.
894 1839 1054 1876 Verbum

390 1889 575 1941 παρέχειν
632 1894 925 1943 impersonaliter
981 1897 1054 1932 fre-

391 1949 561 1997 quentius
584 1951 683 1998 apud
705 1951 934 1987 Herodotum
953 1952 1055 1989 inve-

390 2004 500 2042 nitur.
550 2005 633 2041 ἲίιΙ.
666 2006 727 2052 ΙΙΙ,
761 2006 851 2048 142
903 2008 964 2054 lV,
990 2007 1053 2049 14.

392 2060 492 2107 VIII,
515 2062 551 2100 8.
581 2061 627 2108 V,
645 2061 697 2102 49
724 2063 849 2112 ibique
874 2064 1057 2115 interprtt.

391 2114 475 2153 Alia
503 2117 607 2154 dabit
632 2118 797 2169 Schweig„
787 2120 835 2156 h.
862 2120 953 2159 Lex
978 2121 1057 2158 He-

391 2173 510 2209 rodot.
530 2186 558 2211 s.
579 2187 612 2211 v.

451 2225 516 2268 ότε
546 2244 589 2281 γε
626 2225 857 2295 1ἀρχόμεθα]
917 2227 980 2271 ότε
1014 2246 1056 2284 γε

392 2285 479 2335 (pro
500 2281 563 2323 ότε
585 2283 680 2338 γαρ)
696 2301 775 2325 cum
798 2293 949 2325 recentt.
971 2290 1056 2326 edd.

392 2341 619 2379 exhibuimus
639 2372 649 2390 ‚
716 2345 854 2381 (ludum
909 2346 1056 2383 iubente

390 2396 567 2434 Valclxen.
597 2400 644 2435 ad
667 2399 832 2450 Euripid.
865 2400 1055 2438 PhoenisS.

390 2466 428 2503 p.
451 2455 544 2494 209.
584 2453 642 2492 Ad
674 2462 928 2504 argumentum
959 2459 1054 2494 conf.

390 2509 455 2556 ΙΙΙ,
478 2512 542 2550 61.
564 2511 616 2550 65
638 2511 725 2561 ibiq.
753 2517 846 2549 nott.
884 2513 939 2549 Ex
959 2514 1055 2551 hisce

392 2567 489 2603 enim
515 2565 707 2604 Persarum
735 2568 1055 2606 deliberationibus

392 2633 435 2658 ac
465 2623 691 2660 sermonibus
718 2626 806 2661 satis
835 2625 876 2661 fit
902 2627 1055 2663 manife-

393 2682 501 2723 stum,
531 2678 676 2725 Persas,
707 2694 815 2730 mago
836 2681 883 2717 ad
902 2694 1055 2730 regumn

393 2739 540 2781 evecto,
580 2735 732 2785 imperio
748 2737 909 2787 privatos
929 2750 968 2775 se
985 2752 1055 2788 pu-

393 2794 510 2836 tasse,
557 2804 670 2840 regno
704 2792 874 2829 devoluto
902 2794 948 2829 ad
977 2807 1055 2841 eos,

392 2846 455 2894 qui
489 2851 683 2896 antequam
707 2849 824 2897 Cyrus
846 2850 1054 2899 Persaeque

390 2915 510 2940 rerum
536 2905 648 2955 potiti
679 2909 824 2953 essent,
862 2906 1053 2956 imperium

1111 1162 1365 1199 obtinuissent.
1408 1161 1506 1198 Hinc
1523 1162 1659 1199 Persae
1680 1173 1778 1198 sem-

1112 1232 1178 1270 per
1199 1219 1245 1255 de
1275 1219 1511 1267 recuperando
1539 1218 1692 1267 imperio
1721 1216 1776 1252 lo-

1113 1279 1294 1324 quuntur,
1335 1276 1446 1323 idque
1473 1275 1590 1323 ipsum
1613 1273 1775 1323 inprimis

1114 1334 1250 1379 agunt,
1289 1331 1471 1378 Cambyse
1495 1331 1574 1380 ipso
1598 1330 1778 1366 moriente

1114 1386 1337 1437 principibus
1367 1387 1557 1424 Persarum
1599 1386 1778 1424 adstanti-

1115 1445 1181 1481 bus
1204 1442 1291 1479 talia
1309 1443 1568 1493 praecipiente.

1168 1496 1215 1537 τοὶ
1237 1498 1453 1549 ἐπέσκηψε]
1485 1499 1650 1549 Respicit
1667 1510 1778 1549 supra

1112 1556 1209 1592 dicta
1234 1555 1296 1601 ΙΙΙ,
1318 1555 1396 1602 65,
1432 1556 1492 1592 ubi
1521 1552 1778 1606 ἐπισκήπτειν

1111 1612 1209 1649 valet
1230 1614 1436 1660 iniungere,
1473 1612 1664 1657 nmmlare,
1695 1624 1776 1648 cum

1113 1668 1182 1705 hoc
1204 1668 1238 1704 in
1255 1668 1334 1705 loco
1356 1669 1593 1704 cmnmz'nandc
1611 1667 1716 1705 simul
1737 1672 1776 1705 et

1113 1725 1334 1774 imprecamlz'
1365 1727 1549 1762 notionem
1573 1725 1776 1762 adsciscere

1113 1783 1293 1826 videatur,
1324 1787 1495 1818 monente
1515 1781 1720 1830 Schweigh.
1737 1781 1775 1817 in

1111 1837 1200 1875 Lex.
1228 1838 1370 1875 Herod.
1404 1851 1431 1874 s.
1453 1851 1500 1883 ιη,
1528 1838 1589 1874 ubi
1614 1837 1775 1886 Hesych.

1113 1890 1362 1944 ἐπισκήπτω·
1419 1893 1627 1944 ἐπαρώμαι
1643 1924 1653 1940 ,
1706 1893 1775 1930 nisi

1110 1951 1258 2000 potum,
1300 1951 1430 1988 eodem
1464 1950 1665 1999 Schweigh.
1696 1963 1777 1986 mo-

1111 2011 1244 2053 nente,
1276 2007 1513 2055 obiurgandi,
1546 2020 1574 2044 s.
1595 2006 1777 2056 reprelien-

1113 2063 1222 2100 ‹Iende'
1254 2064 1560 2112 significationem
1594 2075 1778 2100 assumse-

1113 2121 1171 2156 rit.
1224 2120 1297 2157 Ubi
1320 2121 1365 2156 ab
1386 2120 1571 2170 Hesychio
1600 2124 1636 2157 et
1660 2119 1777 2156 Suida

1114 2177 1307 2226 exponitur
1326 2175 1530 2226 ἐπιτιμᾶν,
1561 2174 1776 2226 ἐπιμέμφε-

1115 2237 1224 2271 σθαι.
1255 2256 1306 2262 -
1353 2232 1392 2269 ln
1432 2233 1503 2270 fine
1534 2245 1613 2283 cap.
1646 2231 1777 2269 retinui

1113 2302 1194 2326 cum
1211 2288 1340 2326 Matth.
1356 2288 1549 2325 lectionem
1567 2288 1751 2337 vulgatam
1765 2301 1774 2325 ε

1112 2345 1178 2383 καὶ
1199 2342 1253 2395 μή
1277 2340 1514 2383 διαλύεσθαι
1533 2344 1574 2384 ἐκ
1593 2347 1666 2383 τοῦ
1687 2346 1775 2383 συλ-

1113 2398 1230 2452 λόγου
1260 2401 1378 2439 τοῦδε
1409 2398 1554 2439 ἄλλοθι
1581 2396 1715 2446 ἰόντας
1746 2396 1776 2450 ἦ

1113 2457 1177 2497 ἐπὶ
1187 2454 1256 2496 τὸν
1274 2453 1423 2508 IlIot'yov
1436 2456 1570 2503 ἰθέως,
1587 2458 1645 2494 ubi
1659 2456 1774 2494 Gaisf.

1113 2527 1133 2552 e
1165 2514 1348 2550 Sancrosti
1382 2512 1473 2549 libro
1503 2518 1539 2550 et
1567 2513 1774 2550 Yindobon.

1114 2571 1248 2607 edidit:
1287 2568 1351 2607 καὶ
1375 2566 1430 2618 μή
1453 2570 1486 2608 δ.
1508 2568 1549 2608 ἐκ
1570 2585 1602 2608 τ.
1633 2564 1774 2608 συλλό-

1113 2621 1315 2678 γου,α’λλ’
1340 2621 1514 2671 ἰόντας
1538 2624 1602 2665 ἐπὶ
1623 2622 1690 2664 τὸν
1711 2626 1774 2663 Μ.

1115 2683 1188 2728 Est,
1218 2695 1313 2730 quae
1335 2683 1514 2731 scriptura
1536 2696 1580 2720 eo
1601 2681 1774 2732 probabi-

1111 2738 1178 2775 lior
1209 2738 1554 2786 Schweighaeusero
1599 2743 1654 2775 est
1683 2738 1774 2784 visa,

1112 2807 1184 2843 quo
1207 2795 1322 2830 minus
1341 2796 1531 2832 commode
1554 2791 1694 2832 ἄλλοθι
1717 2793 1774 2829 hic

1109 2855 1290 2901 ponatur,
1330 2844 1389 2887 ubi
1412 2848 1553 2889 ἄλλοσε
1582 2854 1644 2888 aut
1675 2846 1772 2902 ἄλλῃ

1112 2906 1380 2956 requirebatur.
1438 2907 1514 2945 Sed
1542 2907 1579 2943 in
1608 2906 1675 2943 hac
1693 2905 1775 2957 ipsa
