1904 3304
400 195 484 235 204

815 196 1281 237 HERODOTI

371 308 480 353 Ξσος
509 301 686 360 ἐτράφη.
748 301 932 358 ὄρνιθας
972 304 1018 348 δὲ
1057 306 1232 361 λέγουσι
1268 306 1455 363 μεγάλας
1492 311 1702 366 φορέεινὸ

398 378 535 417 ταῦτα
566 374 618 416 τα
649 372 844 429 κάρφεα,
893 373 946 418 τὰ
984 375 1106 431 ἡμεῖς
1144 375 1227 420 ἀπὸ
1261 381 1481 423 Φοινίκων
1510 381 1674 437 μαθόν-

399 460 466 495 τες
495 443 779 501 κιννάμωμον
808 445 1038 500 καλέομεν·
1097 447 1276 502 φορέειν
1307 449 1351 492 δὲ
1381 450 1457 502 τὰς
1488 450 1674 507 ὄρνιθας

399 515 442 566 ἐς
470 516 691 567 νεοσσιάς,
733 516 1146 573 προσπεπλασμένας
1177 519 1223 562 ἐκ
1253 524 1395 574 πηλοῦ
1423 522 1535 576 πρὸς
1566 522 1675 568 ἄπο-

400 585 635 643 κρήμνοισι
665 585 840 642 οὔρεσι,
883 588 993 631 ἔνθα
1022 587 1270 645 πρόσβασιν
1301 589 1524 650 ἀνθρώπῳ
1553 593 1674 639 οὐδε-

371 659 508 714 3μίαν
537 655 659 700 εἶναι.
716 657 827 713 πρὸς
861 653 924 702 ὦν
954 659 1006 716 δὴ
1035 663 1172 703 ταῦτα
1201 660 1305 712 τούς
1340 660 1568 720 Ἀραβίους
1602 678 1675 710 σο-

401 730 598 784 φίζεσθαι
628 728 758 772 τάδε·
808 731 930 786 βοῶν
968 748 1011 775 τε
1049 732 1121 775 καὶ
1153 729 1270 776 ὄνων
1297 736 1387 777 τῶν
1417 732 1671 794 ἀπογινομέ-
1685 743 1729 777 10

345 928 492 964 quoque
512 914 556 952 F.
574 915 624 952 H.
645 913 786 953 Miiller.
815 914 875 953 De
902 915 1006 953 rebb.

343 972 489 1008 Semitt.
528 970 705 1022 (Berolin.
732 972 855 1020 1831)
878 985 914 1022 p.
940 973 1005 1012 57.

343 1028 408 1068 58.
467 1027 580 1065 Paulo
612 1032 696 1065 ante
732 1041 811 1065 cum
853 1032 1004 1066 recentt.

344 1085 429 1122 edd.
466 1085 593 1135 scripsi
630 1079 774 1123 οἰκότι
805 1097 872 1134 pro
906 1085 1003 1134 vulg.

344 1136 500 1180 εἰκότι.
543 1141 602 1177 Ad
624 1141 752 1178 verba:
799 1137 926 1180 ὅκου
949 1162 1004 1169 -

341 1197 489 1250 γίνεται
510 1195 576 1235 καὶ
599 1193 712 1246 ἣτις
733 1199 826 1234 conf.
852 1198 915 1245 111,
937 1200 1002 1239 22.

399 1250 569 1304 ὄρνιθας
603 1251 645 1292 δὲ
679 1252 859 1305 λέγουσι]
901 1255 1004 1291 Citat

340 1309 430 1347 haec
454 1309 610 1359 Etymol.
632 1324 667 1361 p.
689 1311 784 1358 514,
804 1313 830 1350 2
861 1315 897 1348 et
923 1311 1003 1347 Eu-

341 1367 451 1405 stath.
483 1368 531 1404 ad
554 1367 706 1416 Dionys.
736 1368 879 1415 Perieg.
909 1369 1003 1408 939.

339 1423 443 1463 Suid.
472 1436 499 1462 S.
536 1436 568 1460 v,
598 1419 757 1473 κιννεὲμ.
821 1423 868 1460 Et
906 1424 1003 1461 cons.

341 1492 489 1529 quoque
512 1480 602 1517 Plin.
625 1480 675 1516 H.
696 1480 743 1517 N.
762 1480 846 1526 ΧΗ,
873 1482 936 1519 19.

395 1532 443 1574 τοὶ
463 1531 636 1586 κάρφεα]
659 1536 680 1572 i.
704 1550 735 1574 e.
755 1536 908 1585 paleam,
923 1549 1003 1572 con—

339 1591 493 1628 volutam
509 1595 642 1629 tenuem
655 1595 823 1639 corticem,
839 1606 866 1629 s.
880 1595 1003 1628 tenum

340 1648 437 1696 ligni
471 1648 608 1697 frusta.
700 1649 803 1686 Nos:
861 1649 1000 1694 diinne,

342 1705 448 1741 ‹liirre
473 1705 609 1751 Becker,
642 1709 680 1742 ut
702 1710 803 1742 recte
825 1705 1004 1755 interpre-

338 1765 437 1798 tatur
466 1762 679 1800 Schneider.
719 1762 755 1798 in
784 1761 874 1800 Lex.
904 1775 932 1798 s.
969 1775 1002 1799 v.

337 1813 497 1867 κιννάμ.
518 1839 574 1845 —
614 1818 810 1855 Caeterum
833 1819 925 1856 hanc
945 1819 1000 1855 sa-

339 1874 461 1911 bulam
495 1875 542 1911 de
574 1875 700 1911 avibus
734 1876 999 1912 cinnamomum

338 1930 576 1967 afferentibus
587 1944 652 1980 per
664 1932 918 1980 antiquitatem
933 1932 1000 1967 ad-

339 1987 487 2024 modum
517 1986 702 2036 vulgatam
732 1988 843 2026 fuisse
871 1992 999 2025 osten-

337 2043 449 2089 dunt,
479 2055 575 2092 quae
602 2043 748 2092 collegit
774 2045 996 2082 Beckmann.

335 2100 383 2136 ad
404 2099 578 2148 Antigon.
604 2100 746 2148 Caryst.
775 2101 821 2138 de
840 2101 998 2137 Mirabb.

335 2168 419 2206 pag.
439 2154 503 2196 84.
543 2156 664 2204 Atque
683 2157 879 2194 etiamnum
897 2157 997 2207 apud

336 2211 472 2248 incolas
496 2211 738 2261 Taprobanes
768 2213 860 2251 hanc
891 2226 997 2263 repe-

333 2268 415 2314 riri,
444 2271 625 2305 testantur
647 2269 864 2307 recentiores
889 2283 995 2319 pere-

335 2324 563 2372 grinatoreS,
594 2330 765 2361 monente
788 2326 945 2363 Heeren.
970 2325 992 2362 l.

337 2379 360 2416 l.
380 2392 464 2430 pag.
486 2382 579 2421 252.
606 2383 693 2421 101.
740 2380 920 2431 Equidem
942 2382 996 2417 sa-

336 2436 457 2472 bulam
483 2437 531 2472 ad
557 2449 598 2473 ea
627 2437 810 2485 pertinere
835 2439 994 2484 credam,

334 2505 429 2541 quae
443 2492 639 2529 Phoenices
651 2495 888 2542 excogitarint
909 2507 995 2530 con-

336 2548 500 2596 sultoque
511 2548 730 2596 divulgarint
748 2551 794 2587 de
816 2550 993 2587 mercibus

335 2605 631 2656 pretiosioribus,
689 2618 780 2654 quas
814 2607 882 2656 ipsi
927 2606 994 2642 soli

339 2660 591 2707 advehebant,
631 2674 678 2697 ne
719 2661 853 2699 scilicet
892 2661 996 2698 huius

336 2717 581 2754 fructuosioris
601 2722 823 2756 mercaturae
841 2718 995 2755 faculta-

336 2777 373 2812 te
391 2774 626 2824 privarentur.

395 2825 668 2882 κιννάμωμον]
702 2830 800 2869 Vera
818 2830 994 2869 Nostrum

1064 916 1274 963 tradidisse,
1295 917 1375 968 ipsa
1393 921 1551 955 testatur
1571 918 1729 956 voxHe-

1062 972 1184 1010 braica
1214 979 1344 1027 pugg,
1377 975 1523 1012 nomine
1552 987 1574 1011 a
1596 975 1727 1012 fistulis

1063 1028 1170 1065 huius
1222 1031 1370 1079 plantae
1416 1031 1585 1069 deducto.
1642 1031 1726 1068 Vid.

1060 1084 1179 1122 Exod.
1196 1085 1315 1133 XXX,
1333 1088 1385 1126 23
1407 1092 1443 1125 et
1464 1087 1637 1125 Proverb.
1657 1088 1727 1124 Sa-

1059 1140 1143 1178 lom.
1169 1141 1245 1188 Vll,
1270 1146 1331 1182 17.
1390 1143 1510 1187 Quam
1532 1156 1654 1181 vocem
1675 1143 1727 1181 sie

1060 1197 1218 1249 explicat
1237 1198 1285 1235 H.
1301 1197 1433 1248 Apetz‚
1455 1200 1490 1236 in
1511 1207 1599 1236 nota
1620 1200 1665 1236 ad
1688 1199 1724 1237 h.

1060 1253 1096 1301 l.‚
1127 1258 1168 1290 ut
1198 1255 1284 1292 inde
1305 1256 1421 1291 omnis
1442 1256 1585 1294 fabulae
1612 1256 1726 1293 ratio-

1060 1323 1142 1347 nem
1181 1311 1338 1362 perspici
1385 1325 1495 1362 posse
1543 1313 1724 1362 opinetur.

1059 1366 1156 1404 Nam
1177 1368 1335 1417 priorem
1358 1369 1454 1405 vocis
1466 1373 1606 1419 partem
1626 1368 1725 1405 Keen

1060 1423 1146 1472 (m)
1180 1424 1386 1472 significare
1413 1424 1487 1462 vult
1513 1425 1654 1470 nidum,
1685 1429 1725 1462 et

1059 1480 1208 1516 verbum
1235 1480 1320 1517 inde
1347 1481 1480 1518 sactum
1508 1491 1570 1531 ἵξῃ
1600 1481 1724 1518 nidum

1051 1535 1186 1585 facere.
1249 1536 1354 1579 Quae
1387 1536 1465 1573 aliis
1492 1538 1723 1574 diiudicanda

1059 1592 1237 1640 relinquo,
1288 1592 1428 1636 Attulit,
1455 1605 1550 1642 quae
1574 1594 1620 1631 de
1644 1599 1723 1642 ety-

1059 1661 1118 1685 mo
1145 1648 1248 1684 huius
1278 1649 1375 1685 vocis
1395 1650 1461 1685 viri
1483 1650 1581 1686 docti
1604 1654 1722 1687 statu-

1060 1709 1147 1750 unt,
1190 1704 1326 1741 Winer.
1358 1705 1393 1741 iu
1425 1706 1563 1742 Simon.
1597 1705 1720 1744 Lexic.

1059 1760 1213 1798 manual.
1232 1774 1318 1810 pag.
1339 1762 1432 1802 861.
1463 1762 1637 1799 Radicem
1656 1776 1722 1799 vo-

1058 1817 1175 1854 cabuli
1198 1829 1278 1853 esse
1303 1825 1377 1864 :³:33
1396 1818 1536 1867 Hitzig.
1557 1818 1649 1864 vult3
1671 1819 1721 1857 ita

1056 1878 1097 1910 ut
1118 1874 1166 1910 de
1187 1874 1387 1910 substantia
1408 1875 1454 1910 sit
1474 1875 1720 1923 cogitandum.

1055 1929 1231 1967 Eiusdem
1270 1930 1420 1979 originis
1461 1931 1603 1969 videtur
1637 1944 1720 1969 esse

1055 1999 1126 2023 vox
1170 1986 1289 2024 κασία
1310 2000 1319 2034 3
1377 1999 1536 2036 namque
1574 1987 1719 2025 Laurus

1056 2043 1172 2079 cassia
1190 2043 1321 2079 dicitur
1353 2051 1488 2095 nxgssjp
1519 2044 1556 2080 in
1586 2043 1719 2082 Psalm.

1054 2099 1171 2146 XLV,
1193 2101 1230 2143 9,
1261 2112 1283 2136 a
1306 2099 1429 2137 radice
1448 2093 1531 2154 :2ng
1550 2100 1718 2147 decidere,

1055 2159 1247 2205 amputare.
1306 2155 1439 2204 Neque
1465 2169 1508 2192 eo
1537 2169 1610 2192 nou
1631 2169 1717 2206 per-

1052 2214 1143 2249 tinet
1159 2222 1237 2262 ³3¹1?
1251 2211 1490 2259 Exod.XXX,
1502 2213 1567 2253 24.
1581 2212 1715 2250 Ezech.

1051 2268 1205 2315 XXVll,
1236 2270 1298 2308 19.

1109 2326 1186 2362 τῶν
1210 2319 1526 2375 ἀπογινομένων]
1549 2323 1605 2362 De
1624 2337 1711 2361 mor-

1052 2383 1125 2417 tuis
1155 2381 1204 2416 ita
1230 2380 1298 2416 (lici
1326 2381 1412 2416 satis
1437 2386 1574 2417 notum.
1605 2382 1712 2418 Conf.

1050 2437 1191 2473 Herod.
1215 2436 1258 2481 ll,
1273 2436 1337 2476 85.
1364 2437 1454 2475 136.
1478 2436 1521 2482 V,
1542 2435 1578 2474 4.
1599 2459 1654 2464 -
1673 2437 1714 2475 ln

1050 2506 1152 2542 seqq.
1172 2491 1272 2541 reliq.
1295 2505 1374 2527 cum
1391 2492 1522 2528 Matth.
1543 2508 1713 2532 καταπε-

1050 2548 1238 2599 τομέιάς,
1269 2548 1367 2584 cuius
1387 2547 1464 2584 loco
1487 2561 1507 2585 e
1530 2549 1714 2588 Florenti-

1052 2618 1098 2642 no
1120 2604 1323 2651 Schweigh.
1353 2608 1388 2641 et
1412 2604 1527 2641 Gaiss.
1549 2621 1714 2645 καταπε-

1051 2658 1268 2710 τεωμένας,
1300 2673 1408 2709 quam
1446 2660 1604 2700 Ionicam
1637 2664 1714 2700 sor·

1052 2730 1147 2755 mam
1175 2717 1276 2753 verbi
1303 2714 1598 2769 καταπετάομαι
1623 2719 1711 2756 dicit

1051 2773 1255 2820 Schweigh.
1332 2772 1422 2809 Mihi
1469 2776 1550 2812 talis
1594 2776 1711 2812 forma

1051 2829 1195 2868 aliunde
1215 2841 1288 2866 non
1309 2834 1410 2868 nota.
1472 2831 1572 2876 Quin
1592 2831 1710 2883 ipsum
