1904 3304
98 670 195 717 150

531 263 1100 306 MELPOMENE.

1158 266 1220 304 IV.
1431 270 1514 310 537

246 386 479 441 ἱδρύσαντο
521 385 567 428 ἐκ
605 390 878 441 θεοπροπίου
914 386 1128 442 Ἐρινύων
1166 393 1256 432 τῶν
1291 391 1433 434 Λαΐοῗυ
1471 408 1516 436 τε

242 459 315 502 καὶ
343 457 586 501 Οἰδιπόδεω
616 457 738 510 ἵρόν·
777 460 849 502 καὶ
870 459 973 514 μετὰ
996 465 1126 504 τοῦτο
1149 460 1350 517 ὑπέμεινε
1372 460 1513 506 τωύτό

243 533 373 572 τοῦτο
412 530 485 572 καὶ
524 528 570 571 ἐν
604 527 726 585 Θήρῃ
760 536 870 573 τοῖσι
902 530 986 574 ἀπὸ
1017 537 1106 575 τῶν
1137 533 1310 588 ἀνδρῶν
1339 531 1511 576 τούτων
1525 541 1568 574 85

240 600 455 655 γεγονόσι.

352 671 494 726 Ζῑῖέχρι
533 671 613 726 μέν
649 687 732 713 νυν
771 671 932 714 τούτου
967 677 1048 715 τοῦ
1078 673 1214 728 λόγου
1245 674 1512 730 Λακεδαιμό-

239 759 330 785 νιοι
380 743 613 797 Θηραίοισι
661 742 771 784 κατὰ
816 741 955 785 ταύτὰ
993 742 1185 797 λέγουσι·

1245 743 1292 787 τὸ
1336 747 1381 788 δὲ
1422 744 1507 790 ἀπό

205 812 398 856 Ξτούτου
429 818 586 867 μοῦνοι
612 817 798 868 Θηραῖοι
825 807 909 856 ὦδε
938 813 1142 868 γενέσθαι
1171 814 1360 869 λέγουσι.
1404 821 1508 872 Γρῖ-

240 901 315 935 vos
348 882 370 927 ὁ
407 886 645 937 Αἰσανίου,
686 882 770 927 ἐών
807 883 930 939 Θήρα
959 883 1121 927 τούτου
1152 882 1396 941 ἀπόγονος,
1434 888 1508 931 καὶ

181 1078 311 1116 Laium
347 1092 496 1128 qnoque
531 1079 631 1115 (lirae
665 1078 844 1116 dederant

180 1136 426 1186 praecipitem,
454 1137 583 1185 quibus
598 1135 693 1171 illum
709 1134 843 1184 Pelops

182 1194 380 1230 devoverat
413 1193 460 1228 ob
493 1198 637 1242 raptum
667 1192 844 1240 Chrysip-

181 1262 281 1299 pum.
310 1244 495 1297 Έριννῦν
514 1248 649 1297 Oedipi
666 1249 766 1284 diras
782 1261 845 1283 vo-

184 1311 267 1342 cant
278 1304 442 1353 Tragici,
463 1305 590 1342 Aesch.
615 1305 654 1340 S.
672 1318 701 1341 c.
723 1304 843 1341 Theb.

183 1364 249 1401 70.
280 1361 448 1411 Sophocl.
472 1361 566 1398 Oed.
588 1362 622 1397 in
636 1362 715 1397 Col.
738 1360 843 1401 1294

183 1416 323 1467 (1434
345 1417 623 1467 ssr.)Eu1-ip.
652 1417 841 1453 Phoeniss.

184 1476 306 1515 627.“
359 1474 418 1509 Ad
439 1474 591 1509 formam
617 1468 842 1512 Οἰδιπόδεω

181 1531 276 1568 conf.
298 1530 434 1566 Matth.
459 1530 525 1565 Gr.
546 1530 610 1565 Gr.
639 1542 724 1579 pag.
750 1531 840 1569 196.

179 1581 373 1636 Ἐρινύων
394 1598 436 1622 ex
459 1598 529 1621 uno
542 1586 755 1622 Florentino
775 1586 841 1622 de-

180 1643 217 1678 di
247 1656 328 1679 cuin
351 1642 467 1678 Gaisf.
503 1654 572 1690 pro
597 1641 692 1691 vulg.
718 1637 841 1691 Ἐριν-

181 1695 303 1737 νύων.
334 1699 442 1735 Conf.
456 1697 660 1735 Blomfield.
681 1700 717 1734 in
730 1698 841 1734 Glos-

179 1768 251 1792 sar.
294 1756 341 1792 ad
366 1754 534 1803 Aeschyl.
567 1755 751 1792 Prometh.
785 1756 837 1794 53

179 1825 215 1861 p.
236 1813 288 1851 83
308 1811 408 1861 Lips.
468 1810 580 1860 Apud
608 1811 837 1861 Apollonium

179 1868 362 1904 Rhodium
393 1872 574 1916 quotquot
592 1868 680 1904 locis
702 1868 838 1918 reperi-

180 1930 238 1960 tur
262 1924 387 1960 vocnla
412 1925 526 1971 (conf.
549 1937 632 1974 pag.
655 1923 736 1964 234
758 1924 836 1960 lnd.

184 1980 418 2027 Hellana),
451 1981 486 2016 in
514 1981 555 2016 iis
581 1987 738 2030 quatuor
758 1980 838 2030 ple-

181 2049 333 2085 rumque
366 2042 426 2074 aut
458 2037 619 2085 quinque
648 2037 728 2073 libri
756 2049 836 2073 earn

180 2119 244 2156 per
276 2120 383 2143 unam
415 2106 554 2143 literam
585 2122 605 2144 ν
627 2106 796 2144 afferunt.

236 2162 304 2201 καὶ
346 2160 440 2213 μετοὶ
484 2165 602 2201 τοῦτο
648 2161 837 2212 ὖπέμεινε

180 2214 305 2258 τῶυτὸ
333 2221 449 2257 τοῦτο
481 2218 548 2256 καὶ
579 2218 621 2257 ἐν
654 2215 767 2272 Θήρῃ
803 2234 836 2257 κ.

179 2291 211 2314 τ.
233 2274 279 2326 λ.]
320 2277 473 2313 Comma
497 2283 581 2325 pust
607 2276 717 2313 verba
741 2273 836 2325 μετοὶ

179 2335 294 2371 τοῦτο
316 2333 422 2381 vulgo
450 2332 607 2382 positum
631 2332 834 2381 Schwveigh.

179 2389 333 2435 delevit,
372 2389 546 2427 maiorem
575 2388 754 2425 collocans
780 2390 836 2425 di-

179 2446 410 2483 stinctionem
456 2449 540 2495 post
573 2443 758 2494 ύπέμεινε
799 2450 836 2483 et

180 2507 262 2550 post
285 2497 408 2540 τώυτὸ
434 2503 550 2540 τοῦτο
580 2502 743 2538 inserens
767 2513 834 2540 συ-

182 2556 276 2607 νέβη
325 2558 465 2595 Reiskii
513 2571 558 2594 ex
608 2559 834 2602 coniectura3

182 2625 289 2661 quam
325 2627 450 2651 vocem
485 2615 604 2651 denuo
650 2616 835 2652 eiecerunt

182 2669 296 2705 Gaisf.
315 2676 349 2707 et
370 2670 502 2707 Matth.
531 2671 714 2720 Equidem
738 2671 835 2708 omni

181 2726 256 2762 fere
283 2726 319 2762 in
346 2726 401 2762 his
429 2727 547 2763 verbis
577 2741 670 2777 quae
689 2729 837 2778 ponitur

182 2782 412 2819 distinctione
430 2782 591 2829 sublata,
632 2786 683 2821 sic
703 2786 779 2821 fere
799 2784 833 2819 h.

183 2838 203 2873 l.
227 2838 408 2886 intelligo:
460 2838 510 2874 Ac
527 2844 647 2888 postea
666 2841 728 2877 lioc
746 2841 835 2877 idem

182 2897 348 2932 remansit
365 2894 486 2944 (quod
504 2895 575 2932 scil.
596 2898 750 2947 Spartae
773 2911 834 2935 re-

901 1083 1104 1124 manserat,
1146 1082 1186 1114 ut
1218 1078 1321 1116 liberi
1350 1082 1563 1130 superstites

901 1141 1093 1173 manerent
1120 1136 1333 1184 parentibus
1360 1150 1427 1174 nec
1447 1144 1563 1176 morte

902 1193 1219 1239 consumerentur)
1247 1194 1353 1229 etiam
1373 1207 1487 1230 eorum
1499 1208 1562 1244 po-

902 1251 1004 1286 steris
1017 1279 1027 1297 ‚
1058 1251 1096 1285 ιἰι
1112 1247 1226 1285 Thera
1248 1251 1310 1298 qui
1325 1251 1561 1288 consederant.

1120 1320 1230 1370 Cap.
1262 1320 1340 1358 CL.

962 1378 1103 1425 Γρῖνος
1131 1374 1150 1414 ὅ
1180 1376 1391 1424 Αἰσανίου,
1416 1374 1494 1416 ε’ω“ν
1525 1393 1560 1416 κ.

900 1446 930 1469 τ.
954 1430 1002 1481 L]
1036 1433 1078 1468 C.
1102 1433 1149 1469 Ο.
1171 1433 1315 1471 Miiller.
1341 1434 1560 1472 Orchomen.

899 1502 934 1538 p.
957 1488 1036 1528 341
1057 1489 1104 1525 de
1124 1489 1190 1525 hac
1209 1503 1248 1526 re
1271 1485 1461 1540 disputans
1481 1504 1559 1528 cum

899 1545 1125 1581 Herodoteis
1162 1547 1317 1583 conferri
1346 1546 1422 1583 vult
1450 1547 1558 1584 Pind.

899 1600 1002 1649 Pyth.
1025 1601 1087 1646 IV,
1109 1599 1204 1641 462.
1244 1602 1364 1639 Schol.
1385 1602 1490 1640 Pind.
1509 1604 1557 1640 ad

897 1657 1006 1706 Pyth.
1037 1657 1106 1703 lv,
1153 1660 1216 1698 10.
1271 1658 1468 1708 Spanhem.
1509 1661 1556 1696 ad

898 1713 1108 1751 Calliinach.
1137 1714 1173 1749 in
1203 1713 1362 1764 Apollin.
1396 1715 1461 1756 65.
1491 1716 1558 1762 74,

897 1771 1077 1819 additque
1138 1770 1362 1819 Polymnesti
1423 1785 1559 1810 nomen

896 1831 1072 1875 tanquam
1092 1827 1239 1864 victoris
1260 1829 1411 1878 reperiri
1429 1829 1465 1864 in
1479 1829 1557 1878 Cy-

895 1896 982 1920 rene
1003 1883 1061 1920 Ol.
1081 1882 1251 1921 LXXXI.
1280 1905 1337 1912 —
1375 1885 1447 1929 Qui
1471 1885 1558 1922 Gri—

894 1953 962 1976 nus
1002 1940 1104 1988 quod
1152 1936 1374 1989 βασιλεύων
1419 1938 1557 1992 Θήρης

893 1997 967 2045 τῆς
988 1992 1115 2045 νήσου
1134 2009 1216 2033 mox
1234 1997 1385 2043 dicitur,
1422 1998 1556 2034 indicio

895 2057 970 2096 est,
1001 2052 1149 2089 Therae
1168 2052 1280 2097 illius,
1311 2054 1373 2102 qui
1392 2053 1555 2092 coloniae

893 2108 1012 2145 fuerat
1059 2109 1155 2155 dux,
1208 2114 1377 2158 posteros
1414 2111 1553 2158 regiam

895 2165 964 2200 sibi
984 2165 1175 2202 retinuisse
1195 2165 1432 2214 dignitatem,
1463 2179 1553 2215 qua-

893 2221 962 2257 lem
993 2221 1067 2257 scil.
1101 2222 1136 2257 in
1170 2221 1309 2258 Dorum
1347 2223 1553 2260 civitatibus

894 2278 1094 2314 obtinuisse
1129 2278 1305 2314 novimus.
1371 2278 1433 2315 Tu
1454 2280 1552 2317 conf.

894 2333 1034 2370 Miiller.
1065 2333 1087 2370 l.
1114 2333 1135 2370 1.
1166 2347 1250 2383 pag.
1285 2336 1381 2374 337.
1441 2336 1553 2372 Unde

895 2392 1003 2427 etiam
1021 2390 1103 2437 hoc,
1130 2391 1274 2441 opinor,
1297 2393 1552 2440 repetendum,

892 2448 990 2496 quod
1005 2446 1168 2496 Delphos
1193 2448 1433 2484 hecatomben
1454 2449 1552 2486 ducit

891 2516 952 2540 rex
970 2504 1116 2552 publice
1136 2504 1265 2540 missus
1284 2517 1305 2541 e
1326 2504 1468 2542 civitate
1486 2517 1551 2542 sua

892 2561 941 2596 ad
971 2558 1175 2610 Apollinem
1209 2556 1350 2597 Dorum
1394 2562 1550 2610 patn'um

892 2617 999 2653 deum
1025 2629 1067 2652 ac
1094 2616 1305 2663 tutelarem,
1356 2617 1455 2654 cuius
1491 2622 1551 2654 ut-

892 2678 979 2722 pote
1009 2668 1239 2724 Ἀρχηγέτου
1280 2686 1383 2710 sacra
1427 2674 1551 2723 procul

893 2729 1005 2765 dubio
1034 2731 1143 2766 etiarn
1172 2730 1208 2766 in
1239 2730 1401 2767 Theram
1433 2744 1453 2768 e
1473 2730 1549 2767 La-

893 2786 1115 2823 cedaemone
1151 2786 1269 2822 coloni
1309 2787 1548 2824 adduxerant.

892 2841 950 2879 De
962 2842 1136 2892 Apollinis
1155 2843 1263 2878 sacris
1275 2842 1394 2879 Thera
1406 2844 1441 2879 in
1452 2844 1548 2878 insu-

892 2897 925 2934 la
944 2899 988 2937 cf.
1000 2899 1097 2936 idem
1108 2897 1248 2936 Miiller.
1259 2897 1280 2935 l.
1294 2897 1316 2936 l.
1328 2912 1363 2949 p.
1377 2901 1457 2941 328
1469 2911 1544 2947 seq.

1571 677 1783 705 'Pheraeorum
1812 679 1848 707 de

1571 711 1659 737 Bana
1695 714 1846 745 nai-ratim

1581 744 1693 771 (ὗνίιιιιι,Ι
1708 745 1831 774 Therae

1565 778 1682 804 insulae
1693 787 1760 805 rex:
1778 781 1845 807 Hac>

1566 815 1632 845 tus,
1652 821 1685 838 ex
1700 812 1844 847 Euphemi

1567 847 1759 878 Argonautae
1794 856 1844 881 po-

1583 880 1690 905 meris:
1712 881 1827 908 oraculi

1567 911 1689 947 Delphis
1714 922 1731 940 a
1748 914 1843 941 Griuo
