1904 3304
324 611 423 658 185

153 677 281 706 Nomina
303 679 427 713 populo-

154 719 219 739 rum
244 716 309 747 post
327 713 427 739 Atlan-

154 750 200 772 tes
218 753 352 772 occasum
362 753 424 771 ver-

154 787 215 812 nus,
234 779 354 813 ignota:
378 778 423 805 so—

154 812 242 839 dinae
252 813 322 839 salis
330 812 388 838 albi
400 814 430 838 et

154 846 296 880 purpurei
319 845 431 872 distan-

153 885 200 906 tes
219 880 325 906 itinere
339 879 430 905 deno-

184 921 248 939 ruin
265 912 395 938 dierum:

170 954 249 981 aqua
272 945 413 974 caelestis

481 286 566 326 610

878 280 1343 320 HERODOTl

481 410 562 437 του
602 395 680 435 τοῦ
716 390 873 444 οὔρεος
910 391 954 434 οἷ
989 388 1218 444 ἅνθρωποι
1256 386 1379 433 οὗτοι
1407 389 1628 444 ἐπώνυμοι
1657 389 1741 446 ἐγέ-

481 479 614 507 vovto
628 479 634 486 '

695 462 925 505 καλέονται
962 461 1045 517 γὰρ
1089 461 1141 515 δὴ
1172 459 1409 509 Ἄτλαντες.
1467 458 1664 515 λέγονται
1694 462 1740 504 δὲ

484 533 583 577 οὔτε
613 533 804 588 ἔμψυχον
835 532 965 575 οὐδὲν
997 531 1238 582 σιτέεσθαι,
1281 530 1380 572 οὔτε
1410 529 1589 574 ἐνύπνια
1620 530 1741 585 ὁρᾶν.

481 605 624 660 Μέχρι
660 605 739 660 μὲν
778 602 830 659 δὴ
864 606 952 646 τῶν
978 600 1220 645 Ἀτλάντων
1249 597 1439 651 τούτων,
1480 601 1558 656 ἔχω
1588 603 1638 644 τοὶ
1671 600 1744 645 οὐ·

482 675 651 730 νόματα
689 679 775 718 τῶν
811 675 856 718 ἐν
887 678 937 731 τῇ
968 672 1115 730 ὀφρύῃ
1145 671 1465 725 κατοικημένων
1494 673 1740 725 καταλέξαι·
1760 679 1803 714 15

457 746 536 790 2τό
575 744 616 789 δ’
651 746 736 789 ἀπὸ
767 745 960 798 τούτων,
993 744 1150 787 οὐκέτι.
1209 740 1344 797 διήκει
1374 738 1415 784 δ’
1449 735 1511 783 ὦν
1540 741 1566 798 ἡ
1599 742 1743 799 ὀφρύη

486 816 607 872 μέχρι
642 816 914 874 Ἡρακληΐων
955 814 1167 871 στηλέων,
1217 812 1288 857 καὶ
1327 811 1376 855 τὸ
1419 811 1496 863 ἔξω
1534 812 1743 855 τουτέων·

488 888 577 931 ἔστι
617 888 662 931 δὲ
703 887 806 938 ἁλός
842 903 886 931 τε
926 887 1135 944 μέταλλον
1176 885 1224 928 ἐν
1264 882 1373 939 αὐτῇ
1415 883 1486 926 διὰ
1516 881 1618 926 δέκα
1647 880 1745 938 ἡμε-

428 1056 491 1093 hoc
522 1060 631 1093 monte
651 1070 772 1094 nomen
791 1057 849 1094 illi
870 1061 1009 1094 traxere
1028 1057 1088 1094 ho·
1143 1055 1238 1092 finiri
1258 1053 1437 1091 Herodoti
1459 1066 1606 1102 quoque
1625 1055 1803 1091 narratio-

428 1114 536 1150 mines
555 1113 724 1150 Atlantes.
757 1114 830 1150 Ubi
850 1127 917 1150 vox
936 1111 1090 1152 ἐπώνυ-

429 1184 521 1220 μος,
552 1170 604 1206 cui
627 1170 777 1219 simplex
799 1170 906 1218 vulgo
930 1170 1090 1206 adstrui-

430 1230 489 1262 tur
522 1226 702 1274 genitivus
734 1225 796 1274 (cf.
820 1225 877 1270 ll,
912 1228 991 1264 112
1010 1222 1091 1273 sin.)

430 1282 739 1332 praepositionem
769 1279 831 1319 ἐπὶ
857 1282 1007 1318 assumit
1036 1293 1094 1326 e0,

430 1337 574 1387 opinor,
603 1349 646 1374 ex
671 1337 843 1386 loquendi
867 1350 1015 1386 genere,
1045 1337 1094 1373 de

433 1405 507 1442 qno
528 1393 681 1430 diximus
705 1393 827 1440 ale,
844 1393 911 1434 45.
948 1393 988 1430 ln
1009 1405 1095 1444 pro-

432 1449 528 1487 xime
561 1450 800 1498 sequentibus
837 1450 1003 1486 voculam
1043 1444 1093 1499 δή

434 1509 591 1555 quatuor
618 1506 788 1543 omittunt
816 1505 919 1553 libri,
948 1506 1095 1543 minime

434 1562 518 1599 mea
551 1562 698 1611 quidem
734 1563 915 1599 sententia
950 1562 1095 1599 eiicien-

435 1618 532 1654 dam.
577 1618 673 1655 Infra
699 1618 772 1664 IV,
809 1620 910 1659 187:
952 1617 993 1657 οἵ
1018 1613 1093 1669 γάρ

436 1670 499 1724 δή
556 1676 637 1713 τῶν
693 1669 866 1725 Λιβύων
924 1670 1096 1725 νομάδες

436 1745 473 1769 κ.
492 1745 522 1768 τ.
542 1731 575 1767 λ.

495 1783 586 1824 οὔτε
616 1783 797 1835 ἔμψυχον
828 1780 949 1825 οὐδὲν
978 1783 1097 1824 σιτέε-

437 1845 558 1889 σθαι,
615 1838 704 1879 οὕτε
749 1836 920 1880 ἐνύπνια
964 1840 1091 1893 ὁρᾶν]

436 1898 575 1935 Eadem
619 1901 656 1934 et
694 1897 830 1934 Plinius
874 1898 897 1935 l.
946 1898 967 1935 l.
1014 1898 1096 1946 (qui

438 1953 645 1991 Atlantibus
694 1966 738 1990 ea
775 1966 923 2002 quoque
958 1955 1096 2000 tribuit,

438 2023 535 2060 quae
582 2010 629 2046 de
676 2008 912 2047 Atarantibus
959 2009 1098 2047 Noster

437 2065 670 2111 narraverat)
704 2070 742 2102 et
764 2065 861 2103 Mela
887 2066 908 2103 l.
930 2068 953 2103 l.
994 2066 1100 2103 Tan-

439 2123 494 2170 git
522 2135 689 2171 quoque,
716 2126 809 2160 teste
841 2123 1099 2171 Wesselingio,

438 2178 593 2217 Tertull.
620 2178 679 2215 De
702 2179 820 2215 anima
841 2192 921 2229 cap.
941 2177 1005 2219 49.
1039 2178 1100 2216 Tu

438 2235 525 2272 add.
556 2235 735 2272 Ammian.
767 2235 928 2272 Marcell.
950 2235 1041 2279 XV,
1072 2236 1098 2275 3

440 2289 478 2341 ἓ.
507 2293 531 2331 6
570 2291 692 2339 ibique
722 2291 971 2341 Lindenbrog.
1012 2304 1099 2342 pag.

442 2347 523 2387 114
545 2346 720 2394 lVagner.
743 2348 789 2384 T.
812 2347 859 2384 ll.

583 2403 697 2452 Cap.
738 2402 958 2440 CLXXXV.

500 2455 632 2507 Μέχρι
655 2455 725 2507 μὲν
756 2456 805 2509 δή
829 2461 909 2497 τῶν
934 2453 1100 2497 Ἀτλάν-

441 2529 522 2554 των
542 2511 693 2553 τούτων
712 2529 745 2551 κ.
761 2530 792 2552 τ.
812 2516 859 2565 λ.]
892 2516 984 2552 Cum
1004 2529 1099 2552 mer-

443 2576 605 2617 catores,
647 2582 669 2606 a
700 2571 829 2618 quibus
863 2585 926 2608 sua
956 2573 1099 2621 accepit

441 2627 674 2673 Herodotus,
704 2639 777 2663 non
797 2627 888 2664 ultra
910 2629 1015 2665 sedes
1030 2627 1100 2664 At-

439 2683 598 2727 lantum,
620 2683 657 2719 id
682 2686 739 2719 est
761 2683 948 2731 regionem
965 2683 1097 2730 Bilma,

441 2740 491 2775 ad
525 2752 633 2787 quam
675 2738 759 2776 salis
799 2740 940 2775 emendi
988 2752 1097 2776 causa

440 2795 598 2845 profecti
621 2799 723 2831 erant
743 2807 807 2845 per
827 2795 986 2841 deserta,
1008 2808 1097 2845 pro-

442 2851 558 2899 gressi
580 2851 736 2896 fuerint,
770 2863 917 2888 necesse
945 2863 1024 2887 esse
1047 2852 1097 2888 ait

442 2906 601 2944 Heeren.
623 2906 677 2945 ld.
704 2906 757 2956 11,
787 2909 807 2947 1
830 2919 866 2958 p.
884 2906 965 2947 243
984 2906 1021 2944 in
1039 2906 1094 2944 his

1146 1125 1243 1148 nem.
1280 1110 1398 1147 Nobis
1420 1110 1524 1147 aliter
1545 1111 1656 1147 videri
1681 1111 1728 1148 de
1746 1125 1803 1148 se-

1147 1168 1254 1203 dibus
1273 1166 1456 1202 Atlantnm
1484 1166 1553 1202 iam
1578 1179 1685 1216 supra
1709 1167 1804 1203 indi-

1149 1223 1331 1265 cavimus,
1371 1222 1438 1257 hoc
1461 1234 1546 1258 vero
1572 1222 1649 1258 loco
1673 1222 1804 1259 affera-

1149 1291 1228 1317 mus
1249 1278 1293 1314 L.
1320 1276 1503 1324 Marcum,
1545 1278 1607 1326 qui
1637 1279 1684 1315 ad
1711 1278 1805 1315 Plin.

1151 1335 1174 1372 l.
1193 1335 1215 1371 1.
1236 1346 1323 1384 pag.
1347 1334 1426 1374 174
1450 1338 1486 1370 et
1518 1335 1595 1383 ipse
1617 1336 1807 1371 contendit

1149 1391 1245 1428 viam
1291 1390 1338 1426 ab
1374 1389 1569 1427 Herodoto
1609 1391 1807 1428 indicatam

1151 1459 1231 1497 cap.
1255 1447 1490 1488 181—185
1521 1447 1667 1484 minime
1699 1448 1808 1484 meri-

1153 1505 1248 1540 diem
1270 1515 1394 1540 versus
1415 1508 1623 1553 spectasse,
1657 1504 1722 1541 sed
1747 1516 1809 1540 oc·-

1151 1561 1331 1597 cidentem
1362 1572 1484 1596 versus
1514 1571 1575 1596 eas
1604 1560 1654 1596 ad
1683 1560 1807 1608 regio-

1150 1628 1237 1660 neS,
1267 1615 1364 1651 unde
1387 1615 1525 1664 lapides
1541 1616 1721 1665 pretiosos
1742 1628 1808 1665 pe-

1150 1672 1298 1717 tierint,
1338 1684 1433 1707 nunc
1469 1672 1631 1719 cognitas
1661 1673 1808 1709 nomine

1152 1728 1220 1765 Gir
1246 1740 1274 1763 s.
1305 1727 1451 1774 Girgir,
1491 1726 1609 1775 Niger
1635 1740 1664 1764 s.
1695 1727 1808 1764 Usar-

1152 1783 1242 1832 gala
1259 1782 1463 1832 BIoutz'sqne
1483 1784 1576 1822 Atrz'.

1211 1838 1290 1878 ἔστι
1321 1836 1363 1877 δὲ
1395 1836 1487 1885 ἁλός
1521 1854 1560 1878 τε
1593 1836 1806 1890 μέταλλον]

1153 1895 1225 1932 Pro
1246 1895 1324 1934 ἔστι
1348 1892 1390 1934 δὲ
1419 1897 1491 1932 duo
1513 1896 1591 1933 libri
1611 1895 1653 1935 ἐν
1676 1894 1740 1943 δέ,
1769 1900 1809 1933 ut

1153 1951 1199 1997 11,
1230 1955 1322 1992 171.
1380 1951 1431 1988 At
1457 1956 1620 2002 praestat
1649 1952 1807 2000 vulgata.

1153 2008 1367 2057 Intelligitur
1395 2014 1517 2045 autem
1545 2010 1578 2045 h.
1601 2008 1624 2045 l.
1647 2009 1734 2045 salis
1747 2007 1809 2058 so—

1154 2064 1262 2111 (lina,
1294 2065 1386 2102 bene
1406 2065 1664 2114 distinguenda
1679 2077 1701 2102 a
1721 2066 1808 2102 salis

1155 2121 1239 2157 colle
1264 2118 1388 2170 (ἁλός
1409 2118 1633 2168 κολωνός),
1674 2134 1807 2172 neque,

1154 2182 1195 2214 ut
1213 2177 1381 2214 observat
1405 2177 1562 2215 Heeren.
1583 2177 1605 2215 l.
1625 2178 1646 2213 l.
1664 2191 1701 2228 p.
1726 2176 1807 2218 244

1154 2237 1256 2281 not.‚
1295 2235 1480 2284 pertinens
1500 2235 1547 2272 ad
1571 2235 1663 2271 viam
1686 2235 1808 2271 tritam

1154 2291 1490 2339 peregrinantium,
1534 2304 1555 2327 a
1584 2303 1656 2339 qua
1686 2291 1806 2338 potius

1155 2347 1350 2383 introrsum
1372 2348 1496 2384 decem
1520 2347 1657 2383 dierum
1680 2346 1809 2382 itinere

1155 2408 1294 2440 remota
1313 2404 1358 2439 sit
1378 2403 1594 2440 collocanda.
1627 2402 1697 2444 Qui
1714 2403 1808 2438 idem

1156 2472 1192 2509 p.
1207 2459 1287 2499 245
1309 2459 1414 2496 affert
1426 2458 1586 2495 Leonem
1602 2458 1809 2494 Africanum

1157 2516 1204 2552 de
1233 2516 1372 2562 magnis
1402 2514 1483 2551 salis
1516 2515 1673 2559 fodinis,
1715 2526 1810 2562 quae

1154 2584 1270 2621 prope
1291 2570 1438 2618 'l'egasa
1473 2570 1599 2606 mediis
1620 2571 1656 2606 in
1685 2570 1809 2607 deser-

1155 2628 1202 2664 tis
1215 2627 1340 2675 viginti
1357 2627 1492 2662 dierum
1515 2627 1640 2663 itinere
1659 2638 1680 2663 a
1693 2626 1807 2663 Tom-

1155 2684 1264 2720 buctu
1282 2687 1442 2718 remotae
1461 2682 1545 2727 sint,
1575 2683 1807 2719 scribentem.

1155 2739 1279 2787 ltaque
1298 2737 1380 2774 salis
1398 2738 1545 2786 domos,
1577 2750 1667 2787 quas
1689 2738 1808 2775 Hero-

1154 2795 1262 2831 dotus
1307 2807 1390 2830 mox
1432 2799 1710 2839 commemorat,
1758 2794 1807 2831 ad

1154 2862 1254 2887 casas
1274 2850 1373 2886 Idem
1397 2851 1508 2887 refert
1528 2851 1565 2887 in
1587 2850 1733 2887 introitu
1750 2851 1808 2886 fo-

1153 2907 1318 2944 dinarum
1339 2907 1385 2944 ab
1405 2907 1462 2955 iis,
1492 2907 1553 2956 qui
1571 2907 1621 2944 ibi
1640 2919 1731 2958 opus
1752 2906 1808 2943 sa-
