1904 3304
595 205 946 248 THALIA.

197 325 395 380 ποταμοῦ
427 320 655 376 οἰκημένῃ,
688 318 844 374 ἔπεμπε
876 315 1066 370 Μύρσον
1087 314 1165 357 τὸν
1191 311 1365 368 Γύγεω,
1395 312 1467 355 ἄν-

1004 206 1068 244 111.
1384 205 1467 246 221

199 397 281 448 δρα
311 392 486 445 Λυδόν,
536 392 580 442 ἐς
621 390 777 445 Σάμον
817 387 1018 445 ἀγγελίην
1060 386 1274 441 φέροντα,
1313 383 1470 440 μαθών

167 468 277 507 3τοῦ
308 461 615 517 Πολυκράτεος
648 461 726 505 τὸν
757 460 875 504 νόον.

943 457 1225 511 Πολυκράτης
1258 454 1341 511 γάρ
1374 456 1515 499 ἐστιὸΟ

194 538 368 589 πρῶτος
395 538 481 578 τῶν
511 533 633 590 ἡμεῖς
661 535 787 589 ἴδμεν
810 529 960 587 Ἑλλητ
965 546 1046 582 ων,
1088 528 1136 581 ὃς
1164 531 1466 583 θαλασσοκρα-

139 710 331 747 Maeandri
361 710 459 747 fluvii
499 710 613 759 ripam
653 713 801 758 septen-

138 766 330 803 trionalem
360 767 429 803 sita
462 773 560 812 erat,
593 766 799 815 quindecim

138 822 302 859 milliaria
331 823 377 858 ad
405 823 590 860 meridiem
618 827 655 859 et
681 822 801 858 orien-

138 885 211 916 tem
243 880 288 916 ab
319 879 487 929 Ephes0,
519 880 548 915 si
579 891 694 928 penes
726 877 800 915 Pli-

138 937 237 972 nium
268 936 381 982 fides,
412 936 587 983 distingui
617 935 728 971 debet
753 934 799 970 ab

140 1005 183 1029 ea
203 992 408 1040 Magnesia,
442 1004 535 1041 quae
560 992 607 1028 ad
634 990 798 1041 Sipylum

139 1053 298 1085 montem
312 1049 393 1094 sita,
406 1050 597 1097 Smyrnam
613 1061 750 1093 versus,
763 1051 800 1085 et

138 1105 218 1155 ipsa
230 1105 276 1141 ad
292 1104 444 1153 Lydiam
466 1105 684 1155 pertinebat.
708 1104 799 1140 Eam

140 1174 235 1197 nunc
254 1160 490 1210 Magnisam,
521 1161 671 1198 alteram
696 1161 801 1197 Mae-

140 1218 303 1254 andriam
322 1218 432 1255 hodie
456 1218 634 1255 Inebazar
659 1217 727 1253 dici
747 1217 802 1253 af-

141 1274 295 1311 firmant.
349 1275 454 1310 Cous.
490 1274 612 1310 Strab.
641 1273 746 1319 XIV,
779 1274 797 1312 1

140 1343 175 1381 p-
198 1332 277 1370 636
299 1344 326 1366 s.
343 1330 424 1371 943
438 1331 480 1367 C.
502 1330 727 1378 aliorumque
749 1334 803 1366 te-

142 1387 321 1432 stimonia,
332 1399 426 1436 quae
435 1387 520 1423 citat
530 1387 608 1422 Van
622 1386 687 1423 der
701 1385 802 1434 Chys

141 1444 350 1479 comment.
377 1456 503 1492 geogr.
526 1443 572 1478 ad
594 1442 736 1478 Arrian.
765 1455 802 1492 p.

140 1501 206 1539 20.
238 1498 319 1535 vid.
336 1512 445 1550 supra
461 1500 486 1546 l,
505 1502 592 1540 161.
626 1498 682 1535 De
697 1496 803 1535 Μαθ-

139 1555 251 1591 andro
272 1555 427 1593 diximus
447 1557 494 1592 ad
516 1556 544 1601 l,
568 1556 631 1595 18.

198 1652 394 1707 Μύρσον]
426 1658 527 1694 Idem
551 1670 683 1694 nomen
704 1657 800 1693 infra

138 1713 186 1760 V,
211 1716 302 1754 122.
344 1713 397 1751 Ac
415 1714 585 1751 videntur
603 1714 702 1764 apud
723 1713 800 1763 Ly-

140 1771 207 1807 dos
250 1772 383 1807 usitata
423 1770 534 1807 fuisse
577 1771 725 1807 nomina
764 1774 800 1807 et

141 1826 266 1875 ,Myrsi
306 1825 360 1872 (s.
401 1826 566 1876 Myr-sili)
599 1833 634 1864 et
671 1827 800 1876 Gygz's.

142 1883 224 1918 vid.
256 1883 393 1919 Herod.
416 1883 445 1928 I,
470 1885 506 1922 7.
531 1886 555 1922 8
583 1884 672 1931 ibiq.
704 1888 799 1920 nott.

143 1938 266 1975 Verba
286 1939 544 1987 subsequentia
555 1939 744 1976 Letronne
764 1940 802 1976 in

143 1994 293 2031 Journal
318 1995 352 2031 d.
380 1996 464 2032 Sav.
495 1997 602 2036 1817
630 2008 715 2045 pag.
734 1997 803 2042 98,

143 2051 275 2087 reiecta
303 2055 337 2087 et
360 2050 531 2088 Larcheri
557 2056 595 2088 et
618 2052 802 2100 Schweig-

143 2107 309 2144 haeuseri
328 2107 629 2158 interpretatione
648 2106 804 2157 (wls-qr-

143 2176 217 2198 sum
231 2183 285 2189 —
299 2162 446 2200 Samum
455 2166 561 2209 misit,
575 2163 806 2213 rzunciumfe-

141 2223 282 2266 rentem,
296 2233 360 2269 quo
368 2223 521 2257 animum
534 2220 735 2270 Polycratis
745 2233 805 2256 ex-

139 2276 353 2326 ploramffl),
367 2278 511 2324 rectius,
525 2278 666 2327 opinor,
680 2278 730 2314 sic
749 2277 804 2313 in-

143 2335 380 2382 terpretanda
403 2346 484 2371 esse
505 2338 647 2371 censet:
678 2335 801 2380 „misit

144 2390 182 2424 in
208 2388 354 2425 Samum
373 2390 422 2426 ad
448 2389 680 2440 Polycratem,
703 2392 803 2427 cuius

146 2448 491 2492 cogitatanoveratf‘
520 2446 690 2496 Namque
703 2443 803 2486 νόον

145 2501 240 2538 idem
264 2502 381 2540 valere
398 2503 497 2551 quod
519 2499 702 2543 διάνοιαν
721 2517 802 2540 con—

147 2556 285 2604 silium,
314 2562 456 2596 mentem
485 2560 528 2607 (‚,
534 2560 584 2597 les
611 2573 718 2607 vues,
748 2561 800 2597 les

146 2613 301 2658 ‹lessiuS,
323 2614 373 2651 les
394 2613 576 2670 projets“)
597 2622 694 2654 recte
721 2629 800 2654 mo-

146 2673 210 2705 net
245 2668 275 2705 Ι
279 2674 453 2718 etronne,
492 2674 799 2721 quemadmodum

146 2726 254 2774 paulo
282 2730 384 2774 post:
416 2725 559 2776 μαθών
585 2730 642 2768 ὠν
671 2724 797 2768 ταῦτα

147 2795 214 2831 μιν
240 2777 523 2831 διανοεύμενον
559 2800 579 2823 ο
608 2781 798 2837 Ὀροίτης,

147 2849 241 2886 quae
262 2837 465 2887 Schweigh
488 2844 586 2878 reete
603 2842 653 2880 sic
670 2844 798 2880 vertit:

856 705 948 752 „hoc
977 718 1052 742 eum
1081 706 1198 741 animo
1221 707 1364 754 agitare
1388 705 1521 742 intelli-

856 777 944 812 gens
968 763 1148 799 Oroclesf‘

915 862 956 910 ‘dg
989 862 1352 912 θαλασσοκρατέειν
1384 863 1519 903 ἐπενο-

857 917 959 971 ήθη]
994 922 1049 960 De
1079 921 1284 969 Polycrate,
1315 921 1376 970 qui
1403 921 1520 958 classe

856 979 1048 1028 plurimum
1069 978 1177 1014 valuit
1205 978 1413 1026 insulasque
1438 979 1520 1027 plu-

857 1048 914 1072 res
946 1035 1085 1084 Aegaei
1115 1035 1224 1071 maris
1262 1035 1330 1072 sibi
1361 1034 1521 1081 subegit,

858 1092 1067 1128 testimonia
1106 1096 1252 1128 exstant
1291 1091 1521 1139 Thucydidis

858 1150 990 1196 (1‚13)
1009 1162 1049 1185 ac
1061 1149 1252 1185 Strabonis
1272 1147 1377 1195 (xlv
1390 1161 1425 1197 p.
1439 1146 1520 1187 945

858 1206 901 1241 B.
932 1220 958 1242 s.
992 1207 1073 1245 637
1095 1206 1164 1252 D.)
1196 1206 1332 1242 dudum
1362 1205 1471 1241 allata
1502 1216 1524 1240 a

858 1261 1030 1298 Valcken.
1090 1262 1234 1305 Quibus
1257 1262 1429 1310 equidem
1455 1261 1524 1297 hoc

860 1318 1015 1363 adiicio,
1054 1318 1124 1355 iam
1155 1322 1298 1355 mature
1328 1322 1524 1366 antequam

859 1374 1009 1411 aliarum
1042 1375 1221 1412 Graeciae
1257 1376 1419 1423 gentium
1456 1375 1526 1410 flo-

859 1436 958 1468 reret
978 1444 1035 1467 res
1056 1431 1205 1478 navalis,
1236 1432 1378 1468 Samios
1401 1434 1437 1468 et
1455 1443 1523 1467 na-

858 1488 962 1524 vibus
984 1492 1021 1524 et
1042 1493 1248 1525 mercatura
1266 1489 1443 1525 maritima
1464 1487 1522 1523 in-

859 1544 981 1593 signes
1017 1543 1180 1590 laudari;
1227 1557 1335 1593 quam
1371 1545 1408 1580 in
1445 1556 1521 1581 rem

857 1601 1112 1648 conferantur,
1145 1613 1238 1650 quae
1266 1601 1435 1639 Panoska
1461 1604 1522 1637 at-

857 1656 940 1694 tulit
959 1657 1133 1693 Samiorr.
1156 1659 1232 1696 Res
1257 1670 1342 1708 pag.
1367 1662 1418 1698 14
1442 1670 1519 1706 seq.

855 1713 954 1751 Nam
984 1718 1124 1751 mature
1148 1714 1197 1750 illi
1223 1715 1375 1751 navibus
1406 1713 1520 1751 fabri—

856 1770 983 1807 candis
1008 1784 1157 1820 operam
1179 1771 1324 1808 dedisse
1349 1772 1519 1819 adeoque

856 1827 1000 1864 navium
1022 1840 1137 1875 genus
1159 1828 1346 1876 quoddam
1367 1829 1435 1878 ipsi
1462 1827 1518 1863 in-

857 1883 1000 1920 venisse
1028 1884 1296 1933 praedicantur.
1353 1884 1412 1921 Ad
1440 1887 1520 1921 θα-

859 1940 1150 1988 λασσοκρατίαν
1213 1941 1313 1990 quod
1373 1941 1518 1987 attinet,

859 2001 986 2033 monet
1016 1996 1214 2043 Valcken„
1243 1997 1429 2044 Graecos,
1457 1997 1521 2045 qui

858 2053 968 2089 maris
1026 2054 1211 2090 tenuerint
1264 2052 1522 2090 mediterranei

860 2113 1025 2159 partem,
1057 2110 1215 2159 superbo
1244 2112 1523 2160 θαλασσοκρα-

860 2160 1038 2204 τούντων
1051 2165 1153 2202 titulo
1173 2166 1335 2214 insignes
1348 2165 1522 2211 exhiberi,

861 2234 940 2258 cum
970 2222 1018 2258 ad
1049 2221 1188 2271 aliquot
1216 2228 1359 2259 tantum
1388 2221 1522 2259 insulas

860 2276 997 2327 Aegaei
1015 2280 1124 2316 maris
1143 2279 1334 2328 imperium
1353 2291 1524 2316 exercue-

859 2335 940 2371 rint.
1000 2334 1128 2383 Agitur
1158 2341 1308 2383 autem,
1348 2339 1523 2373 monente

859 2390 1118 2439 Wesselingio,
1136 2392 1192 2429 hic
1210 2405 1281 2429 non
1299 2397 1372 2429 tam
1386 2393 1433 2429 de
1452 2405 1521 2441 po-

858 2446 950 2497 pulis
981 2449 1220 2496 gentibusve,
1259 2461 1354 2498 quae
1390 2449 1520 2498 opibus

857 2505 1047 2541 maritimis
1078 2505 1279 2551 valuerint,
1321 2518 1430 2554 quam
1471 2504 1518 2542 de

857 2561 1003 2609 regibus
1023 2563 1242 2609 tyrannisve.
1291 2561 1348 2599 De
1368 2562 1409 2598 iis
1424 2591 1434 2609 ,
1457 2561 1519 2610 qui

856 2617 956 2666 apud
989 2618 1151 2655 Graecos
1181 2618 1412 2656 celebrantur
1439 2621 1516 2655 θα-

856 2675 1240 2724 λασσοκρατοῦντες,
1306 2673 1516 2711 consulatur

855 2729 988 2778 Heyue
1020 2730 1056 2767 in
1082 2729 1178 2767 Νον.
1209 2731 1350 2767 Comm.
1378 2729 1514 2766 societ.

857 2786 963 2824 Gott.
985 2785 1033 2823 T.
1053 2786 1069 2822 Ι
1094 2800 1130 2836 p.
1152 2787 1347 2827 66—95.
1374 2785 1405 2822 Il
1426 2797 1513 2835 pag.

855 2841 1053 2890 40—71‚
1086 2842 1145 2879 ubi
1165 2847 1250 2894 post
1268 2841 1430 2879 Minoem
1454 2853 1514 2878 se-

1525 320 1567 347 rta
1589 319 1724 355 mythici,
1742 321 1801 348 Μί-

1524 362 1577 380 nos
1631 356 1654 382 (ἶ
1660 355 1777 381 nonnius
1792 361 1801 382 ε

1528 388 1647 415 Oroetis
1682 388 1719 415 ad
1747 389 1802 415 Po-

1527 422 1673 456 lyci-atem
1693 423 1802 457 episto-

1528 456 1557 483 la
1575 456 1730 484 insidiosa.
