1904 3304
285 1228 349 1271 20
409 1221 586 1264 τεύοντο
619 1218 684 1264 ἐπ’
717 1223 955 1277 Αἴγυπτον.

81 1291 282 1331 Aethiopicae·
298 1292 353 1317 lin-

102 1333 157 1351 uac
195 1329 281 1359 periti
319 1334 353 1351 ex

111 1358 310 1393 hthyophagis
319 1359 355 1386 ab

403 265 460 303 38
800 258 1268 297 HERODOTI

405 370 482 426 τὴν
504 370 744 412 Αἰθιοπίδα
772 373 995 424 γλῶσσαν·
1035 367 1082 410 ἐν
1115 362 1148 424 ᾧ
1180 368 1226 411 δὲ
1255 365 1441 418 τούτους
1471 371 1675 426 μετῇσαν,

407 442 453 484 έν
493 439 635 495 τούτῳ
675 440 839 483 ἐκέλευε
880 439 949 482 ἐπὶ
992 438 1073 495 τήν
1111 434 1373 491 Καρχηδόνα
1412 438 1558 481 πλέειν
1600 439 1679 483 τόν

382 522 401 551 2³
417 510 624 553 ναυτικόν
644 510 841 564 στρατόν.
895 511 1096 560 Φοίνικες
1118 510 1164 553 δὲ
1185 508 1268 553 οὐκ
1291 508 1462 563 ἔφασαν
1482 510 1679 567 ποιήσειν

406 586 564 625 ταῦτα·
617 580 807 635 ὁρκίοισί
846 597 890 624 τε
926 580 1010 637 γὰρ
1039 579 1264 636 μεγάλοισι
1294 579 1567 633 ἐνδεδέσθαι,
1607 583 1680 625 καὶ

407 651 491 697 οὐκ
521 652 575 695 ἄν
603 651 767 696 ποιέειν
795 652 917 703 ὅσια,
951 653 1018 696 ἐπὶ
1047 651 1152 702 τούς
1181 653 1340 701 παῖδας
1369 651 1474 702 τούς
1505 650 1737 694 {mvndvm

379 734 400 764 ὁ
414 722 759 778 στρατευόμενοι.

828 724 1050 767 Φοινίκων
1095 722 1141 766 δὲ
1188 721 1242 766 οὐ
1282 723 1588 778 βουλομένων,
1637 723 1681 765 οἱ

407 796 553 839 λοιποὶ
597 793 680 838 οὐκ
727 793 954 850 ἀξιόμαχοι
1003 793 1212 850 ἐγίνοντο.
1270 792 1566 850 Καρχηδόνιοι
1602 793 1682 849 μέν

407 883 492 910 νυν
548 865 662 909 οὕτω
709 865 989 922 δουλοσύνην
1041 863 1256 921 διέφυγον
1297 864 1408 919 πρὸς
1459 863 1680 919 Περσέων.

378 937 648 994 4Καμβύσης
676 937 761 992 γὰρ
801 939 901 993 βίην
931 935 1016 981 οὐκ
1055 937 1252 981 ἐδικαίου
1282 935 1552 991 προσφέρειν
1580 936 1681 979 Φοί-

406 1011 513 1060 νιξι,
546 1007 611 1051 ὅτι
641 1008 776 1063 σφέας
804 1024 847 1051 τε
879 1006 1042 1059 αὐτούς
1070 1007 1337 1051 ἐδεδώκεσαν
1368 1007 1577 1064 Πέρσῃσι,
1607 1006 1683 1050 καὶ

379 1083 493 1130 ῐ-,πᾶς
523 1079 569 1122 ἐκ
601 1080 822 1122 Φοινίκων
850 1078 1011 1136 ἤρτητο
1043 1078 1066 1122 ὁ
1097 1079 1304 1129 ναυτικὸς
1333 1078 1526 1134 στρατός.

1585 1077 1680 1123 δόν-
1693 1086 1738 1120 55

406 1167 474 1201 τες
507 1151 553 1194 δὲ
591 1149 664 1193 καὶ
695 1148 887 1203 Κύπριοι
918 1151 1053 1205 σφέας
1084 1149 1245 1202 αὐτοὺς
1277 1149 1494 1206 Πέρσῃσι,
1537 1149 1684 1204 ἐστρα-

411 1429 453 1469 ἐν
473 1424 506 1484 ᾦ
527 1428 569 1469 δὲ
588 1426 757 1477 τούτους
776 1430 1015 1486 μετῇσαν]

352 1486 456 1524 Libri
478 1489 662 1538 μετῇσαν,
678 1489 781 1537 quod
797 1488 1017 1537 Wesseling.

354 1545 504 1581 mutavit
533 1545 570 1581 in
600 1547 787 1598 μετῇσαν.
845 1545 1018 1583 Formam

355 1599 512 1637 ionicam
534 1597 727 1651 μετήϊσαν
751 1602 909 1639 restituit
934 1602 1018 1639 Val-

353 1656 479 1703 cken.,
518 1670 625 1706 quem
651 1670 742 1694 rece.
781 1658 865 1695 edd.
904 1659 1018 1696 secuti

354 1716 448 1748 sunt.
516 1713 698 1762 Equidem
729 1727 751 1751 a
786 1714 885 1752 libris
921 1720 1018 1752 stare

356 1768 477 1805 malui.
526 1771 633 1806 Conf.
667 1770 693 1817 Ι,
722 1772 775 1811 62
801 1771 889 1820 ibiq.
924 1776 1018 1808 nott.

358 1825 419 1860 Ad
459 1826 761 1873 significationem
800 1832 897 1864 recte
929 1827 1019 1865 Val-

358 1882 481 1918 cken.:
518 1881 627 1927 „dum
658 1882 706 1919 ad
732 1885 816 1919 istos
845 1896 1021 1920 arcessen-

357 1937 418 1973 dos
432 1939 754 1988 proficiscebantur.
786 1940 880 1976 Nam
899 1939 1020 1990 μετιέ-

359 2009 427 2032 ναι
453 2007 481 2030 5.
506 1994 762 2045 μετέρχεσθαι
783 1996 878 2033 valet
901 2010 1019 2033 arces-

358 2063 448 2098 sere,
480 2053 530 2087 ire
556 2054 728 2101 petitum,
760 2057 799 2088 ut
823 2065 933 2102 supra
959 2053 1022 2099 ΙΙΙ,

362 2108 424 2147 15.
458 2107 537 2144 Alia
558 2109 702 2146 dabunt
727 2109 948 2159 interpretes
974 2111 1022 2146 ad

357 2163 392 2200 h.
418 2163 442 2201 l.

419 2218 487 2257 καὶ
509 2214 584 2258 οὐκ
606 2215 655 2258 ἂν
674 2219 823 2260 ποιέειν
840 2218 930 2260 ὅσια
944 2237 976 2260 κ.
989 2237 1022 2260 τ.

361 2274 412 2325 λ.]
447 2276 549 2312 Haec
567 2276 614 2311 illi
634 2277 758 2313 dicunt
777 2290 844 2327 pro
867 2280 1021 2327 antiquo

361 2331 582 2368 coloniarum
620 2332 717 2377 iure,
765 2346 810 2369 ex
842 2347 914 2382 quo
947 2347 1020 2370 non

364 2387 462 2423 licuit
475 2387 552 2423 urbi
573 2387 717 2436 capituli
734 2389 866 2425 bellum
887 2390 1020 2427 inferre

363 2443 500 2479 colonis
517 2443 602 2489 suis,
618 2456 684 2479 nec
707 2444 748 2480 iis
769 2445 923 2481 vicissim
947 2459 1024 2482 mc-

361 2498 507 2549 tropoli.
545 2499 651 2542 Quae
672 2501 767 2536 enim
788 2501 886 2550 apud
907 2502 1023 2539 Grae-

359 2568 419 2592 cos
451 2555 620 2600 valuere,
665 2569 708 2592 ea
747 2557 845 2605 apud
879 2558 1021 2593 Poenos

360 2624 507 2659 quoque
546 2611 701 2648 valuisse
741 2612 912 2650 credibile
956 2619 1020 2650 est.

362 2668 442 2703 lid.
471 2668 627 2703 Heereu.
659 2668 779 2704 ldeen.
803 2669 848 2715 ΙΙ,
872 2672 889 2708 1
921 2683 955 2717 p.
968 2673 1020 2710 29

361 2728 399 2759 et
419 2723 580 2772 inprimis
599 2723 695 2759 locos
720 2725 900 2761 Herodoti
922 2726 1020 2772 wli,

361 2782 426 2820 22.
461 2779 686 2827 Thucydidis
709 2780 735 2826 Ι,
757 2782 822 2820 38.
854 2782 899 2827 Υ,
932 2784 1020 2822 106.

363 2834 489 2884 Polyb.
514 2835 594 2882 XII,
622 2839 682 2882 10,
702 2839 737 2875 3.
769 2837 876 2873 Cous.
899 2838 940 2873 C.
960 2838 1021 2874 Fr.

364 2891 564 2929 Hermann.
591 2892 783 2930 Lehrbuch
822 2893 858 2930 d.
888 2894 1021 2943 griech.

1016 1219 1129 1264 Ἐπεί
1156 1237 1200 1264 τε
1231 1221 1276 1264 δὲ
1306 1224 1366 1278 τῷ
1387 1219 1605 1278 Καμβύσῃ
1635 1220 1682 1264 ἐκ

410 1295 487 1348 τῆς
519 1289 825 1348 Ἐλεφαντίνης
864 1289 1073 1335 ἀπίκοντο
1105 1293 1149 1336 οἱ
1183 1289 1490 1348 Ἰχθυοφάγοι,
1528 1291 1685 1348 ἔπεμπε

1074 1431 1350 1470 Staatsalterth.
1374 1429 1411 1482 ἓ.
1434 1433 1500 1472 73.
1539 1431 1590 1469 Et
1608 1435 1740 1482 postea

1075 1501 1224 1538 quoque
1248 1489 1342 1525 hane
1368 1488 1546 1526 rationem
1568 1488 1737 1536 valuisse,

1076 1545 1293 1583 Hannibalis
1322 1543 1526 1595 exemplum
1548 1557 1616 1582 nos
1646 1558 1740 1595 quo-

1077 1602 1274 1639 dammodo
1309 1602 1443 1639 docere
1483 1605 1627 1651 potest,
1676 1602 1739 1651 qui

1075 1658 1301 1706 Carthagine
1328 1658 1495 1706 sugie11S‚
1526 1657 1666 1707 Tyrum
1697 1671 1739 1696 se

1074 1715 1239 1764 legatum
1275 1727 1356 1751 esse
1395 1714 1543 1751 missum
1586 1715 1738 1763 diceret,

1074 1776 1170 1809 teste
1191 1770 1296 1808 Livio
1318 1770 1489 1817 XXXIII,
1509 1771 1574 1811 48.

1135 1823 1197 1867 ὅτι
1220 1825 1346 1876 σφέας
1365 1840 1404 1865 τε
1427 1823 1576 1872 αὐτούς
1600 1822 1740 1866 ἐδεδώ-

1078 1896 1198 1923 κεσαν
1234 1882 1438 1937 Πέρσῃσι]
1473 1883 1626 1933 Colligit
1653 1885 1739 1922 inde

1077 1942 1139 1979 Fr.
1164 1941 1251 1977 Chr.
1281 1940 1480 1977 Schlosser.
1505 1940 1739 1988 (Universal-

1078 1998 1158 2035 hist.
1182 1997 1397 2034 Uebersicht
1420 2002 1487 2034 etc.
1503 1997 1529 2043 Ι,
1543 2000 1561 2036 1
1579 1994 1741 2047 p.251.)

1079 2054 1243 2104 Tyrum,
1273 2066 1381 2102 quam
1404 2054 1536 2091 Persas
1564 2066 1645 2091 esse
1670 2065 1740 2102 ag-

1080 2123 1224 2158 gressos
1259 2110 1423 2160 nuspiam
1455 2110 1742 2161 relatum‘inve-

1080 2168 1211 2213 nimus,
1233 2166 1326 2202 ultro
1347 2167 1383 2202 in
1405 2170 1625 2216 potestatem
1651 2165 1740 2203 Per-

1078 2236 1198 2259 sarum
1225 2224 1387 2259 cessisse.
1447 2222 1526 2259 Nec
1546 2222 1662 2271 magis
1683 2235 1741 2259 re-

1078 2279 1186 2314 latum
1220 2279 1439 2324 invenimus,
1472 2291 1544 2326 quo
1574 2283 1741 2328 tempore

1079 2335 1277 2370 Phoenices
1315 2334 1434 2370 Persis
1475 2346 1514 2370 se
1558 2335 1739 2372 dederint.

1076 2391 1186 2433 Quod
1209 2402 1289 2425 cum
1324 2390 1431 2439 vulgo
1455 2390 1502 2425 ad
1533 2391 1620 2440 Cyri
1648 2396 1740 2428 tem-

1081 2458 1170 2494 pora
1208 2446 1408 2491 reficiatur,
1459 2449 1574 2495 magis
1605 2448 1740 2496 proba-

1082 2502 1150 2538 bile
1175 2502 1318 2537 videtur
1343 2502 1572 2539 Dahhnanno
1600 2502 1741 2553 (Hero-

1081 2558 1156 2593 dot.
1179 2571 1214 2607 p.
1238 2561 1335 2602 151)
1364 2559 1411 2594 ad
1431 2560 1619 2607 Cambysis
1644 2565 1739 2597 tem-

1079 2627 1170 2664 pora
1201 2615 1355 2660 referre,
1389 2616 1448 2662 qui
1480 2622 1678 2664 antequam
1704 2617 1741 2653 in

1078 2670 1287 2720 Aegyptum
1309 2672 1578 2721 expeditionem
1600 2673 1739 2720 fecerit,

1078 2732 1115 2763 et
1129 2727 1346 2763 Phoenicum
1360 2733 1395 2763 ct
1409 2728 1459 2776 C)
1469 2729 1626 2778 priorum
1638 2742 1742 2767 acce—

1077 2783 1170 2832 perit
1192 2784 1426 2820 deditionem.
1446 2805 1500 2810 -—-
1516 2784 1571 2821 Ad
1592 2782 1737 2837 ἤρτητο

1078 2839 1172 2875 cous.
1197 2840 1223 2886 Ι,
1250 2840 1328 2879 125
1374 2845 1411 2876 et
1440 2841 1488 2877 ad
1516 2854 1591 2879 rem
1623 2844 1738 2893 ipsam

1080 2899 1172 2931 nott.
1193 2895 1241 2932 ad
1268 2895 1331 2943 III,
1353 2900 1418 2937 25.
