1904 3304
263 776 330 820 70

57 841 179 877 Septem
219 840 332 868 Persae

56 875 229 911 coimpirant
282 874 335 902 ad-

57 917 162 937 versus
182 908 317 944 Magum.

388 251 472 292 126

787 248 1267 289 HERODOTI

385 359 466 404 τόν
496 357 678 416 Μάγον,
709 359 757 404 ἓν
786 361 1029 416 περιτροπῇ
1056 358 1140 414 γὰρ
1168 359 1220 416 δή
1251 361 1298 403 αῖ
1324 364 1527 415 γυναῖκες
1556 377 1656 416 φοι-

386 430 535 474 τέουσι
577 436 690 475 τοῖσι
731 430 950 487 Πέρσῃσι,
996 430 1189 473 ἐλθοῦσα
1226 429 1337 486 παρ’
1369 429 1507 474 αὐτόν
1535 427 1655 489 ηὗδε.
1707 463 1713 467 .

359 501 654 558 8ὖπνωμένου
692 501 736 545 δὲ
774 504 999 556 καρτερῶς
1035 504 1118 544 τοῦ
1156 501 1342 557 Μάγου,
1394 501 1564 558 ἤφασσε
1603 501 1656 545 τοὶ

356 567 492 617 9ὦτα.
541 577 745 630 μαθοῦσα
776 574 822 617 δὲ
853 570 907 616 οὐ
937 575 1147 628 χαλεπῶς,
1178 570 1274 615 ἀλλ’
1309 570 1536 625 εὐπετέως,
1574 571 1659 616 οὐκ
1673 578 1713 614 15

387 644 540 700 ἔχοντα
568 646 646 687 τόν
677 643 819 699 ἄνδρα
851 638 958 695 εἶτα,
991 641 1052 694 ὥς
1081 642 1219 699 ἡμέρη
1249 642 1427 699 τάχιστα
1454 643 1658 700 ἐγεγόνεε,

386 716 591 772 πέμψασα
619 715 803 773 ἐσήμηνε
832 718 892 774 τῷ
921 715 1053 770 πατρὶ
1081 713 1133 757 τοὶ
1162 712 1386 769 γενόμενα.

496 785 545 829 Ὁ
583 786 629 829 δὲ
663 785 843 843 Ὀτάνης
873 785 1141 842 παραλαβών
1168 782 1434 841 Ἀσπαθίνην
1465 787 1538 830 καὶ
1569 791 1612 830 Γ
1608 803 1660 830 ω-

393 856 560 914 βρύην,
593 858 804 912 Περσέων
831 874 875 901 τε
894 856 1094 913 πρώτους
1114 855 1265 907 ἐόντας
1293 856 1366 899 καὶ
1397 856 1544 914 ἑωυτῷ
1574 858 1661 901 ἐπι-

389 927 686 985 τηδεωτάτους
715 928 758 979 ἐς
787 930 952 979 πίστιν,
985 927 1235 985 ἀπηγήσατο
1267 932 1354 971 πᾶν
1384 927 1432 972 τὸ
1464 933 1717 985 πρῆγμα·20

390 1002 434 1044 οῖ
463 1001 509 1043 δὲ
537 999 610 1043 καὶ
644 997 770 1043 αὐτοὶ
810 998 897 1054 ἄρα
935 1000 1186 1043 ὑπόπτευον
1227 1000 1342 1044 οὕτω
1372 1004 1503 1044 τοῦτο
1538 1001 1660 1056 ἔχειν.

361 1069 698 1121 Ξᾶνενείκαντος
727 1071 773 1113 δὲ
803 1075 882 1114 τοῦ
911 1070 1096 1115 Ὀτάνεω
1125 1070 1230 1122 τούς
1257 1070 1441 1127 λόγους,
1488 1071 1662 1125 ἐδέξαν-

389 1157 463 1186 το·
507 1142 580 1186 καὶ
610 1142 727 1194 ἔδοξέ
757 1154 867 1197 σφι,
900 1142 1082 1186 ἕκαστον
1113 1141 1253 1197 ἄνδρα
1275 1143 1479 1197 Περσέων
1509 1155 1663 1197 προσε·

360 1215 673 1269 3ταιρίσασθαι
710 1217 896 1266 τοῦτον,
944 1217 1004 1272 τῷ
1047 1213 1237 1257 πιστεύει
1282 1213 1478 1270 μάλιστα.

1541 1213 1663 1258 Ὀτά-

387 1302 467 1342 νης
507 1285 587 1341 μέν
625 1301 710 1328 νυν
750 1284 963 1341 εἰσάγεται
998 1281 1291 1340 Ἰνταφέρνεα·
1352 1284 1565 1342 Γωβρύης
1603 1285 1663 1335 δὲ,

332 1470 392 1508 hic
411 1483 456 1508 eo
477 1483 600 1517 sensu,
635 1482 710 1519 quo
735 1468 782 1516 Il,
816 1470 908 1518 111,
941 1469 1003 1506 ubi

333 1527 405 1564 vid.
437 1531 529 1564 nott.

391 1578 441 1622 οὕ
459 1584 650 1633 χαλεπῶς,
676 1577 762 1620 ἀλλ’
795 1576 997 1631 εὐπετέως]

334 1639 470 1677 Similis
492 1639 740 1676 abundantiae
761 1637 926 1688 exempla
946 1640 1002 1675 af-

334 1696 408 1733 fert
428 1695 604 1733 Valcken.
632 1694 892 1745 Antiphont.p.
909 1695 1001 1742 118,

336 1750 402 1792 24.
425 1751 558 1800 Lysiae
580 1763 667 1802 pag.
690 1753 784 1791 319.
806 1751 897 1787 lsaei
914 1763 1000 1801 pag.

337 1810 406 1855 67,
429 1807 466 1849 4.
515 1807 576 1845 Tu
607 1808 682 1845 vid.
711 1808 850 1845 Herod.
873 1807 919 1854 ll,
946 1808 1000 1847 43

336 1864 423 1913 ibiq.
445 1868 535 1901 nott.
556 1886 612 1891 ——-
641 1864 715 1902 Pro
734 1860 891 1914 ἤφασσε
907 1864 1002 1901 Cod.

335 1920 499 1958 Floreat.
532 1917 688 1971 ἤφασε,
730 1921 832 1970 quod
857 1920 1001 1970 praefe-

336 1977 490 2014 rendum
515 1976 654 2014 iudicat
681 1989 810 2014 censor
838 1977 1001 2014 lenensis

340 2034 449 2074 1817
467 2046 521 2070 nr.
548 2034 641 2074 164.
663 2046 750 2085 pag.
772 2031 866 2074 374.

538 2090 646 2140 Cap.
680 2089 794 2127 LXX.

398 2143 641 2197 παραλαβών
680 2166 732 2174 —
774 2145 813 2192 ἐς
843 2143 1001 2195 πίστιν]

339 2200 670 2254 παραλαμβάνειν
690 2203 862 2251 frequens
880 2204 927 2240 de
947 2202 1002 2248 iis,

341 2260 403 2309 qui
435 2260 570 2296 socium
603 2259 760 2308 aliquem
800 2259 866 2295 sibi
897 2271 1002 2295 assu-

340 2319 459 2362 munt,
483 2327 511 2351 s.
525 2315 751 2360 adsciscunt3
770 2315 833 2360 lV,
846 2317 910 2355 80.
923 2314 1003 2362 Vll,

345 2373 438 2411 106-
461 2373 552 2411 168.
569 2373 658 2411 169.
680 2371 849 2421 Xenoph.
864 2371 1002 2420 Cyrop.

342 2427 373 2476 I,
391 2425 431 2474 4,
451 2427 514 2468 15.
552 2427 675 2464 Verbo
698 2422 1002 2477 προσλαμβάνε-

345 2486 444 2522 σθαι
490 2483 599 2520 utitur
636 2483 779 2520 Ctesias
815 2483 1002 2532 Excerptt.

345 2539 464 2577 Perss.
489 2538 524 2590 ἓ.
551 2537 602 2578 14
622 2552 688 2589 pro
716 2553 773 2585 e0,
804 2540 904 2588 quod
926 2539 1004 2576 He-

343 2596 495 2634 rodotus
523 2595 645 2645 posuit
672 2610 701 2633 π
712 2610 732 2645 ρ
746 2610 765 2633 ο
780 2607 802 2633 σ
815 2609 830 2633 ε
844 2611 861 2632 τ
874 2610 897 2632 α
911 2610 922 2633 ι
937 2610 957 2645 ρ
972 2595 1004 2633 ί-

348 2653 392 2699 ζε
406 2655 528 2690 σθαι
552 2657 587 2689 et
609 2651 643 2688 h.
664 2652 686 2690 l.
708 2656 744 2689 et
761 2652 805 2697 V,
819 2654 884 2692 66.
904 2651 1002 2688 Add.

345 2709 492 2746 Ctesiae
518 2708 627 2746 Excc.
651 2708 771 2745 Perss.
799 2706 833 2758 ᾗ.
855 2709 919 2747 60.
964 2708 1003 2744 ln

346 2765 496 2802 Graecis
514 2769 637 2801 autem
659 2764 862 2801 civitatibus
883 2763 1003 2800 liberis

346 2834 413 2859 nec
435 2821 554 2858 minus
572 2820 714 2857 Romae
737 2819 927 2865 sodalitia,
966 2819 1003 2856 in

347 2889 454 2927 quae,
483 2880 667 2928 quotquot
690 2889 712 2914 a
737 2875 923 2926 republica
942 2888 1004 2913 ex-

1058 1467 1148 1506 clusi
1177 1471 1242 1504 aut
1274 1467 1404 1505 remoti
1442 1470 1569 1514 erant,
1620 1466 1720 1505 haud

1057 1537 1139 1561 raro
1159 1524 1254 1561 coire
1275 1524 1440 1561 solebant
1460 1524 1621 1573 indeque
1634 1537 1722 1561 con-

1056 1581 1234 1617 iuratione
1254 1582 1350 1617 facta
1368 1592 1481 1616 novas
1511 1580 1626 1617 moliri
1648 1593 1722 1628 res,

1058 1638 1226 1674 dicuntur
1255 1635 1393 1686 ἕταιρ
1409 1636 1486 1675 εία
1520 1649 1549 1673 s.
1571 1648 1721 1675 συνω-

1058 1692 1221 1744 μοσία.
1299 1693 1406 1730 Conf.
1448 1692 1492 1729 C.
1533 1693 1593 1729 Fr.
1624 1693 1722 1730 Her-

1058 1762 1178 1787 mann.
1201 1748 1336 1786 Lehrb.
1358 1750 1394 1786 d.
1417 1749 1563 1787 Griech.
1577 1750 1722 1786 Staats-

1058 1806 1199 1843 alterth.
1220 1803 1257 1856 ἓ.
1279 1808 1344 1851 70,
1363 1810 1439 1842 not.
1453 1807 1491 1844 2.
1523 1805 1721 1842 add.Fri‹l.

1059 1863 1234 1900 Creuzeri
1251 1862 1419 1899 Roemm.
1445 1861 1721 1911 Antiquitaeten

1059 1917 1095 1969 ἓ.
1123 1918 1202 1958 148
1232 1931 1319 1968 pag.
1339 1919 1420 1959 203
1446 1930 1500 1967 sq.
1531 1919 1589 1955 ed.
1618 1919 1721 1955 alter.

1058 1976 1165 2019 Quae
1186 1974 1283 2011 haud
1305 1975 1378 2011 seio
1407 1987 1454 2011 an
1480 1975 1722 2023 quodammo-

1060 2032 1108 2068 do
1122 2032 1258 2068 saciant
1280 2031 1328 2067 ad
1344 2044 1447 2068 usum
1464 2031 1565 2068 verbi
1580 2043 1721 2083 προσε-

1059 2088 1318 2139 ταιρίζεσθαι.
1609 2121 1613 2127 ,

1118 2147 1190 2183 τοῦ
1227 2139 1419 2194 Ὀτάνεω]
1464 2142 1525 2180 Sic
1556 2142 1721 2193 plerique

1059 2201 1151 2239 libri.
1181 2200 1212 2237 E
1234 2200 1403 2237 Mediceo
1424 2199 1585 2238 Gronov.
1605 2194 1721 2237 Ὀτά-

1060 2272 1191 2303 νεος,
1230 2261 1269 2293 ut
1289 2256 1374 2292 olim
1396 2268 1543 2304 quoque
1566 2255 1627 2302 ΙΙΙ,
1650 2258 1720 2303 71,

1060 2315 1121 2351 ubi
1140 2326 1205 2350 nos
1224 2325 1304 2349 cum
1327 2316 1478 2349 recentt.
1500 2312 1585 2352 edd.
1613 2325 1722 2362 repo-

1061 2370 1194 2407 suimus
1225 2364 1433 2415 Ὀτάνεω;
1453 2367 1531 2404 coll.
1557 2368 1619 2414 ΙΙΙ,
1653 2367 1720 2415 84,

1061 2439 1133 2475 quo
1153 2425 1232 2462 loco
1254 2424 1334 2461 libri
1356 2425 1427 2460 duo
1447 2419 1639 2472 Ὀτάιιεος,
1663 2437 1721 2461 re-

1061 2483 1145 2531 liqui
1185 2476 1386 2519 Ὀτάνεω.
1463 2482 1525 2517 δίε
1554 2481 1627 2526 ΙΙΙ,
1664 2479 1719 2520 74

1062 2539 1194 2575 retinui
1218 2533 1508 2588 Πρηξάσπεω,
1550 2537 1612 2573 ubi
1639 2536 1722 2574 libri

1060 2594 1182 2645 plures
1208 2589 1404 2644 Πρηξάσπ
1416 2607 1432 2630 ε
1446 2607 1465 2631 ο
1481 2608 1510 2639 ς.

1119 2645 1326 2700 εἰσάγεται]
1353 2649 1525 2686 Valcken.
1548 2648 1720 2686 substitui

1059 2706 1136 2743 vult
1155 2702 1338 2754 ἐπάγεται
1357 2719 1376 2742 e
1398 2705 1531 2742 Zonar.
1550 2705 1720 2751 Ann.1V‚

1059 2777 1096 2813 p.
1127 2765 1205 2803 128
1224 2762 1267 2798 B.
1296 2782 1352 2790 —-
1391 2761 1506 2798 Paulo
1539 2767 1625 2799 ante
1654 2773 1720 2811 pro

1060 2821 1112 2871 τῷ
1139 2818 1288 2867 quidam
1312 2818 1393 2854 libri
1419 2813 1508 2870 ὅτῳ,
1533 2818 1633 2866 quod
1654 2829 1721 2867 per

1061 2888 1100 2912 se
1121 2875 1269 2924 quidem
1284 2887 1357 2911 non
1371 2874 1632 2921 damnandum,
1655 2872 1721 2910 sed

1726 1290 1808 1330 233
