1904 3304
518 934 1102 982 EXCURSUS
1176 937 1198 981 I

441 1060 535 1097 AD
608 1060 1284 1108 HERODOT.111,28.

296 1158 376 1201 (Ex
406 1159 624 1193 Creuzcri
649 1160 888 1194 commentatt.
915 1160 1094 1194 Heroden.
1118 1170 1203 1204 pag.
1227 1159 1291 1194 132
1315 1158 1431 1201 seqq.)

221 1387 375 1434 „Nemo
398 1390 535 1435 nescit,
566 1395 792 1442 quantopere
813 1391 847 1427 in
872 1391 989 1436 notis,
1029 1390 1160 1439 quibus
1180 1390 1268 1438 Apis
1290 1401 1312 1425 a
1330 1387 1476 1436 reliquis
1499 1388 1615 1424 bubus

111 1455 408 1504 dignosceretur,
451 1459 664 1494 enarrandis
689 1459 897 1508 discrepent
915 1459 1009 1495 inter
1025 1471 1065 1494 se
1087 1458 1301 1507 scriptores,
1340 1468 1492 1504 quorum
1514 1455 1618 1505 plura

110 1523 319 1561 testimonia
344 1526 529 1573 congessit
553 1526 778 1562 lablonskius
802 1527 838 1562 in
858 1525 986 1563 Panth.
1008 1525 1057 1561 IV
1080 1539 1118 1574 p.
1141 1526 1220 1564 182
1239 1536 1340 1571 seqq.
1382 1522 1475 1559 Illud
1497 1527 1618 1559 tamen

111 1593 294 1639 agendum
310 1592 471 1640 videtur,
512 1598 551 1629 ut
571 1594 839 1642 distinguamus
857 1593 1043 1642 primarias
1065 1593 1159 1629 inter
1179 1596 1286 1628 notas
1311 1594 1348 1628 et
1370 1590 1616 1627 secundarias.

109 1656 170 1694 Ad
187 1657 266 1695 illas
289 1664 411 1696 autem
431 1661 615 1709 pertinere
634 1662 732 1698 dicas
753 1661 897 1708 nigrum
916 1658 1071 1697 colorem
1090 1661 1263 1697 variatum
1283 1659 1380 1697 albo.
1437 1659 1618 1708 Loquitur

108 1727 243 1764 Strabo
263 1726 381 1773 XVII,
404 1728 485 1768 808
505 1742 542 1778 p.
563 1729 644 1770 562
669 1729 802 1766 Tzsch.
823 1728 915 1764 hanc
936 1728 1051 1777 ipsam
1072 1741 1147 1765 rem
1165 1739 1474 1764 commemorans:
1516 1726 1617 1762 Con-

109 1795 206 1843 gruit
223 1794 452 1841 Plutarchus,
483 1796 543 1844 qui
564 1797 610 1834 de
630 1797 725 1834 Iside
746 1802 781 1834 et
802 1796 936 1833 Osirid.
956 1808 993 1845 p.
1018 1797 1098 1835 368
1119 1808 1154 1845 p.
1175 1795 1256 1835 508
1278 1795 1315 1830 in
1335 1794 1430 1830 hunc
1447 1794 1615 1830 modum:

109 1858 182 1900 Διὸ
199 1859 266 1899 καὶ
286 1865 368 1907 τοῖς
387 1863 458 1911 τῆς
480 1859 648 1913 σελήνης
670 1859 864 1914 σχήμασιν
886 1862 987 1902 ἔοικε
1006 1859 1130 1901 πολλοὶ
1155 1865 1226 1901 τοῦ
1244 1860 1428 1907 ’'Anidog‘,
1458 1874 1616 1912 περιμε-

109 1927 346 1979 λαινομένου
376 1926 423 1967 τὰ
451 1928 610 1979 λαμπροὶ
630 1936 710 1977 τοῖς
730 1934 899 1981 σκιεροῖς
917 1930 971 1978 *).
1030 1930 1210 1979 Imprimis
1232 1929 1392 1966 tenenda
1419 1933 1504 1965 sunt
1527 1927 1618 1966 haec

109 1996 250 2034 Aeliani
275 1997 324 2033 H.
354 1995 398 2033 A.
427 1997 502 2044 XI,
535 2000 584 2037 10
614 2011 650 2047 p.
670 1998 750 2038 350
793 1997 986 2042 Schneid.‚
1035 1996 1095 2046 qui
1123 2000 1362 2045 posteaquam
1384 1995 1616 2032 Herodotum

110 2068 148 2102 et
181 2064 432 2112 Aristagoram
462 2065 551 2102 dixit
580 2065 648 2102 hac
677 2067 712 2102 in
741 2079 780 2103 re
809 2077 883 2101 non
908 2076 1170 2113 usquequaque
1195 2064 1372 2113 probasse
1402 2076 1505 2100 suam
1534 2064 1616 2100 dili-

60 2154 64 2161 ι
109 2133 272 2181 gentiam
290 2132 500 2182 Aegyptiis,
532 2132 622 2170 haec
641 2134 792 2183 carptim
815 2132 976 2169 subiicit:
1009 2130 1090 2169 Καὶ
1108 2128 1181 2182 γάρ
1201 2146 1263 2169 τοι
1282 2131 1349 2170 καὶ
1369 2127 1444 2182 τήν
1466 2128 1616 2170 ἄνοδον

108 2196 184 2251 τὴν
204 2201 277 2239 τοῦ
304 2200 445 2238 Νείλου
473 2198 707 2251 ύποδηλοῦν
735 2196 897 2251 σημεῖόν
918 2211 1017 2248 φασι
1037 2195 1291 2251 (Αἰγύπτιοι)
1303 2195 1359 2250 **)
1391 2197 1458 2237 καὶ
1478 2195 1522 2237 τό
1542 2200 1616 2237 τοῦ

110 2268 266 2317 κοσμοῦ
290 2269 432 2318 σχῆμα,
453 2264 532 2307 ἄλλ’
555 2266 650 2319 ὄψει
668 2283 705 2307 τι
725 2266 791 2306 καὶ
814 2262 1028 2318 σύμβολον,
1058 2265 1112 2313 ὥς
1130 2266 1275 2306 ἐκεῖνοι
1294 2265 1489 2319 λέγουσιν,
1517 2262 1613 2318 ὅπερ

158 2434 191 2477 *)
215 2434 291 2467 Hoc
316 2433 427 2478 ipsum
452 2434 496 2467 ad
522 2434 634 2468 oculos
655 2432 833 2477 exponitur
854 2433 888 2465 in
911 2431 1028 2465 tabula
1051 2431 1180 2474 Isiaczi,
1206 2431 1264 2466 ubi
1281 2432 1423 2476 nigredo
1440 2435 1475 2466 et
1494 2431 1614 2465 albedo

201 2490 292 2523 inter
321 2502 358 2523 se
382 2490 516 2524 variant
547 2490 582 2523 in
615 2502 758 2535 corpore
783 2489 912 2533 Apidis.
961 2489 1038 2522 Vid.
1063 2489 1206 2533 figuram
1229 2490 1424 2534 insignitam
1447 2488 1548 2523 litera
1571 2489 1612 2522 R-

202 2546 325 2591 Neque
348 2547 447 2581 lunae
471 2547 675 2592 significatio
701 2548 797 2581 deest
820 2547 855 2580 in
881 2559 920 2580 eo
946 2546 1045 2581 bove.

161 2636 211 2678 ⁰)
235 2632 459 2680 Εὕετηρίας,
495 2640 569 2672 sive
598 2638 774 2672 felicitatis
799 2637 897 2680 anni,
935 2637 995 2670 abs
1027 2636 1092 2681 Api
1123 2641 1260 2681 captum
1295 2637 1468 2680 augurium
1501 2637 1615 2682 prodit

205 2692 398 2728 Scholiasta
431 2695 571 2729 Luciani
606 2697 649 2729 de
682 2695 836 2728 Sacrific.
869 2695 940 2735 ΙΙΙ,
975 2694 1018 2728 79
1056 2694 1131 2738 Bip.
1187 2694 1296 2732 Quam
1331 2705 1399 2727 rem
1433 2705 1507 2727 cum
1541 2693 1613 2726 Nili

203 2761 344 2783 ascensu
369 2762 423 2794 ap.
448 2753 623 2786 Aelianum
648 2753 680 2785 h.
708 2753 730 2788 l.
754 2752 921 2796 componit
945 2751 1217 2785 Hemsterhusius
1242 2750 1283 2783 ad
1316 2751 1404 2784 illum
1429 2762 1507 2794 pag.
1534 2750 1611 2783 427.

204 2806 258 2839 De
282 2806 482 2851 scriptorum
506 2809 735 2854 discrepantia
758 2808 792 2842 in
817 2809 906 2842 notis
928 2808 1048 2853 Apidis
1079 2807 1299 2851 designandis
1330 2814 1442 2841 monet
1467 2806 1610 2839 Wessel.

203 2863 246 2896 ad
270 2864 410 2897 Diodor.
435 2865 470 2904 1,
495 2865 538 2900 85
563 2878 641 2910 pag.
666 2868 721 2901 96.

167 2922 376 2960 Hmzonor.
418 2924 462 2961 ΙΙ.
1310 2924 1359 2964 41
