1904 3304
274 1002 340 1050 52

412 259 468 298 92

808 258 1273 299 HERODOTI

410 365 504 423 βών
533 367 606 410 καὶ
636 372 793 418 τοῦτο,
832 367 902 410 καὶ
934 368 1132 422 μαλακὸν
1161 369 1382 413 ἐνδιδόναι
1415 371 1682 426 βουλόμενος

410 437 566 490 οὐδὲν,
624 435 652 498 ᾗ
697 439 720 483 ὁ
769 440 1010 491 ἐξελασθεὶς
1056 438 1139 483 ὑπ’
1191 438 1330 484 αὐτοῦ
1371 445 1471 491 παῖς
1512 445 1683 486 ὁίαιταν

407 508 614 564 ἐποιέετο,
662 513 704 562 ἐς
743 512 928 561 τούτους
969 511 1150 567 πέμπων
1189 511 1393 568 ἄγγελον,
1437 511 1680 569 ἀπηγόρευε

378 579 473 636 4μή
503 598 578 636 μιν
608 581 810 624 δέκεσθαι
843 583 1028 625 οἰκίοισι.
1078 581 1101 625 ὁ
1134 581 1200 630 δὲ,
1246 583 1360 633 ὅκως
1393 581 1736 639 ἁπελαυνόμε-Βὸ

406 667 482 703 νος
512 652 637 695 ἔλθοι
668 652 709 703 ἐς
739 651 872 708 ἄλλην
903 655 1067 709 οἰκίην,
1116 651 1374 696 ἀπελαύνετ’
1406 652 1461 697 ἂν
1491 656 1564 697 καὶ
1592 654 1680 699 ἀπὸ

404 722 583 779 ταύτης,
625 722 898 776 ἀπειλέοντός
927 741 971 768 τε
1001 729 1081 768 τοῦ
1111 724 1393 777 Περιάνδρου
1423 730 1536 768 τοῖσι
1567 728 1681 778 δεξα-

375 793 598 849 5μένοισι,
646 795 719 838 καὶ
759 795 945 850 ἐξέργειν
985 795 1250 847 κελεύοντος.

406 862 449 907 δ’
483 863 537 907 ἂν
567 864 634 921 ἤϊε
664 865 737 909 ἐπ’
769 865 918 923 ἑτέρην
947 871 1035 910 τῶν
1066 867 1275 922 ἑταίρων·
1325 870 1369 911 οἱ
1394 869 1462 919 δὲ,
1495 869 1567 912 ἅτε
1599 873 1737 913 sss-40

1327 795 1681 853 ἀπελαυνόμενος

406 937 618 990 ριοὶνδρου
654 936 783 980 ἐόντα
820 940 977 990 παῖδα,
1026 939 1179 992 καίπερ
1211 941 1526 994 δειμαίνοντες,
1564 939 1681 994 ὅμως

400 1006 613 1050 ἐδέκοντο.

678 1009 807 1059 Τέλος
838 1010 884 1052 δὲ
923 1008 946 1052 ὁ
981 1011 1255 1063 Περίανδρος
1293 1009 1498 1067 κήρυγμα
1529 1012 1680 1068 ἐποιή-

406 1089 535 1131 σατο,
569 1078 616 1130 ὃς
644 1079 701 1122 ἄν
732 1080 758 1135 ἢ
789 1082 965 1123 οἰκίοισι
989 1079 1249 1136 ίποδέξηταί
1278 1099 1375 1137 μιν,
1407 1082 1434 1138 ἢ
1463 1084 1679 1136 προσδια-

404 1153 559 1206 λεχθῇ,
601 1150 701 1207 ἷρὴν
731 1153 883 1207 ζημίην
919 1154 1080 1194 τοῦτον
1109 1155 1170 1207 τῷ
1205 1151 1441 1196 Ἀπόλλωνι
1471 1151 1676 1207 ὀφείλειν,

403 1220 514 1276 ὅσην
558 1221 611 1279 δὴ
655 1224 788 1273 εἴπας.

404 1290 506 1335 οὔτε
547 1295 611 1344 τίς
661 1295 703 1336 οἱ
751 1294 1051 1347 διαλέγεσθαι,
1105 1294 1204 1335 οὔτε
1247 1295 1427 1336 οἰκίοισι
1477 1295 1734 1337 δέκεσθαι45

858 1221 968 1275 πρὸς
1009 1216 1069 1264 ὧν
1112 1221 1164 1277 δὴ
1205 1227 1338 1265 τοῦτο
1379 1222 1428 1266 τό
1460 1223 1677 1279 κήρυγμα,

399 1364 548 1420 ἤθελε·
583 1363 695 1419 πρὸς
725 1363 789 1413 δὲ,
820 1362 923 1408 οὐδὲ
954 1364 1087 1416 αὐτὸς
1118 1364 1280 1415 ἐκεῖνος
1310 1364 1499 1408 ἐδικαίευ
1528 1370 1673 1421 πειροῖ·

399 1537 577 1590 μαλακόν
592 1535 794 1579 ἐνδιδόναι
807 1562 859 1567 -
873 1536 1006 1590 ου’δὲ-ν]

341 1597 367 1634 i.
404 1610 436 1634 e.
474 1598 565 1633 nihil
599 1598 781 1645 (deira)
821 1599 1005 1634 remittere.

341 1653 450 1690 cons.
474 1653 537 1699 ΙΙΙ,
564 1656 664 1698 105,
696 1660 734 1690 et
758 1667 851 1701 quae
881 1654 1005 1690 citavi-

343 1722 423 1747 mus
445 1710 548 1759 plura
570 1711 616 1746 ad
632 1710 811 1746 Plutarch.
829 1710 1004 1747 Alcibiad.

342 1779 378 1817 p.
401 1770 493 1813 171,
515 1767 726 1804 adFlznnin.
750 1780 784 1816 p.
812 1769 902 1806 100.
935 1768 1006 1804 Pr«)

342 1817 393 1875 ᾗ,
424 1823 523 1872 quod
546 1823 729 1872 sequitur,
760 1824 806 1859 ob
835 1828 1005 1859 constan-

343 1886 417 1916 tem
431 1880 611 1916 Herodoti
625 1892 728 1915 usum
749 1880 882 1916 Struve
897 1881 1004 1930 Spec.

342 1936 533 1980 IQnaest.
563 1937 609 1973 ‹le
639 1935 722 1972 dial.
751 1936 890 1972 Herod.
920 1937 1007 1973 scri-

343 1993 500 2030 bendum
518 1997 664 2029 censet:
695 1994 755 2044 τῇ.
813 1992 915 2029 Libri
932 2006 1006 2030 non

341 2049 525 2086 addicunt.
569 2050 640 2086 Pro
660 2047 859 2096 ἐξελαθεὶς
878 2051 1006 2086 rescri-

339 2106 396 2156 psi
428 2105 536 2153 ἐξελα
551 2104 682 2152 σθεὶς,
715 2110 756 2142 ut
778 2105 841 2152 lll,
862 2107 926 2146 46.
949 2128 1005 2133 -—

306 2203 311 2206 ,
338 2162 399 2199 Ad
427 2163 538 2199 verba
566 2157 792 2213 ἀπηγόρευε
824 2158 886 2213 μή
908 2164 1002 2202 conf.

339 2219 404 2265 Ill,
429 2222 507 2260 128
542 2222 578 2255 et
606 2220 654 2255 ad
684 2220 795 2257 verba
829 2214 1003 2257 α’πελαύ-

338 2270 421 2314 νετ’
441 2271 499 2313 ἂν
519 2274 650 2312 Manli.
671 2276 736 2314 Gr.
760 2275 827 2311 Gr.
848 2274 884 2326 ἓ.
905 2278 1002 2322 599,

337 2345 370 2369 a.
391 2345 477 2381 pag.
505 2333 622 2372 1198.
662 2332 702 2368 ln
727 2333 798 2368 fine
819 2346 898 2382 cap.
921 2346 1002 2369 cum

337 2393 490 2425 recentt.
513 2388 597 2424 edd.
629 2388 769 2423 restitui
794 2384 832 2425 δ’
861 2385 911 2426 ἄν
939 2386 1003 2438 ἤϊε

337 2457 404 2495 pro
426 2440 554 2493 αἰνήϊε,
583 2445 683 2493 quod
703 2445 806 2481 Reiz.
827 2446 1005 2482 ediderat.

337 2502 395 2539 Cf.
423 2502 626 2539 Hermann.
647 2501 828 2549 aeriger.
855 2515 890 2552 p.
911 2504 1004 2541 820,

560 2557 671 2606 Cap.
704 2557 783 2594 Lll.

397 2609 441 2659 ὃς
456 2608 505 2651 ἂν
526 2608 552 2661 ἢ
571 2613 732 2652 οἰκίοισι
747 2629 778 2650 κ.
791 2612 880 2664 τ.λ.]
893 2614 1005 2650 Com-

339 2674 446 2720 parat
481 2683 560 2706 cum
599 2670 695 2708 hisce
734 2670 937 2720 Sophoclea
967 2671 1003 2706 in

341 2727 478 2777 Oedip.
519 2726 682 2775 Tyrann.
720 2726 800 2767 347
843 2726 998 2764 Wessel.

339 2782 399 2820 Ad
423 2783 534 2820 verba
557 2779 657 2833 ὅσην
686 2780 736 2833 δή
765 2782 877 2829 εἴπας
899 2784 944 2819 ef.
972 2783 1001 2829 l,

343 2839 446 2886 157,
483 2844 519 2876 et
551 2840 598 2878 de
635 2840 746 2878 verbo
782 2841 1002 2892 πειρᾶσθαι

339 2896 403 2945 ΙΙΙ,
433 2898 524 2938 118.

1123 1538 1214 1591 ἱρήν
1276 1540 1419 1591 ζημίην
1475 1542 1620 1580 τοῦτον
1674 1542 1732 1594 τῷ

1063 1593 1277 1636 Ἀπόλλωνι
1299 1594 1492 1648 ὀφείλειν]
1510 1603 1579 1644 „ut
1592 1599 1620 1634 is
1639 1599 1731 1634 mul-

1065 1660 1157 1691 ctam
1181 1655 1372 1704 penderet,
1402 1668 1497 1704 qnae
1526 1651 1612 1703 ἱερὰ
1636 1658 1732 1691 esset

1062 1706 1320 1756 Ἀπόλλωνος,
1348 1724 1375 1747 s.
1391 1724 1485 1760 quae
1506 1712 1537 1748 ei
1559 1712 1629 1748 deo
1647 1715 1731 1747 tan-

1063 1781 1172 1816 quam
1210 1768 1400 1804 donarium
1445 1772 1731 1813 consecraretur,

1065 1826 1156 1860 sicut
1195 1837 1333 1872 cygnus
1369 1837 1401 1860 v,
1438 1837 1467 1861 c.
1503 1829 1583 1861 erat
1624 1819 1729 1874 ἱερός

1063 1875 1324 1926 Ἀπόλλωνος.
1385 1880 1568 1918 Dicebant
1604 1885 1730 1917 autem

1066 1932 1325 1986 (ι’ναθήματα,
1348 1950 1376 1973 s.
1398 1937 1550 1973 donaria
1570 1948 1731 1985 vasaque

1065 2006 1169 2030 sacra
1200 1989 1301 2043 ἱερά.
1357 1994 1440 2030 vid.
1471 1993 1623 2030 Diodor.
1653 1992 1729 2029 Ex-

1063 2054 1192 2100 cerptt.
1215 2050 1351 2096 XXVI,
1370 2051 1394 2091 5
1425 2050 1547 2098 ibique
1568 2048 1728 2088 wessel.

1062 2120 1100 2156 p.
1123 2107 1215 2147 512.
1249 2107 1309 2142 Sic
1330 2108 1365 2143 in
1388 2106 1612 2143 Archontum
1635 2107 1731 2143 iure-

1062 2163 1216 2199 iurando
1248 2167 1346 2209 erat,
1388 2163 1416 2198 si
1452 2163 1531 2211 quis
1568 2162 1729 2212 ipsorum

1061 2224 1189 2256 contra
1213 2219 1314 2267 leges
1338 2220 1505 2265 fecisset,
1536 2231 1616 2255 eum
1637 2218 1729 2255 mul-

1062 2280 1142 2312 ctae
1173 2277 1318 2312 nomine
1343 2281 1503 2312 statuam
1529 2287 1630 2312 suam
1664 2288 1728 2312 au-

1062 2344 1159 2369 ream
1183 2344 1379 2382 pensurum
1408 2344 1511 2377 esse,
1551 2333 1726 2382 χρυσοῦν

1062 2383 1282 2437 α’νδριᾶντα
1339 2383 1523 2426 α’ποτίσαι
1573 2387 1727 2438 Delphis

1063 2443 1222 2494 Apollini
1255 2445 1565 2490 consecrandam,
1607 2449 1647 2480 nt
1671 2449 1727 2481 est

1063 2500 1161 2550 apud
1182 2500 1318 2538 Polluc.
1344 2500 1441 2546 vm,
1463 2502 1514 2539 86
1533 2513 1618 2550 pag.
1639 2502 1722 2541 906

1062 2557 1270 2594 Hemsterh.
1305 2557 1363 2593 Cf.
1394 2557 1536 2593 Platon.
1566 2556 1724 2593 Phaedr.

1061 2627 1097 2664 p.
1129 2614 1210 2652 235
1230 2613 1271 2649 Ε.
1299 2614 1420 2662 ibique
1451 2612 1572 2650 Schol.
1603 2626 1637 2663 p.
1670 2614 1724 2653 56

1060 2670 1208 2707 Ruhnk.
1228 2668 1457 2718 reliquosque
1471 2669 1725 2718 interprr.He-

1057 2725 1179 2762 raclid.
1201 2726 1340 2762 Pontic.
1372 2726 1479 2763 Polit.
1503 2726 1538 2773 l,
1568 2729 1641 2772 10,
1685 2726 1722 2761 in

1058 2795 1132 2831 qno
1175 2781 1255 2818 loco
1300 2783 1514 2832 explicando
1567 2782 1724 2832 turpiter

1058 2838 1181 2889 lapsus
1204 2844 1260 2875 est
1278 2839 1456 2877 Koelerus
1476 2853 1512 2890 p.
1531 2840 1629 2879 32.“
1655 2837 1720 2875 Cr.

1742 1380 1826 1421 222
