1904 3304
590 201 934 243 THALIA.

994 201 1056 239 ΙΙΙ.
1370 200 1453 240 223

181 332 333 365 νατον,
372 317 446 359 καί
482 331 557 371 μοι
595 317 727 358 τοῦτο
768 311 1059 368 ἐξαγγέλλεται
1099 307 1338 366 σαφηνέως.
1397 307 1452 351 σύ

180 405 261 432 νυν
290 386 361 442 ἐμὲ
392 387 650 442 ἐκκομίσας,
681 383 818 428 αὐτόν
849 384 922 426 καὶ
950 382 1169 439 χρήματα,
1202 380 1252 423 τά
1276 380 1356 435 μὲν
1382 378 1453 423 αὖ·
1465 385 1510 421 95

153 463 276 502 7τών
306 456 437 509 αὐτὸς
467 458 552 513 ἔχε,
586 456 639 499 τά·
672 456 717 499 δὲ
748 455 819 511 ἐμὲ
850 456 897 498 ἔα
928 455 1049 510 ἔχειν.
1094 451 1256 496 εἵνεκέν
1283 467 1327 494 τε
1356 468 1454 508 χρη-

179 530 350 586 μάτων,
382 528 525 584 ἄρξεις
554 527 724 584 ἁπάσης
752 531 828 582 τῆς
851 525 1068 577 Ἑλλάδος.
1116 526 1151 568 εἰ
1176 525 1221 568 δέ
1252 540 1327 579 μοι
1358 522 1451 566 oim-

180 602 314 652 στέεις
344 601 396 643 τὰ
426 604 524 655 περὶ
554 604 643 643 τῶν
672 596 926 654 χρημάτων,

35 681 130 725 123
178 671 386 723 στότατος
415 670 615 726 τυγχάνει
647 670 752 722 ἐών,
793 672 853 724 τῷ
886 667 968 724 ἐγώ
1002 666 1240 718 ἀποδέξω.“
1305 671 1452 710 Ταῦτα

959 597 1132 651 πέμψον
1163 595 1280 646 ὅστις
1301 612 1370 638 τοι
1387 610 1453 638 πι-

178 743 371 794 α’κούσας
402 740 424 785 ὁ
447 741 756 796 Πολυκράτης,
786 739 902 796 ἥσθη
935 756 978 782 τε
1008 739 1079 783 καὶ
1110 738 1339 794 ἐβούλετο·
1370 740 1475 782 uait

173 831 275 867 κως,
289 816 473 870 ἱμείρετο
485 814 567 869 γὰρ
580 811 811 869 χρημάτων
822 810 1030 868 μεγάλως,
1043 809 1285 864 ἀποπέμπει
1300 813 1452 865 πρῶτα

175 884 477 941 κατοψόμενον
516 883 800 938 Μαιάνδριον
828 882 1134 935 Μαιανδρίου,
1182 879 1323 933 ἄνδρα
1360 884 1450 923 τῶν

179 955 334 1005 α’στῶν,
367 955 414 1006 ὅς
444 957 486 998 οἱ
513 949 569 1010 ἦν
597 954 942 1011 γραμματιστής’
975 952 1022 1004 ὃς
1051 951 1194 1009 χρόνῳ
1221 951 1275 995 οὐ
1304 956 1451 1010 πολλῷ

173 1028 360 1082 ὕστερον
388 1026 581 1078 τούτων,
614 1026 693 1070 τόν
713 1026 883 1085 κόσμον
910 1024 987 1070 τὸν
1013 1024 1059 1068 ἐκ
1088 1027 1168 1067 τοῦ
1200 1021 1451 1080 ἀνδρεῶνος

181 1196 230 1241 σύ
251 1217 325 1240 νυν
339 1198 404 1251 ἐμὲ
418 1199 630 1251 ἐκκομίσας
640 1216 672 1239 κ.
687 1217 719 1239 τ.
732 1199 783 1250 λ.]

122 1260 145 1296 ἰ.
168 1273 198 1296 e.
232 1257 289 1295 Tu
310 1260 447 1306 igitur,
476 1261 515 1293 ut
547 1261 579 1293 et
601 1271 650 1294 me
674 1260 784 1307 ipsum

122 1328 165 1351 ex
190 1315 274 1351 hac
296 1318 426 1350 terra
457 1314 586 1350 educas
621 1318 652 1350 et
676 1328 784 1364 pecu-

120 1374 202 1408 nias
231 1384 346 1407 meas
375 1374 544 1419 exportes.
603 1371 658 1408 Ita
687 1376 784 1408 recte

120 1427 322 1476 Schweigh.
348 1427 384 1463 in
407 1426 497 1464 Lex.
519 1427 659 1464 Herod.
685 1440 784 1464 corn-

117 1497 250 1534 parans
290 1483 362 1530 ΙΙΙ,
397 1485 462 1522 43.
488 1505 543 1510 —-
585 1483 641 1520 Ad
672 1484 783 1520 verba

120 1538 270 1579 εἵνεκέν
290 1553 329 1577 τε
355 1535 567 1589 χρημάτων
590 1541 703 1589 (quod
725 1543 782 1575 at-

118 1598 207 1633 tinet
235 1595 284 1632 ad
312 1597 504 1645 pecunias)
543 1596 607 1633 Cr.
645 1596 780 1633 consuli

117 1652 193 1689 vult
224 1653 480 1701 Wyttenbach.
511 1654 780 1690 Animadverss.

117 1710 156 1746 in
175 1708 355 1747 Plutarch.
382 1707 512 1745 Moral.
531 1709 564 1746 ΙΙ
593 1723 679 1760 pag.
697 1711 775 1750 671

119 1778 196 1814 seq.
248 1764 309 1802 Tu
341 1765 413 1802 vid.
448 1765 580 1803 Matth.
619 1767 683 1804 Gr.
715 1766 781 1802 Gr.

120 1835 207 1873 pag.
234 1823 353 1861 1137.

293 1909 324 1946 C
337 1922 358 1947 a
369 1923 404 1960 p.
436 1910 604 1947 CXXIII.

178 1983 289 2036 ’ἥσθη
312 2001 352 2025 τε
370 1987 435 2026 καὶ
458 1984 660 2040 ἐβούλετο]
691 1990 784 2027 Ver-

120 2043 207 2080 bum
250 2039 434 2093 ἐβουλετο
464 2046 522 2082 hie
564 2048 782 2095 praegnanti

120 2113 202 2136 sens
207 2113 227 2135 u
249 2101 382 2137 dictum
409 2102 578 2138 videtur:
610 2102 783 2151 valdeque

119 2168 236 2192 anemo
258 2156 343 2193 haec
365 2160 523 2208 expellet,
556 2158 780 2196 cleszderavzt.

118 2212 284 2261 Schweig³
272 2213 320 2249 h.
349 2215 489 2251 reddit:
531 2216 783 2252 σοιιάιΐιοιιειη-

119 2281 182 2318 que
210 2271 357 2318 accepit.
399 2271 461 2307 Sic
490 2272 536 2318 V,
556 2270 629 2311 49:
659 2274 782 2326 θυμῷ

119 2321 375 2376 βουλόμενοι,
405 2326 531 2364 Valck.
563 2328 780 2379 interprete,

119 2388 194 2418 est:
226 2382 350 2431 ευριιῐε
367 2383 531 2430 volentes,
551 2398 702 2421 anemose
721 2386 781 2422 de-

120 2437 333 2484 siderantes,
363 2438 689 2492 ἐπιθυμητικῶς
680 2439 782 2495 πρὸς

120 2495 241 2531 ταῦτα
261 2494 511 2546 διακείμενοι.

180 2547 435 2602 ΝΙαιάνδριον
488 2553 779 2605 Μαιανδρίου]

122 2587 384 2656 ῧΙαιάνδριον
407 2609 492 2659 (pro
514 2611 779 2663 Μαίανδρον)

122 2673 215 2697 nunc
237 2668 332 2699 recte
352 2666 559 2714 repositum.
599 2668 682 2705 Vid.
703 2668 780 2706 Lu-

121 2717 211 2753 ciani
235 2717 256 2753 Ι.
279 2730 362 2755 mox
381 2719 403 2756 l.
449 2720 576 2760 Monet
599 2729 721 2762 autem
742 2725 779 2762 h.

120 2771 143 2808 Ι.
185 2772 360 2811 V.aleken
397 2777 509 2814 rarius
552 2792 640 2818 sane
679 2781 778 2830 apud

122 2828 284 2867 Graecos
295 2830 409 2881 patris
425 2845 557 2872 nomen
572 2836 646 2874 filio
663 2837 777 2876 fuisse

841 1201 1020 1247 inditum,
1051 1204 1091 1237 ut
1125 1213 1168 1238 ex
1200 1201 1235 1237 h.
1264 1198 1285 1235 Ι.
1315 1203 1503 1249 appareat.

841 1257 974 1294 Persas
998 1257 1067 1294 hoc
1087 1258 1212 1306 utique
1232 1269 1506 1304 nonnumquam

841 1315 983 1360 fecisse,
1013 1315 1076 1359 ait,
1105 1318 1143 1351 et
1166 1314 1264 1364 apud
1285 1312 1508 1350 Demosthe-

840 1383 924 1408 nem
947 1383 1095 1420 quoque
1123 1371 1286 1420 quinque
1314 1369 1508 1407 memorari

841 1426 932 1463 silios
952 1427 1114 1477 patribus
1143 1427 1388 1476 cognomines,
1445 1426 1506 1464 De

841 1482 1059 1520 llIaeandrz'o
1079 1484 1149 1520 vid.
1171 1483 1322 1520 Lueian.
1358 1481 1508 1533 Necyo-

840 1547 953 1577 mant.
988 1538 1023 1590 ἓ.
1055 1542 1118 1579 16.
1148 1540 1359 1589 Contempl.
1388 1537 1425 1590 ἓ.
1453 1536 1505 1580 14

839 1601 875 1633 et
897 1597 943 1632 ad
956 1603 1148 1645 utrumque
1164 1596 1282 1633 locum
1296 1595 1504 1633 Hemsterh.

838 1666 925 1704 pag.
949 1655 1043 1694 358.
1067 1655 1148 1693 396
1169 1666 1247 1703 seq.
1272 1652 1320 1690 T.
1344 1653 1394 1690 ΙΙΙ
1417 1653 1503 1702 Bip.

840 1710 920 1747 coll.
953 1709 1117 1746 Perizon.
1144 1711 1193 1747 ad
1218 1709 1358 1747 Aelian.
1388 1710 1431 1746 V.
1453 1709 1505 1746 H.

841 1766 924 1813 XII,
951 1765 1004 1806 53
1035 1772 1070 1804 et
1094 1767 1165 1803 vid.
1194 1768 1313 1818 ipsum
1334 1766 1505 1804 Herodo-

840 1826 916 1860 tum
936 1823 1000 1869 ΙΙΙ,
1022 1822 1101 1864 142
1121 1836 1224 1873 seqq.
1283 1822 1379 1861 Nam
1399 1822 1505 1860 Mae-

841 1880 989 1916 andrius
1006 1879 1187 1929 Polycrati
1209 1880 1399 1918 interfecto
1423 1892 1505 1917 suc-

842 1936 952 1972 cessit
979 1937 1015 1972 in
1043 1936 1144 1972 Sami
1174 1937 1336 1986 imperio.
1388 1937 1502 1974 Cuius

840 2004 897 2028 res
938 1997 1152 2029 enarrantur
1185 2006 1206 2030 a
1234 1992 1402 2030 Panofka
1433 1993 1504 2030 Sa-

838 2049 959 2084 miorr.
990 2048 1066 2085 Res
1087 2061 1171 2099 pag.
1193 2049 1245 2089 43
1268 2062 1346 2098 seq.
1394 2049 1506 2093 Quod

838 2117 924 2141 vero
961 2103 1114 2142 Lucian.
1156 2106 1193 2141 in
1224 2105 1432 2155 Contempl.
1464 2103 1503 2155 ἓ.

842 2160 894 2200 14
926 2159 1153 2209 Polycratem
1187 2162 1311 2198 scribit
1350 2162 1395 2198 ab
1435 2162 1503 2198 ad-

839 2222 960 2254 stante
981 2217 1146 2254 familiari
1166 2231 1270 2255 servo
1283 2218 1500 2256 Maeandrio

835 2274 1020 2323 proditum
1048 2286 1140 2320 esse,
1170 2274 1208 2311 id
1234 2275 1331 2312 unde
1352 2275 1501 2323 habeat,

839 2330 1007 2379 equidem
1027 2331 1161 2368 nescio.
1201 2330 1311 2381 Apud
1329 2331 1502 2369 Herodo-

838 2392 914 2422 tum
936 2386 1009 2424 tale
1032 2387 1120 2435 quid
1142 2388 1289 2426 minime
1306 2388 1469 2426 refertur.

897 2439 942 2488 ὃς
971 2438 1101 2496 χρόνῳ
1128 2466 1185 2471 -
1212 2439 1379 2496 ὕστερον
1407 2440 1500 2483 τοι(-

837 2499 938 2548 των]
970 2500 1028 2536 Ad
1061 2499 1280 2538 locutionem
1315 2501 1408 2538 conf.
1434 2501 1502 2548 Ill,

839 2558 970 2597 36.—-
991 2557 1033 2592 In
1044 2557 1209 2606 proxime
1230 2570 1334 2607 seqq.
1348 2553 1501 2608 κόσμον

837 2613 885 2649 de
907 2613 1145 2663 suppellectili
1163 2616 1317 2663 pretioso
1336 2615 1371 2651 in
1390 2613 1501 2664 Poly-

836 2669 944 2706 cratis
965 2670 1124 2707 conclavi
1144 2670 1347 2720 intelligere
1366 2670 1500 2708 malim.

835 2724 894 2762 De
911 2724 1053 2763 Heraea
1065 2726 1137 2763 dixi
1155 2727 1202 2763 ad
1221 2727 1284 2774 Ill,
1303 2730 1369 2768 60.
1381 2738 1500 2778 προσ-

836 2776 1000 2832 δόκιμον
1033 2778 1136 2821 εἶναι
1163 2782 1260 2821 valet
1289 2762 1497 2835 ειτερεοῖαη,

834 2837 929 2886 utl,
950 2841 1016 2887 78,
1046 2839 1143 2877 alibi.

1526 670 1723 698 Maeandrius
1751 678 1770 698 a

1509 705 1669 737 Polycrate
1718 713 1785 745 spe-

1510 740 1628 765 culator
1638 738 1704 765 auri
1715 738 1785 765 mie-

1509 771 1784 807 suu,‹1ecipiturab

1510 806 1633 834 Oroete.
