1904 3304
442 283 1006 325 MELPOMENE.
1065 283 1127 323 IV.
1334 288 1418 328 547

150 406 268 445 πλεε·
330 398 390 448 ὠς
423 397 468 440 δὲ
499 396 664 452 ἐγένετο
699 395 746 438 ἐν
775 399 835 452 τῷ
865 393 1062 449 πελάγεϊ,
1101 392 1417 451 ἀποσιεύμενος

149 472 229 526 τήν
255 469 487 523 ἐξόρκωσιν
515 471 596 510 τοῦ
621 465 863 522 Ἐτεάρχου,
898 468 1127 521 σχοινίοισι
1157 465 1296 521 αὐτὴν
1326 470 1415 511 δια-

150 540 284 597 δήσας
311 543 469 594 κατῆκε
499 538 542 589 ἐς
570 538 619 580 τὸ
649 538 860 592 πέλαγος,
893 535 1150 587 ἀνασπάσας
1175 538 1220 581 ὁὲ
1237 538 1414 582 ἀπίκετο

12 616 104 663 155
152 612 194 662 ἐς
230 610 309 665 τὴν
342 609 500 664 Θήρην.
557 607 786 652 Ἐυθεῦτεν
828 609 873 651 δὲ
909 609 989 662 τὴν
1021 609 1250 665 Φρονίμην
1278 627 1414 665 παρα-

146 681 297 736 λαβών
324 680 658 736 Πολύμνηστος,
689 680 775 722 ἐών
804 683 892 722 τῶν
920 681 1126 734 Θηραίων
1158 678 1268 735 ανὴρ
1300 682 1411 726 §dm-

148 768 228 807 μος
265 751 599 795 ἐπαλλακεύετο

1471 606 1643 639 Οοηοιὼἰιιτι
1660 612 1744 649 Poly-

1467 645 1676 681 mnestisacta,
1694 656 1730 682 pa

1468 669 1746 747 {332111‘151¹¹⁸1‘³3n⁰{.⁶⁶

647 751 811 806 χρόνου
843 750 889 792 δε
917 748 1161 804 περιιόντος
1191 751 1398 806 εξεγένετό
1412 762 1456 796 75
1469 736 1747 814 rcs{9‘1¹¹¹y¹}1„¹a¹¹}{32¹3

1469 814 1500 838 to
1548 812 1584 839 de
1615 814 1748 842 balbutie

1487 853 1541 872 Sss‘l
1565 848 1730 874 (ἶΟΠΘΙΙΙΕΙΙῙΙ

148 825 190 866 οἱ
221 822 323 874 πάϊς
351 822 622 879 ἰσχνόφωνος
652 822 724 866 καὶ
752 820 960 877 τραυλὸς,
995 824 1055 876 τῷ
1084 820 1257 875 οὔνομα
1287 823 1412 881 ἐτέθη
1513 879 1540 907 Ἡ
1661 881 1676 907 d
1717 882 1722 887 ι

1469 887 1519 914 qui
1552 888 1658 914 respon
1681 886 1746 909 erit.

153 1003 445 1059 ἀποσιεύμενος
478 1005 553 1059 τήν
593 1004 755 1058 ἐξόρκω-

93 1064 172 1116 σιν]
215 1066 237 1101 ἱ.
260 1078 291 1102 e.
327 1078 392 1114 quo
421 1077 456 1101 se
483 1066 670 1102 exsolveret
699 1067 754 1101 in-

98 1121 301 1158 rio-iurandi
330 1123 374 1158 ab
396 1121 575 1159 Elearclw
605 1124 758 1172 impositi

94 1179 274 1226 religione.
314 1178 370 1215 Ita
390 1179 650 1229 interpretatur
669 1179 756 1215 Val-

94 1235 200 1272 cken.
265 1232 327 1271 Tu
360 1235 454 1273 conf.
485 1237 556 1282 lv,
587 1237 680 1275 203.
726 1235 755 1282 l,

97 1294 177 1332 199
200 1290 323 1339 ibique
343 1291 421 1327 citt.

293 1346 324 1382 C
341 1359 406 1396 ap.
448 1346 559 1384 CLV.

158 1397 306 1453 χρόνου
329 1400 370 1440 δὲ
396 1399 641 1454 περιϊόντος]
676 1403 699 1439 i.
727 1415 758 1440 e.

100 1462 264 1509 temporis
293 1459 462 1505 decursu,
509 1464 548 1496 ut
573 1460 628 1505 ll,

100 1519 192 1557 133.
227 1516 337 1558 Quod
356 1515 403 1553 Is.
424 1518 530 1552 voss.
551 1515 758 1563 adscripse-

96 1577 151 1608 rat
172 1567 383 1622 προϊόντος
403 1572 609 1621 (progressu
633 1575 759 1620 tempo-

95 1630 170 1674 τῖε,
201 1632 239 1664 ut
257 1627 330 1674 VI,
353 1630 417 1667 36.
458 1628 545 1674 ΥΠ,
580 1631 658 1668 197
683 1629 759 1664 sive

97 1686 142 1729 V,
166 1685 232 1731 58,
264 1683 327 1720 ubi
351 1681 497 1734 χρόνου
517 1684 759 1734 προβαίνον-

95 1741 208 1789 τος),
238 1752 281 1776 eo
308 1741 455 1778 minime
483 1753 600 1790 opuS,
631 1753 759 1790 quam-

95 1798 149 1834 vis
181 1800 349 1833 neutrum
390 1798 436 1834 ab
466 1797 651 1834 Herodoti
691 1809 758 1833 usu

96 1853 305 1890 abhorreat.
341 1875 393 1880 —
435 1853 511 1890 Iam
552 1854 669 1904 ipsam
703 1855 758 1890 fa-

98 1922 219 1956 mam,
272 1921 381 1957 quam
420 1909 620 1958 Cyrenaeis
662 1909 759 1946 haud

98 1966 283 2013 ingratam
321 1966 501 2014 copiosius
534 1966 654 2003 retulit
678 1966 760 2002 No-

99 2027 199 2067 ster,
229 2021 391 2057 nonnihil
421 2026 597 2058 mutatam
615 2035 657 2058 ac
678 2022 760 2059 bre-

99 2078 238 2115 viorem
265 2077 464 2114 invenimus
491 2079 591 2127 apud
611 2077 759 2114 Pindar.

99 2133 208 2182 Pyth.
229 2133 279 2169 lv
299 2138 334 2170 et
357 2133 412 2180 V‚·
444 2134 502 2170 ubi
524 2133 760 2170 consulantur

101 2189 236 2226 scholia
275 2189 427 2226 Graeca.
485 2190 602 2226 Aliam
648 2195 759 2238 atque

100 2246 313 2283 Herodotus
343 2246 588 2283 narrationem
620 2246 666 2283 de
698 2259 759 2282 co-

101 2302 198 2338 lonia
219 2302 399 2350 Cyrenem
429 2303 587 2339 deducta
615 2302 759 2339 exhibet

102 2359 260 2395 Iustinus
296 2358 404 2405 XllI,
433 2361 459 2397 7
488 2358 566 2395 coll.
601 2358 759 2395 Pausan.

104 2414 152 2460 X,
173 2414 222 2454 15
253 2410 289 2463 ἓ.
318 2414 356 2454 4.
411 2414 532 2451 Schol.
571 2415 619 2451 ad
648 2415 760 2451 Calli-

102 2470 217 2505 mach.
237 2471 274 2506 in
293 2470 448 2520 Apollin.
472 2473 537 2511 65.
557 2470 632 2516 743
654 2470 760 2508 aliam

106 2525 289 2562 Menecles
328 2528 364 2562 in
404 2527 525 2563 Schol.
568 2528 616 2563 ad
654 2528 760 2564 Pind.

104 2581 212 2629 Pyth.
241 2581 311 2628 lv,
344 2586 393 2623 10
422 2582 520 2633 (coll.
545 2582 677 2620 TzetZ.
714 2585 762 2621 ad

106 2636 285 2685 Lycophr.
326 2639 426 2686 886)
461 2644 572 2688 atque
600 2640 759 2677 Acesan-

108 2693 175 2729 der
195 2693 299 2739 (ibid.
317 2694 363 2729 ad
375 2695 484 2743 init.).
516 2696 621 2739 Quae
643 2698 763 2734 omnia

108 2754 274 2785 accurate
294 2748 496 2797 disquirens
510 2751 649 2801 Thrige
667 2754 762 2792 Hist.

109 2805 242 2852 Cyren.
275 2817 360 2854 pag.
380 2801 445 2845 ‘50
477 2807 654 2845 Herodoti
682 2822 765 2846 nar-

108 2862 308 2907 rationem,
350 2860 526 2899 Thoracis
556 2865 764 2913 probatam,

109 2917 158 2954 ad
182 2930 305 2954 verum
324 2918 487 2968 proxime
507 2920 678 2960 accedere
697 2923 765 2961 sibi

668 1462 760 1499 121.

811 1008 925 1045 videri
948 1011 1095 1052 monet,
1133 1011 1356 1056 argumentis
1382 1013 1470 1050 sub-

812 1065 939 1109 iectis,
980 1077 1000 1101 e
1020 1064 1150 1112 quibus
1178 1065 1362 1104 Herodoti
1389 1081 1473 1105 nar-

812 1122 992 1158 rationem
1019 1119 1165 1169 reliquis
1195 1127 1384 1169 praestare
1404 1137 1473 1175 ap-

811 1181 951 1228 pareat.
986 1175 1107 1225 Atque
1128 1178 1216 1215 ibid.
1239 1192 1325 1228 pag.
1342 1180 1396 1222 84
1415 1182 1473 1228 iis,

813 1235 875 1283 qui
895 1233 1087 1270 recentiori
1109 1238 1231 1271 aetate
1262 1235 1308 1272 de
1328 1237 1474 1285 Cyrene

813 1303 835 1326 a
858 1289 1036 1326 Theraeis
1056 1301 1098 1326 ac
1121 1291 1313 1340 Spartanis
1345 1295 1473 1330 condi-

815 1351 854 1383 ta
877 1346 1106 1392 dubitarunt,
1133 1351 1298 1384 veterum
1322 1350 1477 1399 scripto-

814 1415 892 1439 rum
919 1402 1018 1438 haud
1045 1414 1160 1451 pauca
1187 1405 1341 1453 opponit
1371 1408 1476 1443 testi-

815 1458 957 1505 monia,
996 1458 1127 1507 quibus
1158 1459 1307 1496 Battum
1343 1463 1476 1501 edoce-

815 1528 894 1552 mur
919 1515 1083 1562 Cyrenes
1108 1516 1218 1552 suisse
1248 1518 1476 1557 conditorem

814 1571 1002 1621 ipsiusque
1040 1571 1137 1606 urbis
1170 1573 1346 1620 originem
1375 1575 1476 1612 The-

813 1627 931 1673 raeis‚
1003 1626 1270 1676 Spartanorum
1324 1629 1476 1680 colonis,

815 1683 1097 1720 adscribendam
1120 1696 1214 1721 esse.

873 1734 1122 1789 ισχνὸφωνος
1167 1738 1236 1779 καὶ
1282 1740 1473 1795 τραυλός]

817 1792 1070 1845 ἰσχνόφωνος
1098 1809 1224 1834 omnes
1253 1798 1332 1835 iibri
1365 1813 1475 1849 prae-

814 1853 903 1889 bent
938 1853 1166 1899 Herodotei3
1224 1856 1325 1903 quod
1362 1869 1474 1905 quum

815 1908 913 1946 idem
941 1909 1019 1946 sere
1048 1909 1168 1946 valeat
1198 1914 1308 1959 atque
1340 1909 1474 1952 λεπτό-

817 1979 955 2013 φωνος
986 1965 1037 2011 (ἰ.
1063 1977 1093 2002 e.
1114 1966 1209 2001 homo
1239 1967 1326 2004 exili
1345 1968 1475 2018 lingua

819 2025 853 2056 et
865 2021 1000 2069 gracili
1018 2034 1113 2067 sone,
1137 2021 1254 2070 qualis
1268 2036 1356 2061 sane
1376 2025 1476 2062 haud

819 2089 1001 2126 quaquam
1033 2078 1098 2113 fuit
1116 2078 1271 2124 Battus,
1301 2083 1396 2118 teste
1416 2081 1477 2119 Iu-

819 2134 938 2178 stino,
968 2133 1169 2179 Pausania,
1199 2135 1348 2173 Pindari
1368 2138 1476 2175 scho-

817 2189 977 2237 liasta),
1053 2190 1117 2239 qui
1167 2191 1256 2228 vitio
1324 2198 1478 2232 naturae

817 2247 943 2282 innato
1001 2245 1126 2295 lingua
1188 2247 1227 2284 in
1283 2251 1476 2298 proferen-

818 2303 874 2338 dis
933 2302 1042 2339 animi
1102 2303 1217 2340 sensis
1261 2304 1476 2344 offendebat

820 2363 933 2406 atque
972 2359 1201 2407 haesitabat,
1252 2361 1376 2410 quaies
1420 2363 1478 2400 di-

818 2419 947 2451 cuntur
980 2410 1301 2466 ἰσχόφωνοι,
1337 2420 1368 2455 si
1398 2420 1479 2469 qui-

818 2472 902 2508 dem
932 2484 1055 2509 eorum
1073 2473 1305 2523 praepeditur
1334 2475 1479 2523 lingna,

820 2523 879 2566 ὅτι
911 2527 1086 2577 ἴσχονται
1116 2531 1192 2568 τοῦ
1221 2535 1395 2578 φωνεῖν,
1437 2536 1479 2569 ut

819 2583 1171 2632 loquiturAristotel.
1192 2585 1399 2635 Pr0b1.X1,
1421 2587 1476 2629 35

820 2639 989 2688 e011.X1,
1015 2643 1081 2683 30.
1138 2641 1259 2691 Atque
1289 2644 1327 2680 id
1357 2645 1476 2694 ipsum

823 2691 1044 2745 ἰσχόφωνος
1098 2698 1147 2735 ita
1196 2701 1389 2749 exponitur
1440 2702 1478 2737 in

822 2752 955 2790 Glossa
974 2754 1184 2803 Sangerm:
1223 2753 1293 2794 τόν
1310 2753 1479 2823 μογιλά-

821 2811 892 2847 λον
931 2805 1004 2848 ου’ν.
1047 2810 1140 2850 ἔωσι
1184 2809 1330 2861 λέγειν,
1389 2807 1479 2851 ἄλλ’

823 2860 1090 2906 απελαύνουσι
1122 2863 1334 2917 Ἡρόδοτος
1372 2864 1478 2919 ἰσχό-

822 2937 974 2972 φωνον.
1005 2923 1189 2969 Quarew
1192 2925 1347 2974 esseling
1336 2926 1382 2962 io
1399 2926 1478 2975 pla-

1120 2980 1204 3021 35*
