1904 3304
625 216 973 258 THALlA.
1033 216 1095 255 111.

1411 215 1497 256 235

223 335 284 388 τῷ
303 330 495 385 Δαρείῳ·
536 327 560 372 ὁ
581 329 627 372 δὲ
657 326 779 384 ἄγειν
812 344 888 382 μιν
916 326 997 383 τήν
1025 325 1228 381 ταχίστην
1256 319 1362 378 παρ’
1394 323 1496 367 ἑωυ-

196 409 215 443 5
227 401 304 445 τόν
343 400 546 444 ἐκέλευσε.

604 399 683 442 τόν
713 400 760 443 δὲ
791 398 849 450 ὠς
877 398 1055 454 ἐξεῦρον
1085 396 1132 440 ἐν
1157 400 1269 439 τοῖσι
1298 393 1497 450 Ὀροίτεω

222 470 541 526 ἀνδραπόδοισι
578 470 688 514 ὅκου
727 470 780 526 δή
812 468 1168 526 ἀπημελημένον,
1216 470 1417 523 παρῆγον
1456 467 1499 517 ἐς

221 543 356 600 μέσον
371 577 379 591 ,

221 687 258 729 εἰ
292 685 522 729 ἐπίσταιτο.

219 758 385 802 ἑωυτὸν
414 757 608 814 ἐκφῄνας
623 790 632 807 ,

192 837 213 870 2
226 829 501 886 στερημένος.

221 901 504 957 ἐπιστάμενος
515 915 525 924 ·

431 543 565 593 πέδας
603 558 647 586 τε
683 541 887 593 ἕλκοντα,

79 623 175 666 130
221 615 451 658 Σταθέντα
483 615 527 658 δὲ
557 614 599 665 ἐς
625 613 758 670 μέσον
788 611 947 668 εἰρώτα
966 610 989 656 ὁ
1010 615 1218 666 Δαρεῖος,
1248 610 1328 664 τὴν
1345 607 1469 664 τέχνη

582 685 606 729 ὁ
655 683 696 729 δ’
738 683 820 728 οὐκ
857 683 1107 734 ὑπεδέκετο,
1159 680 1394 737 ἀρῤωδέων
1438 678 1496 735 μὴ

680 754 729 799 τὸ
762 753 972 809 παράπαν
1000 758 1077 810 τῆς
1101 751 1306 802 Ἑλλάδος
1336 746 1364 807 ᾗ
1396 748 1497 793 ἀπε-

568 825 795 884 κατεφοὲνη
849 826 894 869 δὲ
943 829 1005 883 τῷ
1053 825 1227 880 Δαρείῳ
1273 821 1500 878 τεχνάζειν,

582 899 654 943 καὶ
699 897 803 949 τούς
844 896 1089 953 ἀγαγόντας
1127 893 1265 939 αὐτὸν
1309 893 1558 937 ἐκέλευσε30

937 541 1009 585 καὶ
1051 538 1203 593 ῥάκεσι
1240 536 1498 593 ἐσθημένον.
1509 543 1555 577 25

223 971 433 1028 μάστιγάς
475 987 520 1014 τε
558 971 632 1015 καὶ
669 969 828 1024 κέντρα
863 967 1137 1025 παραφέρειν
1177 967 1221 1018 ἐς
1261 965 1309 1008 τὸ
1350 965 1497 1020 μέσον.

193 1042 270 1086 3Ὁ
300 1043 346 1087 δὲ
376 1043 570 1086 ἐνθαῦτα
609 1042 662 1099 δὴ
695 1036 758 1084 ὦν
799 1041 1016 1096 ἐκφαίνει,
1059 1038 1147 1095 φας
1178 1035 1388 1091 ἀτρεκέως
1421 1036 1500 1092 μὲν

222 1112 305 1158 οὐκ
325 1113 611 1161 ἀπίστασθαι,
646 1111 855 1170 ὁμιλήσας
886 1112 931 1156 δέ
963 1113 1119 1169 ἰητρῷ,
1151 1108 1360 1166 φλαύρως
1390 1108 1501 1163 ἔχειν

193 1183 304 1240 4τὴν
333 1183 498 1240 τέχνην.

558 1182 663 1239 μετα
695 1185 762 1236 δὲ,
803 1184 860 1235 ὥς
890 1185 934 1226 οἱ
963 1182 1190 1237 ἐπέτρεψε,

1218 1180 1505 1237 Ἑλληνικοῖσι
1515 1184 1559 1218 35

224 1255 375 1310 ἰήμασι
401 1254 665 1312 χρεώμενος,
697 1255 770 1298 καὶ
789 1253 896 1311 ἤπια
928 1252 1034 1310 μετοέ
1065 1252 1118 1296 τὰ
1148 1251 1304 1308 ἰσχυροὶ
1335 1250 1502 1306 προσά-

167 1455 274 1480 maeo
301 1455 360 1493 ap.
383 1441 515 1480 Athen.
537 1443 607 1478 XII
629 1456 663 1493 p.
685 1442 766 1484 522
786 1442 830 1479 B.

168 1503 205 1535 et
223 1498 364 1535 Aelian.
388 1499 427 1536 V.
446 1500 495 1535 H.
519 1499 617 1546 Vffl,
641 1502 702 1539 17.
731 1498 830 1536 Add.

166 1555 262 1591 Kurt
299 1555 502 1605 Sprengel,
561 1555 831 1605 pragmatische

167 1611 387 1649 Geschichte
420 1617 489 1649 etc.
516 1611 562 1650 T.
588 1612 603 1647 Ι
626 1625 711 1662 pag.
734 1613 830 1654 349.

167 1667 363 1705 Caeterum
384 1668 604 1706 Dahlmann.
627 1669 829 1716 (Herodot.

165 1736 253 1774 pag.
276 1724 329 1766 50
352 1727 458 1774 seq.)
493 1725 695 1773 existimat,
737 1726 831 1762 hanc

168 1793 313 1818 ornnem
346 1782 392 1818 de
415 1781 627 1820 Democede
651 1783 832 1819 narratio-

168 1850 250 1873 nem
265 1864 275 1882 ,
305 1839 501 1888 praecipue
523 1851 587 1885 ea,
626 1851 721 1888 quae
745 1839 831 1876 inde

169 1905 192 1929 a
217 1905 296 1942 cap.
329 1895 405 1934 131
438 1896 634 1932 memoriae
671 1896 834 1945 produn-

170 1952 252 1994 tur,
305 1949 498 1986 Herodoto
546 1952 748 1989 innotuisse
797 1952 834 1988 in

172 2004 330 2042 Graecia
387 2018 520 2055 magna
581 2008 835 2053 commoranti,

173 2061 263 2107 nisi,
314 2063 415 2111 quod
446 2063 492 2099 ab
532 2064 628 2100 omni
664 2064 837 2100 abhorret

171 2130 278 2164 vei-0,
328 2131 409 2156 eum
439 2119 510 2155 iam
547 2125 657 2157 antea
695 2119 836 2157 Italiam

170 2174 316 2222 visisse,
349 2176 531 2213 sumseris.

352 2231 465 2282 Cap.
497 2232 648 2268 CXXX.

226 2283 434 2338 κατεφάνη
454 2310 508 2315 -
527 2284 726 2338 τεχνάζειν
755 2287 836 2328 ε’πι-

172 2339 375 2394 στάμενος]
439 2344 587 2391 „Dolus
611 2349 643 2382 et
674 2346 836 2395 strophas

171 2404 316 2437 noverat
339 2401 568 2447 Dmnoaedae,
598 2405 639 2437 ut
659 2405 750 2438 artis
768 2415 835 2438 me-

175 2455 273 2493 dicae
293 2461 461 2506 peritiam
491 2459 742 2496 dissimularet.
793 2459 835 2495 ld

173 2510 408 2561 τεχνάζειν.“
441 2516 501 2553 Sic
521 2515 742 2564 W'esseling.
756 2515 834 2551 lau-

175 2567 266 2604 dans
288 2570 357 2617 vl,
391 2575 408 2611 1
427 2600 436 2618 ,
470 2573 530 2608 ubi
551 2572 677 2609 itidem
697 2568 831 2621 τεχνά

176 2624 255 2669 ζειν
286 2626 380 2663 valet
411 2628 666 2665 dissimulanda·
696 2629 834 2665 artibus

175 2681 241 2716 uti.
262 2701 317 2707 —
339 2680 618 2735 ἐπιστάμενος,
649 2685 833 2723 Larchero

175 2741 361 2784 monente,
381 2739 477 2778 idem
493 2747 549 2778 est
567 2746 677 2791 atque
693 2757 759 2780 κα
752 2743 833 2793 ’περ

177 2789 445 2844 ἐπιστάμενος.
495 2796 608 2834 Paulo
635 2803 719 2836 ante
741 2796 817 2837 ὖπε

176 2847 306 2889 δέκετο
326 2856 397 2888 est:
449 2852 508 2889 z‘lle
540 2854 602 2891 hoc
631 2856 758 2904 (quod
783 2868 831 2892 sc.

889 1445 1004 1478 artem
1029 1440 1208 1477 medicam
1237 1436 1432 1488 calleret),
1465 1439 1502 1474 in
1523 1451 1558 1473 se

889 1512 959 1534 uon
986 1499 1134 1546 recepit,
1177 1509 1207 1532 s.
1233 1496 1471 1543 interroganti
1497 1508 1558 1530 ne-

888 1555 1014 1603 gabat.
1046 1553 1157 1590 Haud
1175 1552 1280 1589 aliter
1299 1553 1361 1598 lV,
1376 1554 1469 1591 167.
1491 1551 1555 1597 VI,

889 1614 954 1652 69.
975 1632 1030 1637 -
1056 1610 1125 1657 „ln
1144 1605 1355 1660 τεχνάζειν,
1388 1608 1556 1658 repetitis

888 1668 1037 1704 vocibus
1047 1665 1159 1717 τέχνη
1173 1687 1229 1712 -,
1240 1666 1454 1716 interposito
1463 1665 1560 1701 inest

888 1724 988 1760 haud
1032 1724 1191 1760 insuavis
1221 1723 1415 1760 verborum
1448 1721 1558 1757 lusus.

886 1775 1044 1831 Ἰατρῶν
1080 1778 1216 1830 τέχνας
1254 1779 1357 1816 novit
1393 1777 1558 1816 Plotinus

889 1837 953 1884 IV,
975 1835 1015 1883 4,
1039 1839 1133 1877 42.“
1167 1836 1234 1874 Cr.

948 1889 1138 1945 φλαύρως
1169 1892 1270 1944 ἔχειν
1299 1889 1375 1943 τήν
1401 1889 1556 1943 τέχνην]

890 1949 1068 1986 Valcken.
1098 1951 1236 1987 mavult
1258 1950 1330 1999 legi
1360 1951 1425 1998 φλ.
1456 1947 1556 1999 ἔχειν

892 2007 964 2056 τῆς
990 2004 1139 2056 τέχνης.
1199 2007 1283 2050 Quo
1323 2011 1446 2043 tamen
1482 2017 1558 2041 non

893 2075 1007 2111 opus,
1057 2062 1157 2099 libris
1188 2062 1401 2113 praesertim
1428 2060 1559 2097 invitis.

893 2118 1053 2167 Vulgata
1073 2118 1187 2155 valet:
1219 2132 1253 2155 se
1273 2132 1339 2154 non
1361 2119 1448 2154 satis
1464 2118 1560 2167 peri—

894 2178 968 2211 tum
998 2188 1091 2221 esse,
1132 2175 1223 2225 quod
1255 2175 1304 2211 ad
1332 2175 1424 2211 hanc
1452 2177 1563 2210 artem

894 2233 1047 2277 attinet,
1089 2244 1123 2267 se
1154 2233 1263 2268 obiter
1302 2235 1441 2267 tantum
1472 2230 1564 2266 hanc

895 2292 1007 2325 artem
1027 2288 1165 2325 callere.
1206 2288 1286 2325 Alio
1306 2301 1415 2325 sensu
1436 2283 1562 2335 φλαύ-

895 2360 973 2396 ρως
994 2344 1094 2395 ἔχειν
1118 2344 1182 2391 VI,
1209 2346 1287 2386 135
1308 2350 1346 2382 et
1369 2339 1561 2394 φλαύρως

895 2397 1061 2440 ἀκούειν
1071 2401 1155 2448 VH,
1177 2404 1242 2448 10,
1261 2405 1300 2447 7,
1320 2401 1399 2438 coll.
1414 2400 1480 2448 vl,
1493 2400 1560 2441 94.

893 2458 1009 2495 —Ad
1020 2471 1176 2508 sequens
1188 2456 1379 2509 ἐπέτρεψε
1390 2457 1560 2505 Schwgh,

894 2514 1053 2565 suppleri
1074 2513 1192 2551 vult
1174 2516 1320 2553 εαυτοῦ
1340 2527 1390 2551 se.
1405 2529 1446 2552 το
1458 2514 1559 2565 πρᾶ-

891 2587 982 2638 γμα.
1014 2571 1196 2621 Equidem
1217 2572 1317 2622 prius
1338 2570 1472 2607 malim.

948 2624 1050 2678 ἤπια
1084 2642 1180 2677 μετα
1207 2623 1254 2666 to}
1287 2627 1360 2678 ἰσχ.
1390 2642 1427 2665 κ.
1456 2641 1488 2664 τ.
1507 2624 1559 2675 λ.]

891 2682 993 2735 ἤπια
1028 2681 1220 2736 φάρμακα
1254 2684 1409 2720 remedza
1449 2683 1558 2729 lema,

892 2741 1084 2788 lemanna,
1133 2742 1205 2777 iam
1246 2741 1346 2777 novit
1373 2740 1558 2776 Homerus

891 2798 1011 2844 1¹·1V2
1034 2799 1130 2837 218.
1161 2797 1226 2841 XI,
1249 2796 1343 2838 515.
1362 2798 1455 2836 829.
1476 2793 1558 2834 845

891 2867 945 2905 sq.
968 2858 1006 2892 et
1025 2853 1188 2902 Aeschyl.
1209 2853 1247 2890 in
1265 2851 1449 2889 Prometh.
1463 2851 1558 2898 481,

1473 624 1498 650 ν
1555 615 1669 642 Sanato
1680 624 1765 651 rege,
1781 615 1832 644 du-

1554 650 1600 677 nis
1619 650 1727 677 donatu
1733 658 1756 679 r.
