1904 3304
510 229 1185 270 MELPOMENE.1V.

1396 231 1477 271 801

217 360 298 387 νου
329 343 374 386 δὲ
404 341 488 398 ἤδη
519 345 600 385 τοῦ
631 340 767 397 λόγου
797 339 882 385 dvo}
913 340 992 397 τὴν
1029 339 1157 384 πόλιν
1198 338 1257 391 ὥς
1294 339 1482 390 τεθνεώς

216 416 279 470 εἴη
298 411 322 457 ὁ
340 411 569 469 Ἀριστέης,
600 412 643 463 ἐς
662 411 958 469 ἀμφισβασίας
980 417 1093 455 τοῖσι
1115 411 1289 468 λέγουσι
1310 409 1480 454 ἀπικνέ-

214 490 337 528 εσθαι
368 484 508 539 ἄνδρα
539 485 801 539 Κυζικηνόν,
834 484 996 541 ήκοντα
1027 484 1068 536 ἐξ
1087 482 1293 540 Ἀρτάκης
1312 481 1510 533 πόλ.ιος,.Γ
1498 488 1538 521 0

214 556 356 612 φάττα
388 561 615 611 συντυχεῖν
654 556 697 598 τέ
738 557 781 599 οἵ
819 555 930 599 ἰόντι
968 555 1035 598 ἐπὶ
1068 556 1283 608 Κυζίκου,
1330 555 1403 597 καὶ
1436 555 1478 603 ἐς

156 732 314 781 loquitur
335 732 378 779 ll,
398 734 463 773 36.
517 732 565 768 Et
585 732 682 768 conf.
706 744 812 781 prae—

154 794 253 827 terea
280 789 325 835 ll,
354 789 418 829 85.
445 790 509 828 86.
551 788 613 834 VI,
642 790 732 828 128.
759 808 809 814 —

155 845 268 882 Paulo
291 850 375 895 post
393 858 470 882 cum
491 845 607 882 Gnisf.
630 849 667 881 et
679 843 812 881 Matth.

156 903 301 952 reposui
336 898 509 947 τεθνεώς
542 900 606 947 (ut
642 913 724 936 mox
757 914 814 937 τε-

160 961 351 1003 θνεῶτα),
368 959 466 1007 quod
485 958 591 994 codd.
610 956 749 1006 aliquot
761 958 814 993 af-

155 1016 335 1053 ferebant.
396 1014 657 1061 Wesselingius
700 1015 814 1050 tenuit

155 1069 353 1121 τεθνηώς,
405 1072 503 1119 quod
551 1071 587 1107 in
630 1071 813 1117 Mediceo‚

154 1128 231 1164 aliis
255 1129 448 1165 invenitur.
489 1126 570 1164 Nec
592 1128 708 1175 magis
727 1140 813 1164 con-

154 1185 271 1231 venit,
309 1185 407 1233 quod
433 1184 698 1229 eFlorentino‚
736 1183 812 1221 aliis

154 1241 356 1289 Schweigh.
382 1240 497 1278 edidit
517 1236 736 1291 τεθνηκώς.

212 1322 251 1370 ἐς
272 1320 544 1375 ἀμφισβασίας
560 1329 661 1363 τοῖσι
682 1322 814 1376 λέγου-

156 1392 195 1419 σι
217 1376 493 1431 τῖπικνέεσθαι]
527 1383 547 1418 i.
569 1395 599 1419 e.
623 1385 815 1418 controver-

156 1440 245 1474 ειάηι
276 1441 417 1474 movisse
451 1438 678 1488 (oblocutum
714 1439 813 1484 esse)

155 1496 220 1539 iis,
265 1497 328 1544 qui
365 1495 449 1532 haec
489 1495 663 1541 (licerent,
710 1497 814 1531 civem

157 1550 376 1600 Cyzicenum.
408 1552 465 1587 Ad
476 1564 598 1588 vocem
613 1547 814 1601 ἅμφισβα-

154 1607 219 1645 σία
239 1609 333 1645 conf.
355 1608 452 1653 Vni,
477 1609 542 1654 81,
574 1609 633 1644 ubi
652 1621 717 1657 pro
737 1605 812 1658 α’μ-

154 1664 348 1714 φισβησίη
376 1664 492 1701 Gaisf.
529 1677 624 1700 nunc
650 1666 811 1714 reposuit

153 1715 416 1771 αμφισβασίη.
464 1721 525 1757 Sic
556 1721 591 1757 in
621 1733 724 1770 seqq.
743 1735 809 1771 pro

153 1772 377 1827 ἅμφισβητέ
360 1791 468 1825 σειν,
544 1778 646 1826 quod
701 1779 809 1815 codd.

152 1847 277 1871 omnes
311 1838 460 1878 tenent,
508 1847 598 1870 unus
629 1835 808 1883 Origenes

152 1891 208 1928 1.l.
223 1890 365 1927 exhibet
386 1885 688 1940 οἷμφισβατὲειν,·
710 1892 810 1940 quod

151 1947 270 1984 verius
310 1947 428 1983 iudico
474 1947 649 1995 quodque
700 1949 809 1984 etiam

153 2003 319 2040 meliores
340 2003 419 2040 libri
443 2003 623 2053 praebent
646 2003 712 2049 IX,
741 2004 808 2045 74.

208 2083 358 2137 ἥκοντα
386 2086 424 2134 ἐξ
445 2082 636 2137 Ἀρτάκης
655 2083 809 2138 πόλιος]

150 2143 182 2179 Ε
202 2144 418 2181 Florentino
446 2157 525 2180 cum
548 2143 753 2193 Schweigh.
774 2149 810 2182 et

152 2200 268 2237 Gaisf.
321 2201 467 2250 reposui
501 2195 692 2251 Ἀρτάκης
741 2214 808 2251 pro

150 2256 246 2306 vulg.
279 2252 511 2308 Ἆρτακίης,
558 2258 657 2306 quod
699 2258 810 2294 fontis

151 2317 207 2351 est
247 2326 380 2351 nomen
413 2326 529 2365 prope
554 2314 711 2350 Artacen
748 2327 808 2350 ur-

151 2369 261 2417 bem,
316 2374 410 2408 teste
462 2369 581 2406 Schol.
637 2369 807 2420 Apollon.

151 2425 269 2463 Rhod.
292 2426 319 2473 I,
341 2429 434 2468 957.
478 2421 682 2476 Ἀρτακίης
706 2427 807 2464 exhi-

152 2480 213 2518 bet
234 2482 399 2519 Eustath.
426 2484 473 2519 ad
496 2483 645 2520 Homer.
671 2484 807 2533 Odyss,

153 2535 243 2587 Χῖ)
265 2541 383 2583 1650,
405 2538 504 2578 545.
529 2542 624 2587 386,
647 2542 713 2580 26.
761 2539 809 2576 At

155 2591 329 2655 stephan.
358 2596 448 2644 Byz.
480 2609 565 2645 pag.
590 2596 668 2637 174
698 2596 809 2633 Berk.

155 2641 317 2698 Ἀοτακη
337 2647 450 2696 πόλις
475 2653 665 2703 Φρυγίας,
687 2648 806 2691 α’ποι-

154 2703 221 2741 κία
248 2707 356 2755 ῙΡῙιλη
363 2707 457 2745 σίωι
480 2723 515 2746 κ.
545 2725 575 2747 τ.
604 2712 636 2747 λ.
697 2709 806 2759 Apud

154 2757 286 2798 Matth.
301 2775 504 2812 operarum,
521 2766 724 2812 utvidetur,
747 2778 806 2801 so-

154 2816 276 2852 cordia
296 2824 409 2855 exstat
430 2815 656 2870 Ἀοτιακίης.
708 2822 805 2859 Infra

153 2870 214 2917 Vl,
234 2873 286 2913 33
307 2878 402 2911 recte
423 2875 598 2914 invenitur
615 2875 803 2930 Ἀρτακη,·

872 743 965 779 quae
985 732 1068 768 urbs
1086 736 1288 781 portusque
1306 730 1403 767 haud
1422 729 1530 777 longe

871 787 984 824 abfuit
1029 801 1050 824 a
1084 788 1243 837 Cyzico,
1294 799 1451 836 quocum
1494 786 1532 822 in

872 857 980 880 unam
1011 845 1103 881 adeo
1140 845 1264 881 urbem
1296 844 1448 894 posthac
1480 843 1533 879 vi-

872 902 980 937 detur
1001 901 1187 937 coaluisse.
1234 901 1294 937 Tu
1311 900 1405 937 conf.
1428 900 1534 936 Stra-

873 958 956 993 bon.
973 957 1059 993 Xlll
1081 970 1116 1006 p.
1140 960 1222 997 562
1238 971 1265 993 5.
1279 957 1413 996 87313.
1445 956 1533 992 XIV

870 1027 907 1062 p.
928 1015 1008 1054 635
1033 1027 1060 1049 5.
1090 1015 1165 1054 941
1189 1013 1237 1050 D.
1288 1013 1380 1051 Plin.
1405 1013 1454 1051 H.
1482 1012 1530 1049 N.

871 1070 917 1117 V,
940 1071 993 1110 40
1014 1072 1118 1117 (32).
1160 1071 1257 1114 Quin
1286 1070 1373 1120 ipsis
1401 1070 1438 1105 in
1461 1066 1531 1106 Ar-

870 1131 1109 1175 gonautarum
1158 1128 1266 1164 rebus
1309 1131 1531 1164 memoratur

871 1183 977 1231 urbs3
1007 1184 1077 1219 vid.
1101 1183 1250 1234 Orphic.
1274 1182 1411 1233 Argon.
1434 1182 1527 1223 496.

870 1239 980 1276 Nunc
1008 1244 1157 1277 vocatur
1187 1240 1321 1276 Artake·
1350 1240 1531 1288 sedesque

872 1301 926 1333 est
945 1296 1204 1347 archiepiscopi
1227 1297 1420 1345 Cyziceni,
1452 1297 1532 1346 ipso

872 1352 1093 1402 scil.Cyzic0
1115 1366 1253 1391 everso.
1277 1354 1334 1391 Cf.
1347 1353 1531 1390 Mannert.

871 1409 934 1456 Yl,
958 1412 981 1450 3
1001 1423 1036 1459 p.
1063 1409 1156 1450 531.

929 1517 1027 1560 ἰόντι
1050 1520 1114 1560 ἐπὶ
1139 1523 1330 1572 Κυζίκου]
1364 1524 1386 1559 i.
1407 1536 1437 1559 e.
1463 1521 1533 1572 Cy-

870 1579 984 1614 zicum
1004 1591 1135 1624 versus,
1161 1581 1248 1616 satis
1269 1585 1356 1616 noto
1378 1579 1530 1627 loquen-

869 1635 905 1670 di
927 1647 1005 1671 usu.
1038 1635 1092 1672 Ac
1106 1635 1318 1673 Plutarchus
1339 1636 1373 1672 in
1384 1635 1529 1671 Romul.

868 1689 889 1727 l.
913 1690 935 1727 l.
973 1690 1151 1729 Crotonem
1170 1693 1277 1742 ponit
1296 1705 1364 1743 pro
1387 1691 1529 1742 Cyzico,

868 1747 914 1784 de
928 1760 1000 1796 qua
1022 1749 1110 1786 urbe
1129 1762 1224 1786 nunc
1242 1749 1363 1787 deleta
1383 1749 1528 1798 paucis-

869 1817 939 1853 que
959 1806 1149 1842 ruderibus
1170 1810 1331 1843 veterem
1352 1805 1527 1855 splendo-

866 1873 942 1898 rem
970 1866 1130 1899 testante
1159 1863 1375 1912 praecipuus
1400 1866 1529 1899 auctor

868 1918 1002 1954 Strabo
1022 1918 1088 1955 Xll
1115 1931 1198 1969 pag.
1221 1919 1301 1960 575
1326 1932 1354 1958 5.
1382 1920 1460 1959 861
1481 1919 1525 1954 C-

867 1974 947 2010 coll.
968 1975 1057 2011 XIV
1084 1989 1170 2025 pag.
1192 1976 1274 2017 635
1302 1989 1330 2012 5.
1363 1974 1439 2014 941
1466 1974 1529 2019 D.‚

867 2043 1022 2079 quocum
1035 2033 1128 2068 conf.
1147 2031 1299 2068 Diodor.
1312 2033 1382 2068 Sic.
1394 2031 1528 2076 XVIH,

868 2086 933 2126 51.
969 2087 1061 2125 Plin.
1090 2087 1177 2131 l.1.‚
1209 2089 1281 2128 alii.
1332 2088 1410 2124 Sita
1433 2088 1527 2124 enim

868 2147 946 2179 erat
964 2143 999 2179 in
1019 2144 1257 2194 Propontidis
1279 2143 1410 2189 insula,
1442 2156 1527 2180 con-

865 2199 993 2236 tinenti
1016 2213 1099 2237 mox
1127 2202 1268 2247 iuncta,
1318 2213 1340 2237 a
1362 2199 1527 2245 Milesiis,

869 2261 907 2292 ut
920 2257 1068 2305 quidam
1090 2257 1227 2302 volunt,
1248 2258 1415 2302 conditer,
1433 2269 1528 2305 quae

865 2317 1015 2363 postera
1045 2318 1167 2351 aetate
1188 2313 1414 2363 potissimum
1441 2314 1530 2350 emi-

866 2370 945 2406 nuit
963 2375 1074 2419 atque
1092 2371 1272 2416 innotuit,
1303 2370 1527 2407 Mithridatis

865 2427 1080 2477 praesertim
1104 2427 1340 2477 temporibus.
1384 2427 1528 2475 Exigua

866 2483 965 2519 urbis
1006 2484 1158 2530 rudera,
1207 2497 1302 2533 quae
1344 2483 1527 2531 hodieque

866 2552 1058 2590 superesse
1093 2541 1284 2587 dicuntur,
1331 2540 1366 2576 in
1395 2540 1525 2588 quibus

867 2596 1194 2645 amphitheatrum,
1242 2609 1358 2646 prope
1407 2596 1523 2633 locum

867 2652 1004 2689 Antaln'
1030 2665 1051 2690 a
1069 2653 1279 2690 recentioris
1303 2653 1433 2690 aetatis
1460 2665 1523 2702 pe-

862 2710 1149 2757 regrinatoribus
1167 2710 1383 2746 indicantur.
1417 2707 1524 2744 Plura

862 2765 965 2802 dabit
987 2765 1190 2803 Tzschuck.
1224 2767 1272 2802 ad
1293 2765 1378 2802 Mel.
1411 2765 1437 2811 1,
1473 2766 1522 2803 19

861 2826 953 2858 nott.
984 2835 1112 2871 exegg.
1135 2822 1214 2858 Vol.
1238 2821 1288 2858 Ill
1320 2822 1360 2858 P.
1397 2821 1407 2856 l
1435 2832 1520 2870 pag.

861 2878 943 2920 555
966 2891 1042 2927 seq.
