1904 3304
457 271 543 310 534

857 237 1325 307 HERODO'Tl

458 377 621 435 χώρης,
652 376 787 432 σφέας
816 373 981 426 αὐτούς
1007 377 1053 428 ἓξ
1081 378 1238 432 μοίρας
1268 379 1446 420 διεῖλον·
1483 379 1555 420 καὶ
1584 378 1727 422 ἔπειτα

461 451 636 494 ἔκτισαν
664 445 820 497 πόλιας
855 444 984 490 τάσδε
1015 449 1061 491 ἐν
1091 447 1282 500 αὐτοῖσι,
1325 448 1544 502 Λέπρεον,
1584 449 1726 493 Μ’άκι-

460 532 588 567 στον,
622 519 807 573 Φρίξας,
841 517 1045 573 Πύργον,
1066 518 1244 570 Ἔπιον,
1276 518 1496 562 Νούδιον·
1535 522 1726 564 τουτέων
1790 525 1872 569 346

460 591 508 635 δὲ
536 589 613 642 τὰς
641 594 831 641 πλεῦνας
863 589 931 633 ἐπ’
961 589 1060 645 ἐμέο
1088 589 1246 633 Ἠλεῖοι
1275 589 1538 646 ἐπόρθησαν.
1581 596 1647 649 Τῇ
1681 593 1726 636 δὲ

407 755 569 805 proxime
594 755 729 805 excipit
752 753 949 802 IWacz'stus,
969 754 1069 804 quod

408 812 583 862 oppidum
623 812 662 848 in
698 815 823 849 monte
855 813 965 849 situm
995 822 1070 847 non

408 867 531 918 procul
554 881 576 906 a
596 868 764 914 Samum,
803 881 847 906 eo
875 870 952 906 sere
977 866 1071 914 loco,

409 925 470 961 ubi
497 937 593 962 nunc
622 925 721 962 vicus
749 923 959 975 Moskitw,
995 924 1071 961 sive

411 985 529 1018 castra
544 987 670 1018 vetera
689 993 784 1030 quae
803 982 982 1019 dicuntur.
1013 979 1072 1018 De

413 1050 487 1087 quo
506 1038 603 1075 conf.
624 1036 809 1075 Mannert.
828 1037 912 1075 VlII
928 1051 964 1088 p.
978 1036 1072 1078 521.

413 1093 447 1130 A
481 1093 638 1132 Macisto
679 1095 906 1132 occidentem
943 1105 1072 1131 versus

412 1151 555 1188 iacebat
584 1150 781 1200 Lepreum,
829 1150 1073 1200 quadraginta

414 1207 533 1244 stadia
551 1212 733 1244 remotum
756 1219 778 1243 a
795 1208 899 1254 mari,
924 1212 1072 1243 centum

413 1277 436 1300 a.
455 1262 620 1312 Neptuni
643 1263 756 1299 Samii
784 1264 921 1313 templo
953 1267 990 1300 et
1016 1260 1073 1299 vel

415 1317 640 1356 Achaeorum
655 1324 776 1356 aetate
795 1320 883 1357 satis
901 1318 1073 1369 amplum,

412 1388 634 1426 quamquam
663 1376 855 1413 Strabonis
895 1380 1073 1426 tempore,

411 1437 455 1469 ut
473 1431 670 1479 Macistus,
699 1433 757 1468 vix
776 1433 941 1470 habitata
961 1432 1074 1469 fuisse

411 1490 567 1526 videtur.
598 1489 681 1526 Vid.
699 1489 820 1526 Wass.
839 1490 887 1526 ad
903 1489 938 1526 T
941 1488 1073 1537 hucyd.

412 1546 459 1593 V,
479 1546 534 1586 34
551 1550 586 1583 et
605 1545 791 1583 Manuert.
817 1545 903 1583 VIII
930 1559 965 1596 p.
992 1546 1072 1586 526

414 1615 492 1651 seq.
527 1602 567 1638 In
587 1602 677 1640 colle
697 1615 770 1639 non
790 1601 917 1653 procul
939 1602 985 1638 ab
1006 1614 1074 1650 op·—

414 1659 502 1709 pido
522 1658 728 1705 Strobitza,
776 1659 878 1708 quod
895 1670 992 1695 nune
1011 1669 1074 1693 vo-

415 1719 498 1753 cant
511 1744 524 1761 ‚
567 1714 702 1765 Leprei
733 1715 906 1764 reliquias
946 1727 986 1751 se
1020 1713 1074 1749 vi-

418 1772 517 1808 disse
544 1771 735 1809 contendit
767 1770 946 1809 Dodwell.
1005 1769 1075 1806 Alii

416 1828 553 1875 locum,
593 1828 629 1864 in
649 1840 722 1876 quo
741 1827 923 1877 Lepreum
943 1827 1010 1863 fuit
1028 1827 1076 1862 si-

417 1888 494 1920 tum
507 1913 518 1931 ‚
546 1895 643 1920 nunc
660 1884 731 1921 dici
750 1884 878 1921 volunt
895 1883 1074 1921 Pischino.

418 1939 581 1990 Pyrgum
611 1941 789 1990 oppidum
825 1941 862 1976 in
895 1938 1076 1977 Arcadiae

415 2001 527 2046 atque
554 1997 763 2034 Messeniae
797 1997 930 2033 finibus
958 2008 1076 2046 prope

417 2052 562 2091 Nedam
583 2054 692 2090 situm
712 2065 795 2091 esse
814 2057 986 2098 narrant,
1025 2053 1076 2089 ita

419 2114 460 2146 ut
481 2110 625 2159 utrique
645 2114 766 2148 terrae
784 2110 918 2160 passim
939 2109 1077 2145 adscri-

419 2167 546 2213 batur,
586 2179 631 2204 eo
659 2167 737 2204 fere
760 2166 859 2214 loco,
898 2166 960 2203 ubi
981 2178 1077 2202 nunc

418 2223 602 2260 Invenitur
629 2221 820 2273 Acropolis
858 2235 976 2274 prope
1001 2221 1077 2259 Ne-

418 2280 503 2316 dam
523 2292 595 2315 non
613 2280 739 2329 procul
756 2293 778 2316 a
801 2279 902 2316 mari.
942 2278 1077 2329 Epium

418 2336 514 2372 intra
536 2336 731 2373 Macistum
761 2339 873 2385 atque
892 2336 1076 2373 Heraeam

418 2390 598 2428 Arcadiae
643 2392 771 2429 urbem
813 2393 919 2429 situm
967 2392 1080 2429 fuisse

420 2452 596 2484 narratur.
653 2447 712 2485 De
730 2446 854 2485 Nudz'o
887 2448 972 2485 nihil
993 2462 1081 2485 con-

419 2508 502 2540 stat.
559 2503 620 2540 Tu
644 2505 741 2542 conf.
770 2505 816 2542 de
848 2505 902 2541 his
935 2505 1081 2555 oppidis

420 2559 527 2610 plura
549 2565 792 2609 exponentem
813 2561 857 2598 C.
879 2561 1081 2600 O.Miiller.

423 2616 445 2654 I.
466 2616 488 2652 I.
507 2628 593 2666 pag.
615 2618 694 2656 371
713 2637 769 2644 —-
784 2618 867 2658 373
886 2618 965 2655 coll.
992 2619 1082 2656 Dor.

425 2672 453 2708 II
476 2685 562 2723 pag.
582 2672 676 2713 460.

482 2725 630 2775 αὐτούς
667 2729 711 2776 ἓξ
748 2728 889 2780 μοίρας
919 2729 1081 2779 διεῖλον]

423 2784 552 2823 DeIevi
593 2785 808 2823 auctoritate
834 2786 968 2822 codicis
996 2785 1083 2822 Flo-

420 2843 551 2878 rentini
571 2842 751 2893 uniusque
761 2841 914 2879 Parisini
927 2855 1082 2893 praepo-

420 2898 586 2936 sitionem
627 2897 667 2946 ἐς
698 2902 783 2936 ante
819 2896 857 2945 ἕξ
888 2911 1081 2949 perperam

1126 754 1235 791 inseri
1267 753 1433 801 solitam,
1486 768 1595 804 quam
1626 757 1734 793 miror
1763 769 1784 793 a

1126 810 1318 847 Matthiae.
1356 815 1533 848 retentam
1574 824 1664 850 esse.
1723 813 1783 851 Tu

1127 867 1200 905 vid.
1219 871 1312 903 nott.
1336 867 1384 904 ad
1406 867 1442 913 I,
1473 867 1538 908 94.

1188 922 1351 975 Φρίξας]
1381 923 1433 960 Ita
1455 936 1533 960 cum
1552 927 1702 961 recentt.
1721 926 1786 962 de-

1129 980 1166 1018 di
1189 985 1346 1029 quatuor
1368 979 1540 1017 librorum
1567 982 1787 1018 auctoritate

1127 1050 1195 1088 pro
1224 1036 1322 1085 vng.
1352 1032 1525 1087 Φριξᾶς,
1571 1037 1672 1073 cuius
1707 1036 1786 1074 loco

1129 1093 1189 1130 alii
1221 1094 1368 1143 Θρίξας
1398 1106 1426 1129 S.
1461 1087 1619 1144 Θριξᾶς.
1677 1092 1787 1143 Apud

1129 1149 1320 1198 Polybium
1346 1149 1423 1196 [1V‚
1440 1153 1507 1195 77,
1527 1153 1573 1194 9,
1603 1149 1664 1186 ubi
1689 1150 1787 1186 conf.

1129 1205 1332 1254 Schweigh.
1362 1218 1450 1255 pag.
1475 1208 1553 1246 130
1590 1206 1638 1243 T.
1660 1203 1729 1256 Vl]
1752 1210 1789 1242 et

1129 1261 1411 1312 Xenophontem
1449 1260 1515 1311 [cf.
1548 1261 1690 1299 HeIIen.
1723 1261 1788 1309 III,

1130 1320 1179 1365 2,
1208 1317 1300 1368 30]‚
1341 1322 1513 1356 monente
1545 1318 1789 1368 WesseIingio

1130 1376 1179 1412 ad
1199 1374 1353 1412 Diodor.
1368 1373 1477 1421 XIV,
1505 1378 1554 1415 17
1581 1379 1790 1412 constanter

1129 1432 1311 1482 reperitur
1361 1431 1498 1481 Φρίξα.
1566 1431 1648 1469 Nec
1686 1432 1791 1469 aliter

1130 1489 1264 1525 Strabo
1282 1487 1367 1524 VIII
1395 1501 1431 1537 p.
1459 1486 1541 1528 343
1572 1501 1603 1526 s,
1633 1488 1714 1528 528
1733 1487 1790 1535 A„

1131 1545 1194 1581 ubi
1220 1557 1347 1581 vocem
1375 1546 1521 1581 retineri
1552 1544 1628 1581 vult
1647 1544 1789 1582 MiiIIer.

1131 1601 1351 1638 Orchomen.
1375 1603 1515 1650 p.37l.
1549 1601 1662 1643 Quod
1678 1596 1790 1651 Πύρ-

1130 1671 1202 1708 γον
1221 1657 1307 1693 dicit
1326 1657 1537 1693 Herodotus
1550 1686 1560 1704 ,
1583 1657 1620 1693 id
1637 1657 1790 1694 Strabo-

1131 1714 1167 1751 ni
1185 1713 1267 1750 VIII
1288 1727 1324 1763 p.
1344 1712 1426 1754 348
1447 1713 1491 1750 C.
1513 1726 1542 1750 S.
1563 1713 1644 1754 535
1668 1714 1712 1750 C.
1735 1718 1792 1751 est

1134 1772 1292 1821 Πῦργοι
1322 1770 1482 1819 itemque
1509 1769 1697 1820 Stephano
1715 1770 1792 1819 By-

1131 1829 1292 1864 zantiuo.
1331 1824 1442 1876 Apud
1470 1826 1613 1862 Livium
1637 1825 1791 1872 XXVII,

1132 1885 1187 1924 32
1219 1887 1522 1919 commemoratur
1542 1881 1704 1933 Pyrgum
1732 1895 1792 1919 ca-

1131 1938 1288 1977 stellum.
1320 1939 1392 1976 Pro
1404 1936 1573 1986 ’'Ernov,
1609 1936 1791 1978 Νούδιον

1132 1996 1168 2032 in
1185 1996 1367 2033 Sancrofti
1384 1995 1476 2032 libro
1498 2000 1617 2032 exstat
1626 1992 1791 2034 ’Έπειον

1136 2048 1349 2091 Νούδειον.
1380 2051 1489 2102 Apud
1510 2049 1789 2098 31ἰοε”Επειον,

1120 2106 1316 2155 ’Ήπειον,
1347 2108 1463 2146 aliter.
1517 2109 1574 2146 De
1601 2121 1676 2158 qua
1703 2109 1791 2146 seri-

1134 2170 1263 2216 pturae
1282 2166 1460 2203 varietate
1476 2165 1615 2202 monuit
1623 2165 1792 2213 Schwgh.

1135 2223 1182 2259 ad
1202 2222 1329 2270 Polyb.
1354 2222 1416 2269 IV,
1434 2224 1488 2262 77
1511 2221 1558 2259 T.
1583 2221 1630 2258 VI
1648 2235 1683 2271 p.
1699 2223 1791 2267 129,

1135 2280 1190 2316 eui
1207 2279 1242 2315 in
1262 2278 1413 2328 Ponbio
1442 2279 1664 2316 verissimum
1691 2278 1793 2314 vide-

1135 2339 1195 2372 tur
1220 2332 1380 2373 Αἰπιόν.

1192 2390 1361 2430 τουτέων
1385 2390 1427 2430 δὲ
1447 2388 1516 2435 τας
1535 2391 1710 2435 πλεῦνας
1733 2384 1793 2428 ἐπ’

1137 2446 1226 2498 ε’μὲο
1254 2443 1397 2485 Ἠλεῖοι
1425 2442 1685 2495 ἐπόρθησαν]
1737 2441 1794 2484 ἐπ’

1139 2503 1227 2554 ἐμέο
1251 2504 1363 2540 valet:
1394 2516 1470 2539 mea
1490 2503 1642 2551 (ipsius)
1667 2505 1794 2540 aetate.

1139 2562 1197 2598 Cf.
1225 2560 1381 2596 Fischer.
1413 2561 1460 2596 ad
1482 2559 1630 2596 IVeIIer.
1659 2558 1732 2605 III,
1757 2559 1792 2596 b.

1140 2631 1175 2668 p.
1206 2618 1298 2656 228.
1358 2614 1477 2665 Atque
1505 2619 1653 2653 revocat
1681 2615 1724 2653 C.
1746 2616 1792 2652 O.

1141 2673 1281 2711 MiiIIer.
1301 2672 1519 2709 Orchomen.
1539 2686 1575 2723 p.
1595 2670 1702 2718 374,
1734 2684 1794 2708 ur-

1141 2730 1235 2765 bium
1300 2728 1390 2765 hanc
1443 2729 1686 2779 diruptionem
1746 2729 1795 2764 ad

1139 2785 1346 2835 Olympiad.
1382 2784 1470 2832 Lx,
1519 2798 1593 2834 quo
1630 2789 1796 2835 tempore

1138 2841 1332 2878 vehemens
1370 2842 1463 2879 inter
1498 2842 1644 2891 Minyas
1686 2847 1795 2889 atque

1138 2897 1247 2936 Eleos
1275 2898 1405 2935 bellum
1432 2898 1624 2947 flagrabat.
1690 2896 1797 2935 Man-
