1904 3304
238 277 322 317 666
435 275 762 315 EXCURSUS
792 275 874 313 Vlll
914 273 989 313 AD
1020 274 1445 325 HERODOT.1V,
1475 278 1542 318 32.

240 402 349 441 posse
368 392 495 440 putat,
523 391 587 426 cur
617 402 639 425 a
657 387 800 437 Scythis
826 386 963 425 Noster
985 386 1072 424 nihil
1094 387 1296 438 comperite
1315 389 1474 439 potuerit
1490 389 1536 427 de
1554 388 1750 440 Hyperbo-

241 458 335 505 reis,
378 469 576 506 eorumque
595 468 728 493 nomen
766 467 829 493 cur
861 455 1016 505 posteris
1038 455 1261 505 temporibus
1280 468 1428 506 prorsus
1447 458 1655 504 evanuerit,
1689 471 1751 496 cur

242 526 402 576 denique
442 525 478 562 in
523 525 611 562 sede
645 523 897 574 Hyperboreis
933 522 1156 571 assignanda
1184 526 1376 573 tantopere
1407 525 1546 562 varient
1573 530 1750 563 auctores.

243 594 349 638 Quae
377 606 462 630 num
498 591 680 629 sufficiant
715 592 763 628 ad
795 589 940 628 fabulae
973 590 1150 626 rationem
1189 589 1420 641 indolemque
1451 593 1752 642 perspiciendam,

241 660 322 699 aliis
357 659 630 697 diiudicandum
662 658 839 708 relinquo.
897 656 979 694 Nec
1006 658 1122 706 magis
1152 657 1237 694 mihi
1267 659 1442 708 probatur
1465 659 1599 697 Ritteri
1628 661 1751 711 opinio

242 727 440 774 (Vorhalle
468 739 553 777 pag.
579 727 674 766 286.
704 728 837 772 317),
874 725 936 775 qui
958 725 1218 775 Hyperboreos
1248 738 1365 775 aeque
1395 730 1506 776 atque
1524 725 1752 778 Argippaeos

243 795 512 843 Issedonesque
533 807 600 844 pro
617 794 752 831 colonis
780 793 1066 831 sacerdotalibus
1094 793 1205 831 habet
1224 794 1394 843 antiquae
1413 794 1499 832 fidei
1518 795 1753 833 Buddhaieae

243 862 505 914 propagandae
526 874 631 899 causa
662 862 834 912 prosectis
868 875 911 899 ex
938 861 1062 909 India,
1104 861 1135 897 si
1164 862 1233 898 diis
1265 861 1405 912 placet,
1439 863 1613 901 interiori.
1670 863 1754 900 Hoc

243 931 392 982 quidem
423 930 527 968 velim
553 930 715 977 attendi,
753 929 1014 979 Hyperboreos
1043 928 1255 979 plerumque
1275 931 1546 968 commemorari
1576 942 1649 967 uua
1673 943 1754 967 cum

242 998 464 1049 Arimaspis,
493 998 733 1049 Argippaeis,
765 997 927 1047 Gryphis
953 998 1183 1045 coniunctos3
1213 1001 1253 1034 ut
1271 996 1378 1034 valde
1396 997 1482 1035 inde
1501 998 1686 1035 laudanda
1707 999 1755 1035 sit

242 1066 437 1105 Schubarti
459 1078 572 1117 opera
592 1066 614 1102 l.
636 1065 656 1102 l.
675 1079 759 1116 pag.
783 1067 834 1105 33
857 1077 960 1114 seqq.
991 1065 1028 1101 in
1054 1064 1205 1113 singulis
1237 1066 1278 1102 iis
1306 1065 1517 1114 colligendis
1540 1079 1755 1117 comparan-

241 1135 392 1185 disque,
422 1146 517 1184 quae
533 1134 632 1171 hisce
651 1133 847 1183 gentibus,
878 1145 969 1182 quas
998 1132 1108 1168 modo
1139 1133 1234 1178 dixi,
1273 1134 1408 1169 suerint
1425 1135 1646 1181 communia,
1676 1146 1756 1171 mo-

240 1216 320 1240 rum
343 1203 424 1239 dieo
445 1201 763 1250 institutorumque
781 1199 1063 1247 similitudinem,
1098 1203 1448 1249 praeceptorumque
1468 1201 1755 1250 congruentiam,

240 1271 413 1308 iustitiam
434 1270 602 1318 adeoque
623 1269 856 1306 sanctitatem
869 1297 879 1316 ,
918 1279 1013 1317 quae
1032 1268 1074 1303 iis
1096 1267 1167 1304 unzi
1188 1267 1372 1316 tribuitur,
1403 1268 1551 1317 linguae
1569 1269 1754 1320 propriam

240 1338 424 1384 indolem,
465 1337 581 1374 carnis
614 1337 894 1383 abstinentiam,
937 1336 1156 1385 frugumque
1183 1334 1376 1383 alimenta,
1414 1337 1542 1386 capitis
1562 1335 1754 1383 calvitiem,

241 1407 329 1458 quin
349 1407 447 1457 ipsas
475 1405 582 1443 sedes
610 1405 646 1441 in
672 1405 849 1441 montium
875 1403 1141 1450 cacuminibus,
1183 1416 1277 1453 quae
1302 1403 1357 1440 his
1387 1405 1641 1453 assignantur,
1670 1404 1753 1441 alia.

239 1475 288 1513 Et
318 1475 443 1512 confer
471 1486 620 1522 quoque
648 1473 780 1510 Ritter.
805 1471 1008 1509 Erdkunde
1028 1470 1061 1507 ΙΙ
1081 1483 1168 1521 pag.
1189 1472 1271 1512 893
1296 1471 1374 1509 coll.
1398 1474 1491 1513 907.
1550 1473 1634 1517 Quo
1655 1473 1755 1523 prior

240 1543 312 1580 iam
331 1541 451 1580 Wahl.
468 1541 688 1578 Erdbeschr.
705 1553 739 1577 v.
760 1540 908 1578 Ostind.
932 1551 1018 1589 pag.
1040 1536 1120 1579 491
1150 1539 1413 1591 Hyperboreos
1441 1553 1521 1578 cum
1540 1539 1752 1591 Arimaspis,

241 1610 405 1661 Gryphis
426 1609 596 1660 componi
617 1621 685 1646 nec
705 1621 787 1646 raro
809 1608 981 1646 confundi
1002 1612 1212 1653 monuerat,
1241 1620 1321 1644 cuin
1341 1607 1389 1644 illi
1408 1609 1582 1646 montium
1606 1613 1755 1656 tractus,

240 1691 307 1730 per
337 1690 483 1715 omnem
510 1676 635 1714 Asiam
667 1676 991 1727 septentrionalem
1021 1675 1190 1724 adeoque
1221 1675 1338 1724 ipsam
1369 1674 1554 1726 Europam
1585 1676 1756 1726 porrecti,

241 1746 433 1795 minusque
458 1745 617 1794 cogniti,
649 1744 828 1781 montium
849 1743 1175 1793 Hyperboreorum,
1205 1742 1302 1789 sive,
1339 1743 1439 1791 quod
1463 1744 1592 1780 eodem
1612 1744 1752 1790 redeat,

240 1813 483 1863 Riphaeorum
514 1813 662 1849 nomine
690 1812 853 1861 insigniti
879 1811 1036 1857 fuerint,
1079 1814 1191 1859 atque
1221 1810 1419 1847 etiamnum
1444 1810 1481 1846 in
1506 1811 1754 1848 Ostiaccorum

240 1881 366 1931 lingua
391 1879 520 1917 vocula
540 1882 596 1930 rip
618 1893 645 1916 s.
670 1880 751 1929 rz‘plt
778 1881 932 1918 denotet
955 1891 1093 1916 aarum.
1151 1877 1281 1926 Itaque
1299 1877 1541 1928 Hyperboreos
1570 1879 1754 1917 existimat

241 1962 323 1988 esse
340 1948 546 1997 Scythicam
568 1950 717 1996 gentem
739 1947 991 1992 nomadicam,
1022 1950 1063 1982 ut
1088 1943 1290 1992 Issedones,
1319 1946 1542 1996 Arimaspos,
1575 1946 1751 1997 Gryplzos,

240 2017 277 2054 in
299 2014 574 2067 septentrionali
594 2013 703 2052 Asiae
722 2019 839 2052 tractu
860 2014 1010 2052 Graecis
1031 2012 1280 2062 Romanisque
1299 2025 1429 2064 parum
1451 2015 1621 2063 cognito,
1653 2015 1753 2052 cuius

241 2097 340 2122 nunc
360 2084 515 2121 maxima
535 2096 620 2134 pars
645 2083 807 2121 siberiae
829 2086 1076 2120 accenseatur.
1133 2081 1238 2131 Ipsos
1258 2084 1402 2118 montes
1415 2081 1694 2133 Hyperboreales
1711 2096 1754 2121 ac

240 2152 420 2203 Riphaeos
439 2153 486 2188 ad
507 2156 691 2198 montem,
722 2152 785 2200 qui
804 2163 901 2188 nunc
925 2155 1075 2187 vocatur
1099 2148 1189 2186 Ural
1203 2178 1214 2196 ,
1243 2149 1364 2186 refert.
1407 2150 1526 2193 Quem
1552 2152 1628 2189 fere
1648 2164 1752 2189 secu-

240 2226 296 2258 tus
327 2219 483 2257 Bennel.
513 2219 650 2269 Geogr.
669 2219 809 2257 Herod.
834 2232 921 2270 pag.
948 2217 1029 2259 441
1066 2217 1369 2268 Hyperboreorum
1403 2219 1510 2257 sedes
1549 2220 1584 2256 in
1620 2219 1754 2257 Russia

241 2301 284 2326 ac
302 2288 446 2324 Siberia
463 2289 511 2324 ad
532 2288 681 2324 fluvium
698 2288 828 2324 Irtisch
846 2288 973 2338 ponit3
1003 2299 1095 2336 quas
1116 2286 1164 2322 ad
1179 2285 1308 2322 Sinam
1327 2299 1444 2336 usque
1463 2291 1621 2325 remotas
1640 2286 1753 2324 voluit

240 2356 298 2393 De
312 2355 478 2403 Guignes
491 2354 601 2391 Mem.
620 2355 667 2392 de
687 2354 821 2392 l'Acad.
841 2356 879 2394 d.
898 2355 1006 2392 Inscr.
1026 2354 1167 2391 XXXV
1177 2366 1261 2404 pag.
1273 2352 1354 2394 564
1367 2375 1419 2383 —
1433 2355 1526 2396 572.
1557 2354 1750 2393 Reichard.

242 2422 409 2474 (Hertha
432 2423 540 2463 1828
564 2422 606 2470 l)
628 2435 713 2472 pag.
738 2425 792 2463 20
813 2437 917 2474 seqq.
937 2428 1054 2461 terras
1073 2421 1233 2471 sylvosas
1258 2422 1354 2458 intra
1383 2434 1508 2460 amnes
1524 2423 1644 2460 Kama
1663 2421 1751 2459 Vol-

241 2504 400 2541 gamque
417 2494 456 2529 et
474 2490 603 2527 fluvios
623 2490 860 2528 Petschoram
873 2519 883 2537 ,
907 2490 1036 2528 Mesen
1055 2489 1296 2538 Dwinamque
1316 2488 1574 2539 Hyperboreos
1591 2490 1752 2528 tenuisse

242 2559 396 2605 statuit,
437 2558 500 2608 qui
530 2559 600 2595 iam
620 2571 688 2609 pro
708 2558 912 2596 Sarmatiae
931 2557 1224 2608 septentrionalis
1246 2556 1372 2594 incolis
1399 2569 1421 2594 a
1445 2557 1560 2606 gradu
1576 2556 1696 2594 LVIII
1713 2561 1752 2595 et

244 2628 333 2666 LIX
359 2627 558 2664 latitudinis
586 2625 739 2664 borealis
762 2639 877 2675 usque
896 2627 944 2663 ad
979 2637 1080 2663 mare
1099 2622 1250 2673 glaciale
1269 2624 1341 2661 sint
1362 2624 1531 2661 habendi.
1588 2625 1751 2663 Eosdem

245 2702 358 2746 atque
381 2694 544 2733 Gelonos
568 2707 648 2732 esse
669 2694 929 2744 Hyperboreos
956 2693 1044 2730 alius
1066 2692 1253 2729 contendit
1276 2692 1329 2728 vir
1355 2692 1506 2738 doctus,
1544 2705 1652 2741 quem
1673 2692 1751 2730 lau-

246 2765 410 2803 davimus
438 2764 487 2800 ad
514 2762 583 2809 lv,
618 2764 684 2802 21.
750 2760 992 2812 Nuperrime,
1036 2763 1210 2810 quantum
1240 2759 1333 2806 seio,
1382 2759 1418 2795 in
1448 2759 1537 2797 haec
1566 2760 1749 2810 inquisivit

244 2832 413 2870 Volcker.
431 2830 546 2881 Myth.
567 2831 705 2879 Geogr.
725 2842 810 2881 pag.
834 2829 913 2871 150
932 2842 1036 2878 seqq.
1067 2828 1180 2865 totius
1209 2827 1427 2863 narrationis
1455 2828 1607 2865 fundum
1635 2828 1672 2865 in
1702 2840 1747 2865 eo

244 2901 332 2955 poni
351 2904 472 2947 ratus,
512 2899 612 2949 quod
639 2899 840 2948 antiquitus
860 2897 1062 2935 coniunctio
1091 2894 1272 2945 quaedam
1290 2894 1400 2932 fuerit
1425 2896 1748 2945 commerciumque
