1904 3304
462 264 545 304 484

305 374 404 419 110

147 439 390 467 Sauromatarum

135 474 219 508 origo
230 483 236 500 :
283 475 405 501 Amazo-

861 259 1335 302 HERODOTI

575 369 900 426 Σαυροματέων
924 368 969 412 δὲ
993 368 1091 424 πέρι
1116 363 1199 413 ὦδε
1229 370 1403 426 λέγεται.
1449 372 1551 416 ’Ὀτε
1567 373 1716 429 Ἕλλη-

462 458 531 493 νες
557 441 755 497 Ἀμαζόσι
784 437 1063 497 ἐμαχέσαντο,
1095 439 1184 490 (τὰς
1202 440 1248 484 δὲ
1264 440 1494 497 Ἀμαζόνας,-
1513 443 1718 486 καλέουσι

628 593 736 643 Cap.
769 594 846 630 CX.

467 647 780 700 Σαυροματέων]
809 649 867 686 De
897 648 951 685 his
975 648 1066 685 dixi-

411 719 488 744 mus
522 707 569 741 ad
593 705 639 742 lV
654 735 665 751 ,
694 708 759 745 21.
797 705 857 741 Tu
874 705 966 740 conf.
985 718 1065 741 cum

410 762 633 800 Herodoteis
652 761 801 799 Diodor.
820 760 927 797 Sicul.
946 761 990 806 ll,
1011 761 1064 801 43

412 823 449 856 et
485 817 650 854 Eustath.
686 818 734 855 ad
760 817 912 866 Dionys.
942 816 1066 854 Perie-

410 878 485 923 get.
507 874 599 914 653.

468 927 538 976 τοὶς
568 926 610 967 δὲ
635 923 853 979 Ἀμαζόνας
885 926 1068 966 καλέουσι

412 985 453 1026 οἷ
480 981 643 1024 Σκύθαι
674 980 896 1036 Οἰόρπατα]
928 984 1069 1021 Articu-

411 1044 484 1080 lum
511 1041 551 1081 οἵ
570 1054 650 1078 cum
675 1040 876 1089 Schweigh.
897 1045 932 1077 et
951 1041 1068 1077 Gaisf.

411 1099 557 1136 inserui.
581 1094 1069 1148 Oioonccwmelioreslibri3

410 1154 539 1202 reliqui
565 1149 784 1203 Αἰόρπατα.
822 1153 905 1196 Qua
923 1152 960 1188 in
980 1165 1068 1188 voce

412 1210 569 1261 priorem
597 1215 739 1258 partem
777 1207 872 1258 Οἰορ
902 1208 949 1244 ad
967 1207 1070 1244 Lati-

413 1278 542 1303 norum
570 1267 625 1301 vir
646 1265 819 1301 accedere
843 1267 967 1300 monet
989 1263 1070 1299 Rit-

413 1326 482 1359 ter.
510 1320 669 1358 Vorhall.
704 1332 789 1370 pag.
824 1321 904 1359 318
935 1317 991 1355 vel
1021 1318 1070 1354 ad

414 1377 696 1414 Sanscridanum
708 1376 819 1423 virosa,
839 1375 862 1411 i.
878 1388 908 1412 e.
927 1374 1071 1421 heroem,

414 1435 539 1470 virum.
597 1433 792 1470 Wachtero
839 1435 985 1468 auctore
1033 1431 1071 1467 in

415 1490 536 1527 Praef.
552 1488 673 1525 Gloss.
697 1487 733 1539 ἓ.
755 1490 807 1528 12
828 1487 906 1538 Αἴρ
926 1487 1072 1535 Scythis

416 1546 547 1583 dicitur
575 1547 641 1582 vir.
700 1545 759 1582 De
792 1556 864 1593 quo
901 1543 1072 1592 equidem

415 1615 489 1638 non
518 1601 732 1638 discernam.
772 1600 798 1636 Ι.
821 1600 867 1637 de
887 1599 1073 1636 Hammer.

417 1659 454 1694 in
477 1657 617 1694 Annall.
637 1657 850 1694 Viennenss.
875 1654 926 1691 IX
948 1668 983 1704 p.
1005 1656 1072 1700 39,

417 1718 570 1751 notante
593 1712 682 1759 C¹r.,
717 1711 864 1758 statuit,
900 1711 1017 1747 adhuc
1036 1710 1073 1746 in

417 1769 540 1817 lingua
568 1768 758 1806 Tartarica
779 1766 836 1804 Er
869 1767 1073 1816 significare

417 1828 541 1862 virum.
574 1825 614 1861 ln
634 1838 737 1873 seqq.
759 1820 924 1862 δύναται
944 1823 1073 1860 eodem

417 1895 539 1928 sensu,
569 1894 641 1930 quo
661 1881 706 1927 ll,
731 1882 795 1920 30.
833 1879 891 1916 Ad
907 1873 1074 1917 Ἑλλάδα

418 1939 514 1975 conf.
536 1937 598 1982 lv,
623 1938 676 1977 78
701 1941 739 1974 et
758 1937 806 1973 de
828 1935 1076 1972 Thermodonte

417 1997 513 2030 nott.
544 1994 592 2029 ad
612 1992 681 2039 lV,
716 1994 780 2032 86.
818 1992 875 2028 Ad
896 1991 1077 2029 Thermo-

418 2051 568 2086 dontem
602 2049 697 2085 enim
728 2060 844 2097 aeque
868 2061 910 2085 ac
931 2047 1076 2085 Tanain

420 2105 649 2142 Amazonum
691 2105 797 2142 sedes
834 2116 855 2140 a
894 2104 1076 2141 veteribus

420 2161 612 2207 constitui,
656 2164 741 2211 post
779 2159 986 2198 Tzschuck.
1028 2160 1077 2196 ad

418 2217 507 2255 Mel.
531 2217 560 2263 I,
586 2219 635 2257 19
664 2221 756 2253 nott.
784 2229 912 2265 exegg.
935 2229 972 2266 p.
996 2217 1076 2256 603

421 2286 500 2322 seq.
530 2272 626 2315 (Vol.
651 2272 699 2309 lll
717 2273 757 2310 P.
780 2272 813 2322 Ι)
843 2273 936 2310 bene
955 2276 1079 2309 monet

420 2329 589 2366 Viilcker.
621 2328 739 2377 Myth.
757 2329 895 2377 Geogr.
911 2328 924 2364 l
940 2342 976 2377 p.
996 2329 1077 2368 209

422 2386 469 2422 de
498 2384 766 2430 Amazonibus,
797 2385 858 2433 qui
891 2389 1014 2420 nostra
1042 2388 1079 2421 et

422 2445 565 2491 patrum
619 2441 792 2477 memoria
845 2440 1079 2477 disseruerint

424 2497 521 2533 haud
544 2496 672 2546 pauci,
712 2509 774 2533 eos
804 2497 965 2533 excitans
992 2509 1079 2546 pag.

424 2555 506 2593 216
528 2565 631 2600 seqq.
652 2553 833 2592 not.533.
866 2552 939 2595 Qui
958 2557 1079 2589 ternas

426 2609 571 2644 omnino
584 2608 790 2645 Amazones
807 2609 979 2657 distingui
993 2608 1078 2654 vult,

425 2666 519 2701 inter
541 2677 630 2713 quas
650 2665 765 2714 primo
783 2664 860 2701 loco
882 2665 984 2713 ponit
1005 2677 1080 2711 eas,

426 2734 521 2768 quae
541 2722 586 2757 ab
605 2721 817 2767 Herodem,
849 2721 924 2757 aliis
943 2733 1080 2758 memo-

428 2782 552 2813 rantur
577 2777 767 2826 Scythicae
796 2789 823 2812 s.
854 2776 1082 2812 Sauromati-

426 2845 488 2869 cae
502 2861 511 2879 ,
542 2845 635 2881 quae
665 2837 701 2869 et
723 2833 823 2882 ipsae
844 2833 952 2869 ternis
974 2845 1079 2882 repe-

426 2889 562 2926 riantur
576 2888 675 2936 loeis,
696 2889 743 2925 ad
760 2889 929 2940 paludem
951 2887 1079 2926 Maeo-

1123 593 1259 640 tidem,
1306 595 1366 632 ubi
1398 595 1636 633 Sauromatae
1673 594 1776 633 habi-

1121 653 1221 698 tent,
1261 650 1355 687 intra
1394 651 1566 701 Caspium
1599 664 1697 688 mare
1734 663 1775 687 ac

1123 704 1279 742 Pontum
1303 706 1501 754 Euxinum,
1531 708 1591 744 ubi
1623 706 1776 755 Scytha-

1122 774 1201 799 rum
1222 762 1350 809 sedes,
1377 774 1419 799 ac
1435 763 1591 811 denique
1610 764 1658 800 ad
1676 762 1711 800 T
1714 763 1776 799 he-

1122 818 1333 866 miscyram3
1388 819 1485 855 fama
1517 819 1596 868 ipsa
1636 818 1776 855 illarum

1124 873 1162 910 in
1196 874 1358 923 gentium
1398 874 1570 910 institutis
1604 874 1777 918 fundata,

1123 942 1342 978 quamquam
1355 957 1366 976 ‚
1391 931 1420 966 si
1438 931 1485 967 ad
1506 930 1703 980 principem
1723 930 1778 966 fa-

1124 985 1230 1022 bulae
1249 999 1394 1023 causam
1413 986 1555 1034 regredi
1573 986 1672 1032 velis,
1697 997 1778 1022 eam

1126 1054 1146 1078 e
1165 1041 1323 1078 Palladis
1340 1042 1525 1079 Minervae
1543 1042 1655 1078 sacris
1673 1053 1779 1091 repe-

1125 1098 1275 1134 tendam
1296 1098 1509 1144 arbitratur,
1539 1098 1587 1134 ita
1605 1103 1644 1134 ut
1663 1097 1778 1133 Ama-

1126 1154 1278 1189 zonibus
1294 1159 1585 1203 repraesentetur
1597 1154 1679 1199 dea,
1698 1158 1780 1190 tan-

1125 1221 1233 1257 quam
1254 1209 1391 1258 Hippia
1410 1214 1519 1257 atque
1531 1209 1657 1257 Gorgo
1668 1207 1780 1245 Ama-

1127 1277 1313 1312 zonesque
1331 1265 1416 1301 inde
1435 1265 1600 1301 omnibus
1621 1265 1661 1300 iis
1675 1277 1780 1314 repe-

1127 1321 1265 1357 riantur
1289 1320 1395 1366 locis,
1410 1321 1487 1369 'qui
1506 1321 1692 1358 Minervae
1709 1319 1784 1357 cul·

1127 1381 1166 1413 tu
1195 1376 1409 1425 insigniores
1440 1376 1715 1425 perhibeantur,
1744 1376 1782 1412 in

1125 1431 1264 1481 Libya,
1293 1432 1486 1481 Argolide,
1515 1432 1688 1479 Boeotia,
1713 1430 1782 1469 At-

1125 1489 1209 1526 tica.
1240 1488 1301 1525 Tu
1321 1490 1416 1525 conf.
1438 1493 1529 1525 nott.
1548 1489 1596 1525 ad
1614 1488 1674 1536 lv,
1701 1489 1782 1529 188

1128 1549 1166 1582 et
1196 1545 1238 1581 C.
1263 1545 1309 1581 O.
1333 1544 1474 1582 Miiller.
1500 1544 1717 1582 Orchomen.
1744 1557 1782 1594 p.

1128 1599 1224 1641 357.
1261 1600 1314 1637 Ac
1333 1613 1421 1638 sane
1444 1601 1590 1649 longum
1614 1605 1689 1647 est,
1719 1613 1783 1637 ne-

1130 1669 1202 1705 que
1226 1669 1305 1693 cum
1327 1662 1451 1692 nostro
1472 1657 1634 1693 instituto
1653 1668 1784 1693 conve-

1130 1713 1256 1759 niens,
1287 1711 1447 1762 pluribus
1477 1713 1524 1749 de
1554 1713 1621 1749 hac
1648 1712 1784 1757 sabula,

1129 1780 1223 1818 quae
1253 1781 1361 1817 quam
1396 1768 1468 1805 late
1494 1773 1637 1818 pateat,
1677 1780 1785 1805 nemo

1129 1824 1264 1872 nescit,
1303 1824 1502 1870 disserere,
1542 1825 1691 1873 eiusque
1727 1836 1785 1861 ra-

1130 1881 1249 1917 tiones
1287 1881 1545 1917 reconditiores
1588 1881 1784 1917 accuratius

1131 1949 1324 1985 exponere.
1355 1936 1439 1980 Qua
1459 1937 1495 1973 in
1515 1949 1554 1973 re
1569 1938 1720 1974 maxime
1729 1940 1786 1973 te-

1131 1993 1210 2029 neri
1241 1992 1430 2039 volumus,
1481 2005 1576 2041 quae
1615 1993 1787 2032 Creuzer.

1132 2049 1270 2085 monuit
1305 2049 1342 2084 in
1371 2048 1530 2097 Symbol.
1561 2048 1592 2085 II
1622 2062 1658 2098 p.
1694 2050 1785 2088 116.

1135 2106 1210 2145 171
1236 2117 1353 2153 seqq.,
1378 2106 1439 2153 qui
1456 2105 1522 2141 toti
1540 2104 1682 2142 fabulae
1701 2104 1787 2141 sub-

1133 2173 1214 2198 esse
1237 2161 1377 2198 censuit
1407 2161 1495 2197 ritus
1521 2161 1697 2210 quosdam
1728 2172 1786 2197 sa-

1134 2230 1214 2253 cros
1236 2215 1398 2265 gentium
1419 2230 1484 2266 per
1503 2216 1624 2253 Asiam
1644 2216 1787 2253 bellico-

1134 2285 1252 2309 sarum
1282 2273 1331 2310 ad
1360 2273 1478 2310 sidera
1496 2272 1600 2309 simul
1619 2285 1661 2309 ac
1679 2285 1787 2321 prae-

1134 2330 1259 2366 sertim
1303 2328 1424 2365 lunam
1468 2333 1694 2379 spectantes,
1746 2331 1786 2364 ut

1135 2384 1364 2431 Amazones,
1402 2385 1439 2421 in
1465 2385 1593 2433 quibus
1617 2384 1786 2431 viraginis

1134 2442 1186 2478 vis
1208 2453 1250 2477 ac
1270 2441 1371 2477 notio
1389 2440 1787 2490 potissimumeminuit,

1137 2497 1291 2534 eundem
1314 2497 1389 2533 sere
1409 2496 1523 2532 locum
1543 2496 1609 2533 hoc
1631 2497 1667 2532 in
1690 2495 1787 2533 cultu

1136 2553 1305 2590 bellicoso
1337 2552 1537 2589 obtinuisse
1569 2552 1787 2602 perhibean-

1136 2614 1217 2655 tur,
1247 2621 1354 2657 quem
1374 2608 1594 2645 Hierodulae
1617 2621 1643 2644 s.
1663 2620 1789 2644 sacrae

1135 2665 1282 2701 dearum
1319 2664 1523 2710 ministrae,
1567 2664 1603 2700 in
1637 2663 1789 2700 aliorum

1134 2721 1318 2757 numinum
1345 2733 1410 2770 per
1429 2720 1552 2756 Asiam
1575 2719 1681 2757 cultu.
1711 2719 1789 2756 Sed

1134 2776 1223 2813 haec
1246 2775 1387 2824 longius
1404 2777 1591 2826 persequi,
1621 2788 1643 2812 a
1663 2779 1789 2812 nostro

1133 2831 1303 2877 consilio,
1345 2838 1383 2869 ut
1410 2833 1586 2879 diximus,
1619 2831 1790 2869 alienum.

1133 2886 1214 2926 Nec
1234 2888 1349 2937 magis
1372 2893 1474 2927 vacat
1494 2889 1530 2926 in
1545 2889 1663 2939 ipsum
1680 2887 1790 2924 Ama-
