1904 3304
267 1055 366 1100 147

94 1118 225 1153 Therae,
238 1120 369 1146 decimus

92 1161 112 1180 a
126 1154 238 1180 Cadmo
250 1174 258 1187 ‚
276 1155 372 1181 tutela

109 1187 196 1222 regni
211 1186 353 1223 Spartani

428 239 513 279 528

815 237 1289 278 HERODOTI

427 351 573 397 ναῖκες
602 350 690 389 τῶν
710 345 942 397 ΙῑῙιννέων,
971 345 1122 389 ἐοῦσαι
1153 345 1279 391 ἀσταί
1305 365 1350 393 τε
1373 351 1444 394 καὶ
1466 355 1553 395 τῶν
1576 352 1692 406 πρώ-

426 434 515 460 των
556 417 869 473 Σπαρτιητέων
905 417 1167 471 θυγατέρες,
1218 419 1411 463 ἐσελθεῖν
1447 438 1491 465 τε
1530 423 1572 473 ἐς
1611 423 1691 480 τήν

426 487 603 543 ἑρκτήν,
649 488 723 529 καὶ
773 487 817 537 ἐς
848 485 1008 542 λόγους
1051 488 1196 531 ἐλθεῖν
1236 487 1393 546 ἑκάστη
1429 497 1489 549 τῷ
1530 493 1693 548 ἑωυτῆς

397 561 420 597 4
433 556 571 611 ἀνδρί.

635 559 678 600 οἱ
716 558 762 600 δέ
802 569 936 613 σφεας
975 562 1202 614 παρῆκαν,
1251 558 1412 604 οὐδένα
1450 563 1582 606 δόλον
1623 567 1747 608 ὂο·30

426 628 597 678 κέοντες
630 627 672 678 ἐξ,
703 627 870 671 αὐτέων
900 629 1086 672 ἔσεσθαι.
1146 631 1191 672 αἱ
1221 630 1266 674 δὲ
1297 631 1386 675 ἐπεί
1414 647 1458 675 τε
1487 633 1689 690 ἐσῆλθον,

424 703 600 742 ποιεῦσι
629 698 798 741 τοιάδε·
848 703 995 743 πᾶσαν
1023 701 1102 757 τὴν
1129 700 1243 757 εἶχον
1271 701 1433 756 ἐσθῆτα
1462 708 1690 758 παραδοῦ-

427 768 513 824 occos
529 773 641 811 τοῖσι
673 767 880 824 ἀνδράσι,
924 771 1052 815 αὐταὶ
1083 772 1161 828 τὴν
1194 776 1282 815 τῶν
1310 770 1489 826 ἀνδρῶν
1519 774 1689 828 ἔλαβον.

397 841 470 883 5οἱ
518 839 563 883 δὲ
602 839 797 893 Μινύαι,
845 841 1047 894 ἐνδύντες
1094 843 1175 899 τὴν
1213 846 1475 899 γυναικηΐην
1515 844 1688 899 ἐσθῆτα,

429 909 502 954 ἅτε
542 916 766 966 γυναῖκες,
801 911 973 968 ἐξήϊσαν
1013 914 1112 966 ἔξω,
1157 912 1420 970 ἐκφυγόντες
1457 913 1503 958 δὲ
1540 913 1746 971 τρόπῳ35

426 979 632 1040 τοιούτῳ,
663 985 804 1036 ἵζοντο
837 979 959 1035 αὖτις
989 984 1031 1036 ἐς
1061 985 1109 1028 τό
1150 984 1387 1041 Τηΰγετον.

535 1053 624 1097 Τόν
669 1054 714 1097 δὲ
755 1052 891 1098 αὐτὸν
921 1060 1081 1100 τοῦτον
1119 1056 1281 1112 χρόνον
1315 1055 1460 1111 Θήρας
1498 1053 1522 1099 ὁ
1553 1054 1690 1100 Αὐτε-

430 1231 471 1269 οἱ
498 1229 540 1268 δέ
562 1243 687 1278 σφεας
705 1232 905 1283 παρῆκαν]
951 1233 972 1268 ἰ.
996 1245 1028 1270 e.

368 1288 409 1325 hi
429 1300 509 1323 vero
540 1287 731 1333 (custodes
749 1289 941 1340 Spartani)
969 1301 1028 1324 eas

369 1345 513 1381 introire
532 1347 615 1379 sunt
633 1347 751 1393 passi,
790 1358 819 1382 s.
845 1347 1029 1381 introitum

369 1401 443 1437 illis
462 1401 706 1449 permiserunt.
746 1401 828 1438 Hoc
847 1401 1030 1449 significa-

368 1461 408 1493 tu
427 1454 610 1506 παριέναι
632 1457 704 1504 ΙΙΙ,
735 1461 811 1504 72,
845 1458 906 1495 ubi
934 1459 1029 1494 conf.

368 1518 463 1550 nott.
484 1513 547 1560 ΙΙΙ,
569 1516 633 1554 77.
658 1516 722 1554 88.
753 1514 819 1560 ΙΧ,
843 1516 877 1553 1.
897 1536 953 1542 -
971 1514 1030 1552 De

373 1568 536 1620 Taygeto
557 1571 678 1606 monui
702 1571 750 1606 ad
771 1570 833 1616 lv,
860 1570 952 1612 145.

541 1627 650 1675 Cap.
678 1626 859 1663 CXLVH.

431 1677 567 1732 Θήρας
600 1680 624 1720 ὁ
653 1676 927 1732 Αὐτεσίωνος]
970 1683 1029 1721 De

374 1737 510 1775 Therae
529 1751 663 1787 genere
685 1743 862 1776 testantur
872 1741 1028 1777 Pausan.

370 1794 436 1842 ΙΙΙ,
464 1798 482 1834 1
506 1793 543 1845 §.
564 1797 600 1834 7.
633 1795 695 1841 IV,
722 1798 746 1834 3
777 1793 814 1845 ἓ.
834 1798 872 1836 3.
920 1796 1031 1833 Calli-

371 1851 486 1888 mach.
518 1852 555 1887 in
576 1850 728 1900 Apollin.
749 1852 801 1890 74
832 1848 912 1904 (ubi
934 1853 1030 1889 conf.

373 1906 571 1956 Spanhem.
592 1921 677 1957 pag.
702 1906 812 1957 127).
856 1907 1026 1958 Apollon.

369 1962 493 2001 Rhod.
513 1964 576 2009 lv,
598 1966 701 2004 1759
722 1977 845 2013 seqq„
885 1977 929 2001 ex
951 1965 1028 2001 Hc-

370 2020 504 2056 rodoto
523 2020 760 2069 probabiliter
775 2034 839 2057 sua
850 2022 911 2069 qui
930 2034 1028 2057 sum-

372 2076 439 2122 sit3
499 2075 577 2112 coli.
616 2076 775 2113 Boeckh.
827 2078 874 2113 ad
920 2077 1026 2114 Pind.

370 2131 543 2181 Olympp.
569 2132 601 2168 11
623 2145 658 2182 p.
683 2133 772 2173 115.
822 2133 933 2171 Unde
953 2133 1027 2170 tale

371 2188 515 2236 generis
554 2193 704 2226 stemma
742 2190 898 2226 confecit
931 2189 1027 2226 Lar-

370 2245 465 2280 cher.
485 2244 520 2280 in
541 2250 631 2281 nott.
653 2246 699 2281 ad
719 2245 753 2281 h.
774 2247 799 2282 Ι.
822 2245 903 2282 coll.
923 2247 967 2283 C.
981 2247 1027 2283 O.

370 2299 514 2337 Miiller.
547 2301 765 2339 Orchomen,
808 2315 891 2351 pag.
925 2302 1027 2343 468:

372 2355 524 2392 Cadmus
561 2354 642 2407 (qni
676 2359 712 2393 in
738 2358 930 2395 Boeotiam
967 2371 1030 2396 ve-

371 2413 468 2448 nisse
481 2416 632 2460 putatur
643 2425 738 2449 anno
755 2413 862 2456 1549
880 2427 912 2451 a.
925 2415 1026 2460 Chr.)

370 2489 426 2496 ·——
453 2467 648 2518 Polydorus
690 2465 813 2521 (anno
857 2471 963 2512 1497
994 2483 1027 2508 a.

372 2524 457 2560 Chr.
476 2525 542 2574 n.).
582 2524 779 2561 Labdacus
798 2524 1028 2579 (1450).—

374 2580 491 2616 Laius
510 2584 551 2627 (a
572 2580 620 2629 L)
631 2595 671 2617 eo
689 2583 822 2618 eiectus
846 2583 967 2627 1416,
986 2596 1028 2620 ac

374 2637 458 2673 dein
482 2637 527 2672 ad
550 2650 698 2685 regnum
719 2643 864 2675 evectus
886 2638 1026 2688 1390).

373 2715 428 2720 —
460 2693 616 2741 Oedipus
645 2694 804 2742 (1354).
833 2716 888 2721 -—
919 2695 1028 2745 Puly-

373 2751 467 2785 m'ces
489 2751 603 2795 (anno
629 2752 763 2793 1318).
778 2771 832 2777 -
850 2750 1027 2788 Thersan-

375 2805 437 2841 der
465 2806 616 2851 (12993
647 2806 859 2843 interfectus
887 2810 1024 2857 1287).

376 2881 425 2888 —-
453 2860 654 2898 Tsswnenes
683 2863 745 2910 (ad
768 2876 916 2912 regnum
942 2877 1025 2901 eve—

429 1125 611 1175 σίωνος,
641 1129 722 1168 τοῦ
757 1130 1023 1182 Τισαμενοῦ,
1053 1134 1133 1170 τοῦ
1165 1127 1470 1183 Θερσάνδρου,
1499 1131 1578 1170 τοῦ
1601 1131 1687 1170 Πο-

1084 1236 1162 1269 ctus
1186 1234 1395 1281 1269).--
1414 1233 1581 1270 Αυΐεείωι
1607 1232 1648 1278 (a
1665 1231 1745 1269 Da-

1085 1289 1334 1327 masichthone
1363 1290 1495 1327 eiectus
1529 1287 1668 1337 1249).
1689 1308 1745 1316 --

1089 1344 1225 1381 Tloeras
1238 1345 1364 1392 (natus
1387 1359 1482 1382 anno
1506 1345 1627 1391 1214,
1645 1349 1746 1381 tutor

1085 1401 1223 1438 Proclis
1255 1407 1366 1450 atque
1388 1401 1625 1450 Eurysthenis
1648 1413 1745 1438 anno

1090 1458 1229 1504 1178).
1284 1458 1324 1494 In
1353 1458 1468 1507 ipsam
1500 1458 1745 1495 narrationem

1087 1527 1205 1564 nuper
1239 1514 1425 1562 inquisivit
1456 1515 1497 1552 C.
1529 1514 1575 1550 O.
1604 1513 1744 1550 Mulier.

1087 1570 1111 1608 l.
1130 1570 1151 1606 l.
1168 1573 1343 1619 pag-336
1363 1571 1617 1619 cognationem
1636 1569 1745 1616 illam,

1086 1639 1181 1676 quae
1205 1626 1351 1663 Therae
1377 1625 1544 1675 A‹·gidae
1572 1627 1747 1663 interces-

1087 1683 1174 1718 serit
1207 1695 1286 1718 cum
1316 1682 1590 1720 Heraclidarum
1631 1682 1745 1731 stirpe

1085 1739 1209 1787 regia,
1247 1751 1394 1788 prorsus
1423 1738 1544 1775 fictam
1575 1751 1594 1775 e
1614 1739 1743 1775 carmi-

1085 1795 1189 1831 nibus
1211 1795 1351 1832 Dorum
1379 1795 1487 1845 epicis
1506 1795 1743 1844 repetendam

1086 1864 1166 1889 esse
1198 1855 1386 1898 statuens,
1434 1864 1511 1887 cum
1548 1852 1617 1887 iarn
1658 1854 1744 1887 ante

1085 1907 1282 1945 Laconiam
1302 1908 1348 1944 ab
1362 1907 1565 1944 Heraclidis
1588 1920 1616 1943 s.
1630 1907 1743 1956 Spar-

1087 1964 1183 2000 tanis
1217 1968 1427 2014 occupatam
1467 1968 1503 2001 et
1534 1963 1670 2000 Achaei
1706 1966 1743 2000 et

1085 2020 1233 2068 Minyae
1268 2020 1335 2057 hac
1379 2020 1457 2071 ipsa
1499 2021 1534 2057 in
1572 2024 1670 2056 terra
1700 2032 1743 2056 ac

1084 2076 1297 2126 praesertim
1341 2077 1377 2112 in
1422 2089 1511 2125 agro
1548 2075 1742 2124 Amyclaeo

1085 2133 1174 2169 fixas
1223 2132 1415 2170 habuerint
1468 2133 1587 2179 sedes,
1644 2132 1741 2169 unde

1086 2193 1122 2226 et
1157 2189 1244 2225 alias
1282 2189 1441 2226 colonias
1483 2189 1668 2226 emiserint
1704 2192 1741 2225 et

1085 2257 1188 2290 eam,
1238 2258 1332 2294 quae
1365 2245 1503 2282 'l'heras
1543 2245 1739 2290 conderet3

1085 2302 1135 2338 ita
1157 2306 1195 2338 ut
1215 2314 1453 2350 quaecunque
1482 2302 1528 2337 de
1549 2300 1671 2337 Thera
1690 2300 1738 2335 ad

1085 2357 1362 2395 Heraclidarum
1377 2358 1526 2407 stirpem
1546 2356 1658 2393 relato
1679 2369 1738 2393 ce-

1086 2415 1257 2460 cinerint,
1287 2426 1330 2451 ea
1350 2414 1543 2464 postmodo
1568 2412 1653 2448 ficta
1681 2412 1738 2447 vi-

1087 2471 1166 2507 deri
1185 2472 1342 2508 debeant
1361 2470 1407 2505 ad
1427 2471 1546 2517 gentis
1568 2468 1739 2517 splendo-

1084 2539 1160 2564 rem
1209 2540 1250 2563 (ιο
1306 2525 1456 2574 gloriam
1511 2524 1739 2573 augendam3

1083 2583 1296 2633 praesertim
1315 2594 1394 2617 cum
1415 2586 1568 2629 utraque
1597 2580 1738 2617 colonia

1085 2644 1122 2676 et
1143 2638 1266 2675 Thera
1284 2642 1321 2675 et
1331 2636 1448 2673 Melos
1470 2642 1610 2673 mature
1623 2638 1739 2686 Spar-

1083 2699 1248 2731 tanorum
1268 2694 1517 2730 auctoritatem
1537 2698 1647 2741 atque
1669 2693 1736 2728 im-

1082 2751 1222 2800 perium
1249 2751 1450 2797 agnoverit.
1499 2750 1591 2786 Mihi
1612 2749 1658 2785 de
1677 2753 1735 2785 ta-

1082 2807 1173 2843 libus
1208 2807 1441 2856 pronuntiare
1480 2806 1589 2851 velle,
1638 2817 1734 2854 qnae

1080 2863 1185 2901 certis
1216 2867 1379 2900 veterum
1413 2861 1629 2900 testimoniis
1657 2862 1733 2898 sive

1752 1129 1836 1174 345
