1904 3304
455 237 482 276 2
852 228 1321 269 HERODOTI

443 342 629 398 ’Ἄμασιν
657 339 896 396 θυγατέρα·
948 339 1058 380 αἴτεε
1089 337 1135 382 δὲ
1171 337 1218 381 ἐκ
1248 337 1516 394 συμβουλίης
1553 332 1717 391 ἀνδρὸς

457 413 721 469 Αἰγυπτίου,
761 410 808 462 ὃς
846 407 1122 466 μεμφόμενος
1147 407 1335 462 ’Ἁμασιν
1367 408 1521 464 ἔπρηξε
1563 399 1716 456 ταῦτα’,

455 485 520 528 ὅτι
543 499 618 539 μιν
646 483 689 534 ἐξ
719 479 925 525 ἁπάντων
954 482 1042 522 τῶν
1070 479 1117 521 ἐν
1146 478 1355 534 Αἰγύπτῳ
1394 480 1554 535 ἰητρῶν
1601 475 1717 521 ἀπο-

455 553 624 604 σπάσας
644 551 729 595 ἀπὸ
753 549 960 607 γυναικός
978 566 1021 592 τε
1046 549 1119 592 καὶ
1140 548 1319 600 τέκνων,
1351 550 1530 593 ἔκδοτον
1544 548 1718 604 ἐποίησε
1734 555 1776 588 10

453 625 495 676 ἐς
528 624 723 678 Πέρσας,
766 621 836 665 ὅτε
868 624 1016 674 Κῦρος
1045 621 1216 675 πέμψας
1249 619 1368 674 παρὰ
1388 620 1575 676 ’Ἄμασιν
1607 619 1720 662 αἴτεε

453 694 603 751 ἰητρόν
632 692 903 749 ὀφθαλμῶν,
936 690 984 742 ὃς
1015 694 1078 747 εἴη
1110 691 1286 746 ἄριστος
1313 695 1403 734 τῶν
1422 691 1468 734 ἐν
1487 689 1713 746 Αἰγύπτῳ.

424 769 592 808 3ταῦτα
617 763 668 820 δὴ
689 762 1040 819 ἐπιμεμφόμενος
1061 761 1357 818 ὁΑἰγύπτιος,
1391 761 1513 819 ἐνῆγε
1535 766 1589 819 τῇ
1610 772 1718 817 συμ-

452 838 606 892 βουλίῃ
621 834 809 878 κελεύων
829 833 983 876 αἰτέειν
997 834 1076 877 τόν
1089 831 1519 889 Καμβύσεα’Ἁμασιν
1538 830 1721 889 θυγατέ-
1733 837 1775 872 15

451 923 520 960 ρα·
565 907 637 948 ἵνα
656 905 682 962 ἢ
705 907 810 955 δοὺς
830 904 1004 961 ἀνιῷτο,
1033 905 1059 959 ἢ
1079 904 1135 960 μή
1161 902 1266 954 δοὺς
1288 902 1499 961 Καμβύσῃ
1519 902 1720 960 ἀπέχθοι-

423 980 513 1020 4το.
546 974 569 1019 ὁ
590 974 842 1031 δὲ’Ἁμασις,
857 980 908 1032 τῇ
931 974 1113 1031 δυνάμει
1136 980 1224 1019 τῶν
1238 975 1443 1028 Περσέων
1463 974 1721 1031 ἀχθόμενος,

450 1047 522 1092 καὶ
540 1045 791 1101 οἷρῤωδέων,
807 1045 889 1090 οὐκ
913 1044 994 1100 εἶχε
1016 1045 1115 1090 οὔτε
1129 1048 1288 1089 δοῦναι
1309 1046 1409 1089 οὔτε
1425 1045 1719 1103 ἀρνήσασθαι·

452 1112 501 1160 εὖ
530 1118 614 1173 γὰρ
655 1118 889 1174 ἠπίστατο,
938 1117 1004 1160 ὅτι
1036 1116 1116 1161 οὐκ
1149 1116 1204 1168 ὡς
1234 1118 1424 1173 γυναῖκά
1461 1133 1536 1175 μιν
1577 1116 1722 1172 ἔμελλε

424 1186 686 1244 5Καμβύσης
708 1189 830 1242 ἕξειν,
858 1186 947 1232 ἀλλ’
966 1186 1023 1238 ὠς
1044 1188 1284 1244 παλλακήν.
1315 1193 1453 1233 ταῦτα
1475 1188 1528 1245 δή
1552 1188 1719 1243 ἐκλογι-
1789 1199 1870 1241 194

452 1339 494 1379 ἐκ
516 1338 774 1390 συμβουλίης]
805 1339 954 1377 Retiuui
974 1338 1056 1385 hoc,

395 1397 495 1446 quod
524 1396 744 1445 wesseling.
774 1396 852 1433 loco
886 1395 1057 1444 vulgatae

396 1453 438 1492 ἐκ
468 1453 638 1503 βουλῆς,
693 1465 801 1501 quam
842 1455 1058 1490 revocarunt

395 1510 600 1558 Schweigh.
615 1514 652 1546 et
663 1509 781 1545 Gaisf.
798 1512 982 1559 posuerat,
1000 1521 1057 1544 as-

397 1565 637 1603 sentientibus
671 1565 855 1601 Sancrofti
891 1565 981 1601 libro
1023 1569 1059 1601 et

396 1622 670 1658 Vindobonens.
692 1620 803 1670 Apud
814 1620 957 1658 Theon.
969 1620 1060 1657 Pro-

398 1690 521 1727 gymn.
540 1691 575 1727 p.
596 1680 649 1718 56
672 1677 806 1725 legitur
827 1675 867 1715 ἔκ
886 1678 1059 1727 συμβου-

396 1736 493 1784 λῆς,
533 1735 633 1782 quod
655 1734 775 1784 ipsum
809 1734 942 1771 dubiae
972 1734 1059 1771 fidei

398 1802 479 1827 esse
501 1795 608 1840 putat
630 1789 846 1838 Wesseling.
860 1819 872 1836 ,
902 1791 1060 1827 iinmeri-

397 1850 457 1892 to,
497 1859 581 1882 nam
612 1846 794 1883 invenitur
832 1847 1059 1896 συμβουλῆς

397 1902 496 1952 apud
516 1901 692 1939 Nostrum
712 1902 750 1949 Ι,
791 1903 869 1943 157
891 1904 968 1940 sine
990 1903 1059 1939 ulla

398 1958 559 1995 lectionis
575 1960 762 1999 varietate.
822 1958 872 1995 At
887 1960 1059 2008 frequens

398 2014 592 2051 Herodoto
647 2015 890 2065 συμβουλίη,
959 2017 1058 2065 quod

398 2075 605 2107 monstrant
631 2069 700 2108 loci
738 2083 759 2107 a
787 2071 990 2122 Schweigh.
1021 2073 1057 2109 in

398 2125 490 2164 Lex.
504 2126 641 2163 Herod.
656 2140 727 2164 ΒΝ.
747 2127 897 2165 collecti.
931 2129 1056 2177 Signi-

400 2182 483 2219 ficat
512 2195 598 2220 vero
625 2181 666 2222 ἐκ
696 2184 941 2234 συμβουλίης
971 2199 1055 2221 sna-

399 2252 452 2284 ευ,
473 2239 624 2275 εοιιείᾝίιο
642 2260 699 2266 -
718 2239 806 2276 Mox
825 2241 942 2277 delevi
960 2254 1058 2278 com-

399 2307 457 2330 ma
476 2299 559 2343 post
569 2291 739 2344 ’Ἄμασιν
757 2295 866 2344 vulgo
887 2310 954 2346 pos
939 2297 1057 2333 itum.

400 2350 540 2387 lnsrac.
553 2350 621 2386 lV:
653 2348 906 2401 μεμφόμενός
928 2368 1000 2391 κου
1023 2368 1059 2390 τι

394 2399 574 2455 Ἀμάσι
609 2407 748 2455 aliquot
781 2408 859 2444 libri
900 2409 1059 2446 afferunt

388 2459 602 2511 ’Ἀμασιν,
622 2465 799 2500 structuri
817 2465 932 2502 minus
951 2478 1059 2502 sanc-

400 2531 508 2566 quam
526 2518 642 2564 solita,
672 2533 750 2556 cum
771 2521 912 2557 dathus
931 2534 1058 2571 porso-

400 2586 469 2611 nae
499 2574 710 2623 plerumque
738 2577 939 2613 adiiciatur.
1005 2577 1057 2614 At

400 2635 525 2666 nostro
542 2630 620 2667 loco
640 2631 688 2667 nil
708 2633 871 2682 impedit,
901 2647 972 2682 quo
990 2635 1057 2670 mi-

400 2698 468 2722 nus
517 2688 741 2724 accusativus
785 2686 954 2739 ’Ἄμασιν
1009 2691 1056 2728 ad

402 2741 543 2791 ἔπρηξε
565 2756 711 2792 quoque
736 2745 922 2782 reseratur.

458 2795 594 2848 ἰητρόν
609 2794 851 2851 ὀφθαλμῶν]
867 2803 959 2839 Cum
971 2802 1060 2841 Per-

401 2866 462 2891 sae
493 2860 607 2892 artem
641 2857 816 2894 medicam
845 2858 961 2896 miuus
983 2859 1056 2897 cal-

1112 1339 1252 1387 lerent,
1291 1352 1366 1376 non
1388 1340 1519 1377 mirum
1540 1343 1619 1386 est,
1656 1337 1780 1387 Aegy-

1114 1397 1211 1446 ptios
1240 1396 1439 1433 advocatos
1463 1396 1575 1433 fuisse
1603 1395 1781 1442 medicos,

1114 1457 1154 1489 ut
1186 1453 1247 1502 qui
1275 1452 1361 1489 artis
1393 1453 1498 1502 hujus
1532 1451 1580 1488 ob
1608 1451 1780 1502 peritiam

1114 1514 1190 1545 tum
1238 1510 1412 1559 temporis
1457 1508 1564 1546 valde
1602 1507 1780 1546 celebrati

1107 1566 1225 1603 'fuisse
1248 1566 1454 1612 videantur,
1485 1577 1652 1615 quosque
1670 1564 1781 1602 etiam

1115 1627 1200 1672 post
1228 1623 1448 1672 Cambysem
1489 1635 1613 1660 secum
1653 1620 1782 1658 habuit

1114 1679 1272 1726 Darius,
1320 1685 1359 1715 ut
1395 1678 1610 1728 intelligitur
1643 1689 1687 1715 ex
1716 1675 1781 1724 Ill,

1119 1737 1210 1775 129.
1270 1736 1406 1772 Postea
1437 1749 1564 1773 eorum
1595 1735 1629 1770 in
1660 1733 1781 1770 locum

1116 1791 1249 1829 Graeci
1269 1797 1522 1829 successerunt
1540 1791 1682 1829 medici.
1719 1789 1782 1828 Tu

1114 1848 1210 1885 conf.
1240 1849 1289 1885 ad
1319 1848 1468 1886 Ctesiae
1499 1849 1666 1897 sragmm.
1687 1849 1780 1884 nott.

1114 1917 1200 1954 pag.
1229 1906 1278 1944 16
1301 1917 1405 1954 seqq.
1427 1909 1466 1943 et
1485 1916 1580 1954 quae
1599 1903 1648 1941 ad
1659 1903 1779 1940 Hero-

1114 1961 1242 1997 dotum
1263 1960 1317 2008 Il,
1349 1961 1404 2000 84
1424 1961 1694 2012 adscripsimus.

1173 2061 1239 2083 ινα
1268 2040 1296 2094 ἢ
1333 2041 1430 2092 ὁοῦς
1458 2040 1628 2099 ἀνιῷτο,
1662 2039 1692 2095 ἢ
1722 2038 1779 2094 μή

1115 2097 1228 2151 δούς]
1250 2102 1374 2139 Tum
1367 2116 1404 2139 in
1421 2102 1476 2138 his
1479 2106 1590 2148 ,tum
1609 2101 1647 2138 in
1659 2099 1779 2138 verbis

1114 2171 1218 2207 seqq.
1233 2154 1307 2197 οὐκ
1326 2154 1401 2207 εἶχε
1422 2155 1513 2197 οὔτε
1527 2157 1671 2197 δοῦναι
1687 2153 1780 2197 ου’τε

1114 2209 1372 2264 οἷρνησασθαι
1395 2214 1591 2251 Herodoto
1622 2214 1781 2252 sortasse

1114 2271 1344 2307 obversatum
1367 2271 1477 2308 fuisse
1501 2270 1717 2320 Euripidem
1742 2270 1780 2307 in

1114 2326 1279 2375 Iphigen.
1304 2326 1382 2363 Aul.
1408 2327 1482 2373 56,
1514 2327 1576 2376 qui
1605 2327 1684 2377 ipse
1703 2325 1779 2362 Ae-

1114 2381 1271 2430 sch-ilum
1295 2383 1454 2419 imitatus
1476 2384 1524 2421 sit
1536 2378 1778 2433 Suppl.385,

1113 2444 1218 2475 notat
1236 2438 1409 2477 Vah-ken.

1173 2519 1226 2568 ὦς
1244 2520 1464 2574 παλλακήν]
1482 2522 1632 2561 pellices
1644 2519 1776 2558 multas

1113 2584 1259 2627 praeter
1286 2593 1414 2617 uxores
1444 2580 1645 2629 legitimaS‚
1694 2576 1778 2626 qui-

1114 2634 1180 2671 bus
1213 2637 1285 2672 nati
1316 2636 1382 2673 soli
1409 2638 1463 2673 ius
1491 2633 1710 2673 succedendi
1737 2633 1776 2669 in

1113 2703 1227 2739 regno
1248 2692 1449 2740 habebant,
1490 2694 1588 2730 alere
1607 2689 1777 2728 solebant

1112 2760 1217 2796 reges
1232 2748 1436 2797 Persarum,
1467 2749 1560 2786 filios
1583 2748 1670 2785 inde
1695 2757 1776 2783 sus-

1111 2809 1235 2854 coptos
1271 2805 1487 2856 plerumque
1533 2805 1583 2842 ad
1623 2813 1775 2842 munera

1113 2860 1289 2912 ampliora
1328 2867 1366 2901 et
1394 2863 1648 2913 magistratuS,
1687 2870 1720 2895 v.
1741 2869 1772 2895 c·
