1904 3304
479 241 1164 282 MELPOMENE.1Y.

192 371 269 410 την
295 352 437 409 Ἀσίην
465 353 567 404 τοὺς
599 351 802 403 Σκύθας,
832 352 905 395 καὶ
932 350 1011 406 τὴν
1040 348 1336 406 χερσόννησον
1364 350 1449 392 κτί-
1463 358 1478 390 1
1511 352 1549 379 S
1535 352 1646 393 ⁰5²th

1513 395 1600 448 {iim-¹¹
1619 395 1651 454 ”[

1374 242 1458 281 297

191 437 363 474 σαντες,
411 422 457 466 ἐν
497 428 549 481 τῇ
580 427 666 466 νῦν
700 422 881 479 Σινώπη
912 422 1038 473 πόλις
1072 421 1220 473 Ἑλλας
1251 423 1452 464 οἴκισται.

165 494 381 551 ὃφανεροὶ
414 494 459 538 δέ
497 496 577 538 εἰσι
616 495 687 538 καὶ
725 497 768 538 οῖ
798 493 975 537 Σκύθαι
1013 492 1239 545 διώξαντες
1279 490 1456 544 αὐτούς,

187 566 260 610 καὶ
298 563 551 621 ἐσβαλόντες
599 566 642 616 ἐς
680 569 764 622 γῆν
800 564 879 621 τὴν
919 565 1145 621 Μηδικὴν,
1192 564 1456 619 ἁμαρτόντες

159 641 266 692 4τῆς
307 635 427 680 ὁδοῦ.

498 638 541 679 οἱ
579 637 656 693 μὲν
694 637 775 693 γὰρ
814 636 1049 691 Κιμμέριοι
1093 635 1175 678 αιέὶ
1214 635 1294 691 τὴν
1338 634 1457 688 παρὰ

185 707 416 752 θάλασσαν
456 708 662 764 ἔφευγον·
720 709 764 750 οῖ
802 707 846 750 δὲ
884 706 1085 758 Σκύθαι,
1134 706 1179 750 ἐν
1218 707 1334 762 δεξιῇ
1373 704 1483 748 τόνὸ

186 778 426 823 Καύκασον
461 779 650 835 ἔχοντες,
683 779 876 822 ἐδίωκον.
935 778 977 827 ἐς
1009 776 1032 820 ὃ
1064 776 1271 833 ἐσέβαλον
1301 777 1343 828 ἐς
1372 776 1453 833 τήν

189 852 395 907 Μηδικὴν
425 855 526 908 γῆν,
567 850 608 901 ἐς
646 849 883 906 μεσόγαιαν
918 852 994 904 τῆς
1031 844 1141 890 ὁδοῦ
1177 849 1454 903 τραφθέντες.

191 917 322 974 οὗτος
362 922 407 966 δὲ
447 921 578 972 ἄλλος
615 920 744 973 ξυνὸς
768 919 988 978 Ἑλλήνων
1027 934 1070 961 τε
1109 918 1182 962 καὶ
1217 919 1455 976 βαρβάρων

187 992 418 1050 λεγόμενος
447 991 577 1048 λόγος
607 993 784 1049 εἴρηται.

190 1137 232 1177 ἒν
272 1154 318 1193 τῃ
360 1141 438 1178 νῦν
478 1135 645 1189 Σινωπη
680 1134 793 1186 πόλις

130 1192 266 1242 Ἕλλας
294 1195 477 1246 οἴκισται]
518 1197 603 1234 Duo
627 1196 707 1233 libri
734 1195 793 1235 οἴ-

133 1267 264 1302 κηται.
297 1252 359 1289 Tu
380 1254 473 1290 conf.
492 1253 583 1290 haec
596 1253 793 1303 respicien-

133 1313 206 1346 tem
226 1308 394 1346 Eustath.
415 1310 462 1346 ad
483 1309 791 1359 Dionys.Per1eg.

134 1367 239 1410 772,
269 1378 311 1402 ac
335 1366 381 1403 de
403 1366 481 1416 ipsa
503 1367 592 1403 urbe
610 1366 792 1403 Herodot.

134 1421 171 1467 I,
206 1422 296 1462 193.
357 1422 463 1466 Quae
493 1423 577 1459 urbs
610 1423 657 1458 ad
683 1422 792 1459 Ponti

134 1476 267 1514 Euxini
292 1490 392 1515 oram
422 1479 459 1515 in
492 1479 745 1529 Paphlagonia
772 1491 793 1515 a

133 1533 287 1570 Milesiis
328 1535 476 1571 condita
516 1535 610 1571 circa
644 1535 792 1584 Olymp.

132 1590 286 1636 XXXII,
314 1593 340 1630 2
367 1596 496 1640 postea
522 1592 677 1629 maxime
705 1592 793 1629 emi-

132 1647 225 1693 nuit,
252 1660 332 1684 cum
352 1648 461 1685 Ponti
484 1649 585 1696 regia
607 1649 712 1686 sedes
735 1661 793 1686 es-

134 1708 190 1741 set
229 1704 338 1740 sacta.
393 1703 452 1741 De
487 1718 560 1753 qua
580 1709 666 1755 post
689 1705 793 1742 Stra-

132 1760 219 1797 bon.
246 1760 315 1796 Xll
348 1774 383 1811 p.
405 1759 485 1801 545
511 1774 540 1797 s.
564 1763 638 1802 821
667 1774 723 1810 sq.
755 1765 794 1798 et

132 1816 261 1865 Polyb.
283 1816 345 1862 IV,
367 1819 416 1856 56
441 1817 578 1854 consul.
620 1817 795 1855 Mannert

135 1873 273 1921 Geogr.
296 1873 330 1909 d.
352 1873 415 1909 Gr.
435 1887 469 1910 u.
490 1874 537 1911 R.
566 1874 629 1921 VI,
651 1876 677 1915 3
704 1887 791 1924 pag.

139 1932 185 1968 11
210 1942 293 1977 sqq.
338 1929 672 1968 Raoul-Rochette
694 1931 790 1967 Hist.

137 1985 182 2021 de
205 1985 401 2022 l'Etabliss.
425 1987 460 2022 d.
489 1986 555 2022 col.
584 1987 649 2023 Gr.
676 1987 725 2023 HI
754 2001 791 2037 p.

139 2044 214 2081 171
239 2054 334 2090 sqq.‚
366 2048 401 2078 et
418 2054 511 2091 quae
530 2044 617 2080 citat
630 2043 727 2080 Gail.
744 2044 791 2079 ad

137 2098 285 2145 Scymni
303 2098 384 2134 Chii
405 2100 571 2147 fragmm.
591 2113 643 2136 vs.
654 2099 735 2140 204
755 2114 791 2150 p.

137 2153 231 2195 407.
269 2154 484 2192 Tzschucke
505 2156 551 2191 ad
573 2156 658 2195 Mel.
688 2156 715 2202 Ι,
740 2157 790 2195 19

135 2223 172 2260 p.
194 2211 275 2251 597
297 2224 373 2260 seq.
394 2211 494 2260 (Vol.
514 2212 561 2248 ΙΙΙ
585 2212 625 2248 P.
648 2211 682 2262 l)
703 2217 794 2248 nott.

136 2278 263 2315 exegg.
305 2267 412 2305 Nunc
439 2268 642 2318 appell-(itur
672 2269 794 2305 Sz'nob.

137 2323 258 2372 Atque
280 2324 424 2361 Rittero
457 2325 679 2371 (Erdkunde
707 2326 735 2361 ΙΙ
759 2339 793 2375 p.

138 2380 237 2429 792)
260 2386 405 2418 auctore
422 2382 493 2418 iam
514 2386 622 2419 antea
633 2383 795 2419 Cimme-

138 2437 270 2472 riorum
301 2438 384 2474 urbs
412 2438 481 2474 suit
511 2439 676 2489 Sinope3
721 2452 794 2487 quo

139 2492 175 2527 in
196 2493 339 2531 nomine
359 2494 496 2543 syllaba}
516 2494 585 2532 Sin
598 2523 608 2542 ,
639 2495 794 2545 plurium

141 2549 303 2595 gentium
322 2550 357 2586 in
376 2551 580 2588 nominibus
599 2553 719 2598 obvia,
736 2553 794 2587 in-

142 2604 253 2640 dicari
277 2605 353 2642 vult
373 2606 536 2645 homines
555 2609 675 2658 prisco
703 2621 795 2646 aevo

142 2659 368 2698 metallorum
403 2666 674 2702 tractandorum
696 2665 794 2715 peri-

142 2722 219 2760 tos,
259 2718 380 2765 quales
411 2720 569 2770 Sinopes
605 2722 702 2758 urbis
738 2735 796 2758 re·

144 2772 334 2821 gionisque
398 2776 596 2814 adiacentis
658 2778 795 2816 incolas

144 2829 253 2865 fuisse
283 2831 496 2880 accepimus,

200 2884 239 2931 ἒς
262 2881 282 2924 ὃ
309 2884 507 2938 ἐσέβαλον]
539 2887 576 2936 ἒς
606 2886 628 2929 ὃ
658 2890 795 2939 (donec)

849 1137 994 1176 exhibui
1023 1151 1103 1174 cum
1121 1137 1325 1187 Schweigh.
1349 1142 1384 1175 et
1395 1138 1513 1176 Gaisf.

848 1194 933 1232 Duo
956 1194 1035 1231 libri
1054 1195 1225 1232 exhibent
1246 1193 1286 1241 ἔς
1304 1189 1344 1232 τ’
1358 1225 1367 1242 ,
1408 1195 1509 1244 quod

849 1251 948 1288 idem
967 1251 1119 1288 occurrit
1137 1251 1198 1299 1V,
1215 1254 1309 1298 201,
1336 1252 1419 1298 VH,
1432 1254 1508 1292 141

849 1307 1004 1356 aliisque
1043 1308 1130 1344 locis
1170 1320 1192 1343 a
1232 1308 1366 1344 Struve
1403 1308 1510 1358 SpeC.

852 1364 1006 1407 Quaest.
1034 1365 1081 1401 de
1104 1364 1243 1401 Herod.
1271 1363 1355 1401 dial.
1381 1364 1395 1400 I
1424 1377 1510 1415 pag.

851 1421 904 1461 42
939 1419 1077 1466 allatis3
1129 1421 1226 1458 unde
1261 1421 1407 1458 Koenio
1443 1422 1510 1469 (ad

851 1478 1007 1525 Gregor.
1041 1477 1207 1514 Corinth.
1249 1477 1295 1514 de
1322 1477 1404 1513 dial.
1437 1478 1512 1514 lon.

851 1531 888 1583 ἓ.
910 1535 962 1573 63
985 1547 1020 1583 p.
1043 1534 1125 1574 472
1148 1533 1313 1581 Schaef.)
1345 1538 1380 1570 et
1401 1534 1511 1571 Wes-

851 1589 1005 1638 selingio
1029 1590 1063 1626 in
1087 1594 1246 1626 mentem
1269 1590 1369 1626 venit
1390 1589 1429 1637 ἐς
1450 1587 1512 1637 τό,

852 1646 952 1695 quod
985 1647 1101 1695 magis
1136 1647 1183 1682 sit
1209 1646 1394 1694 lonicum,
1446 1660 1512 1684 ne-

851 1704 1047 1739 scientibus
1066 1715 1168 1749 sane,
1190 1703 1422 1740 Herodotum
1443 1704 1511 1741 hae

851 1760 889 1796 in
913 1759 1067 1796 formula
1085 1772 1269 1808 nunquam
1290 1761 1333 1797 eii
1354 1762 1405 1797 uti
1426 1774 1513 1811 pro-

852 1817 1007 1852 nominis
1041 1817 1178 1863 fmma,
1216 1829 1311 1865 quae
1335 1830 1356 1854 a
1381 1830 1513 1854 conso-

852 1878 965 1910 nante
993 1873 1151 1923 incipiat.
1210 1873 1356 1911 Monuit
1378 1875 1511 1912 Struve

849 1928 870 1967 l.
890 1929 911 1966 l.
944 1929 1068 1972 Quare
1090 1942 1158 1966 nec
1176 1929 1245 1966 hoc
1263 1929 1356 1978 loco,
1378 1944 1446 1968 nec
1465 1930 1513 1978 ΙΙ,

853 1985 953 2031 157,
984 1985 1056 2033 IV,
1092 1989 1172 2027 122
1201 1986 1401 2036 quidquam
1432 1999 1512 2024 mu-

848 2043 1010 2079 tandum.

907 2097 945 2143 ἐς
969 2095 1185 2149 μεσόγαιαν
1206 2100 1277 2149 τῆς
1296 2096 1396 2137 ὁδοῦ
1419 2114 1510 2150 τρα-

852 2153 1038 2204 φθέντες]
1080 2156 1101 2191 i.
1124 2168 1154 2192 e.
1179 2157 1306 2192 itinere
1336 2157 1373 2192 in
1401 2156 1510 2192 mccli-

852 2215 1016 2248 terranea
1039 2211 1113 2247 loca
1135 2225 1302 2249 converso.
1334 2212 1434 2249 Libri
1448 2212 1511 2249 ali-

852 2274 941 2318 quot
972 2266 1233 2318 στραφέντες,
1269 2268 1510 2306 Valckenario

852 2325 968 2373 magis
995 2325 1173 2362 arrideret
1207 2324 1511 2377 ἐκτραφθέντες,

853 2395 933 2418 cum
963 2380 1222 2432 ἐκτρέπεσθαι
1254 2384 1300 2419 sit
1333 2382 1516 2433 deflectere

854 2438 895 2474 (le
916 2442 1010 2474 recta
1031 2440 1113 2485 via,
1147 2443 1187 2475 ut
1204 2439 1251 2486 ΙΙ,
1273 2442 1336 2480 80.
1368 2439 1430 2486 vl,
1447 2441 1513 2480 34.

852 2495 1006 2531 Pausan.
1031 2495 1058 2541 Ι,
1081 2494 1148 2536 44.
1171 2497 1207 2534 2.
1241 2498 1277 2535 6.
1318 2496 1382 2542 IX,
1406 2498 1445 2543 2,
1478 2502 1514 2536 1.

851 2551 910 2588 De
923 2552 1002 2602 ipsa
1021 2553 1137 2589 forma
1153 2550 1398 2603 τραφθέντες
1416 2552 1511 2590 conf.

852 2612 943 2644 nott.
963 2609 1010 2645 ad
1030 2609 1058 2656 Ι,
1086 2611 1178 2650 130.

909 2660 1118 2716 λεγόμενος
1138 2661 1264 2717 λόγος]
1295 2665 1380 2702 Pari
1402 2665 1512 2701 modo

853 2721 1013 2770 loquitur
1044 2722 1077 2768 l,
1113 2722 1208 2762 214.
1254 2721 1311 2768 ΙΙ,
1343 2720 1409 2760 47.
1443 2720 1509 2762 48.

852 2777 933 2825 Vll,
953 2778 1046 2819 214.
1097 2776 1195 2815 Add.
1215 2778 1371 2815 Pausan.
1392 2778 1420 2826 Ι,
1446 2780 1509 2823 19,

854 2836 892 2873 2.
931 2834 971 2881 Ι,
1006 2834 1073 2880 43,
1105 2838 1126 2875 1
1163 2834 1242 2871 coll.
1270 2834 1324 2881 ΙΙ,
1364 2836 1438 2881 13,
1473 2835 1510 2872 8.

854 2890 977 2929 Verba
998 2884 1115 2938 οὗτος
1138 2888 1181 2930 δὲ
1202 2887 1318 2937 ἄλλος
1336 2911 1385 2918 -
1410 2889 1511 2940 εἴρη-

1516 454 1572 480 103.
1575 455 1588 488 ]

1633 360 1792 446 111ἱη16111ξΞ11ι

1662 420 1746 456 Ι,15
