1904 3304
446 232 532 273 348
835 232 1309 272 HERODOTI

447 340 551 391 δὸν,
591 339 753 396 ταύτην
783 341 852 384 ἐπὶ
881 340 960 397 τὴν
989 341 1136 398 θήκην
1164 345 1238 398 τῆς
1257 340 1417 393 ’Ώπιός
1450 358 1492 386 τε
1522 343 1596 385 καὶ
1612 342 1713 395 ’Ἀρ-

416 414 527 467 4γης
556 409 906 466 ἀναισιμοῦσθαι
943 410 1296 467 ἐπιβαλλομένην.
1353 410 1381 468 ἡ
1414 412 1459 456 δὲ
1488 412 1605 469 θήκη
1637 412 1712 456 ocv’-

443 482 551 526 τέων
580 482 668 526 ἐστὶ
700 481 857 526 ὄπισθε
886 485 968 525 τοῦ
995 481 1288 538 Ἀρτεμισίου,
1317 482 1426 536 πρὸς
1451 482 1514 538 ἠῶ
1539 500 1713 539 τετραμ-

319 546 386 590 36
445 552 574 609 μένη,
615 551 839 608 ἀγχοτάτω
870 556 953 596 τοῦ
972 555 1123 608 Κηΐων
1154 554 1432 609 ἱστιητορίου.
1493 555 1583 597 Καὶ
1611 559 1712 598 ταῦ-
1726 562 1770 595 20

112 608 388 670 lissnig‘mi'acn's'di'g
445 640 498 666 τοι
534 639 612 679 μεν
646 622 950 679 Ὑπερβορέων
989 625 1086 679 πέρι
1126 623 1325 680 εἰρήσθω.
1383 621 1461 666 τὸν
1499 625 1583 680 γὰρ
1613 627 1713 679 περὶ

113 676 259 704 mande·
297 682 388 711 ΜΨ
442 692 643 750 Ἀβάριος
674 693 806 750 λόγον
836 699 918 738 τοῦ
945 694 1181 750 λεγομένου
1213 692 1325 737 εἶναι
1349 693 1622 751 Τπερβορέω
1654 695 1708 740 οὐ

145 709 357 746 Hyperboreos

388 836 618 887 cipiendum,
672 839 711 872 ut
749 835 803 883 ll,
839 834 904 875 42.
966 834 1051 878 Quo

387 905 472 931 vero
492 893 569 930 iure
590 905 633 930 ex
653 893 721 930 hoc
741 891 820 928 loco
841 892 884 929 C.
899 892 943 928 O.
956 890 1052 927 Mill-

388 949 451 987 ler.
473 948 551 986 loco
580 962 665 986 mox
694 948 879 986 laudando
901 948 1052 985 effinxe-

387 1006 432 1043 rit
443 1006 556 1042 altum
577 1006 772 1055 sepulcrum
793 1017 810 1040 e
827 1007 940 1041 cinere
952 1017 1051 1040 sacro

388 1066 623 1099 constructum
642 1062 718 1113 (ein
741 1061 852 1098 hohes
865 1061 968 1097 Grab
986 1073 1050 1098 aus

388 1119 657 1169 Opserasclie),
691 1119 771 1168 ipse
790 1118 926 1154 videat.

446 1171 547 1224 πρός
578 1170 645 1225 η’ω”
674 1172 943 1225 τετραμμένη]
995 1173 1050 1209 Eo

388 1232 490 1281 quod
512 1232 687 1268 orientem
711 1243 835 1268 versus
863 1230 1052 1279 spectabat

389 1289 617 1338 sepulcrum,
669 1287 820 1324 indicari
870 1286 1051 1322 existimat

389 1344 431 1381 C.
455 1344 502 1380 O.
521 1343 662 1381 Miiller.
684 1343 774 1382 Dor.
806 1342 818 1378 l
843 1355 928 1392 pag.
953 1344 1050 1388 271,

386 1400 569 1450 pertinere
618 1399 686 1437 hoc
732 1400 780 1437 ad
822 1399 1049 1436 Cretensium

387 1461 577 1506 tempora,
619 1470 699 1493 cum
722 1456 841 1494 Dores
871 1456 1048 1492 orientem

386 1526 532 1558 versus,
574 1513 679 1551 Iones
711 1513 937 1550 occidentem
966 1523 1047 1548 ver-

387 1582 449 1606 sus
470 1574 633 1605 mortuos
652 1570 843 1606 humarint.

444 1621 645 1676 οἷγχοτοὲτω
668 1627 739 1664 τοῦ
764 1624 902 1673 Κηΐων
926 1623 1047 1673 ἱστιη-

385 1680 538 1731 τορίου]
599 1681 835 1719 coenaculum
880 1680 1049 1728 intelligit

387 1738 614 1786 Schweigh.,
656 1738 827 1775 Larchcr.
867 1737 914 1774 de
945 1737 1047 1773 festis

386 1793 610 1831 solemnibus
655 1795 888 1844 cogitandum
926 1797 1045 1843 putat,

385 1863 480 1899 quae
495 1851 646 1888 deorum
667 1852 703 1887 in
724 1851 897 1887 honorem
917 1851 953 1885 in
963 1849 1046 1886 Deli

384 1907 501 1943 insula
525 1907 709 1945 celebrare
725 1907 981 1944 consueverint
992 1906 1047 1941 in-

385 1962 486 2000 colae
535 1964 731 2000 insularum
787 1963 1046 2014 proximarum,

383 2031 536 2068 quarum
557 2033 640 2057 suas
659 2021 795 2069 quique
807 2019 958 2069 Delphis
983 2018 1045 2055 ha-

383 2074 528 2113 buerint
561 2077 671 2113 aedes
698 2077 827 2126 legatis
861 2076 1046 2125 excipien-

384 2132 441 2168 dis
464 2139 501 2169 et
520 2132 634 2183 epulis
653 2133 872 2170 solemnibus
904 2144 1046 2169 accom-

383 2189 562 2225 modatas.
606 2188 660 2226 Ac
681 2192 775 2227 tales
797 2189 957 2226 Ceorum
982 2201 1044 2225 ae-

385 2245 450 2282 des
473 2245 530 2281 hic
551 2246 702 2295 intelligi
729 2246 929 2283 contendit.
987 2244 1044 2280 Tu

383 2301 428 2337 cf.
450 2301 694 2339 Broendsted.
714 2303 851 2339 Reisen
873 2302 909 2337 in
932 2301 1041 2338 Grie-

383 2356 498 2393 cheul.
525 2357 536 2393 l
565 2371 598 2407 p.
616 2356 688 2403 49,
723 2359 784 2407 qui
814 2358 882 2394 hoc
910 2369 1043 2393 coena-

384 2412 502 2450 culum
529 2420 656 2451 vocat:
695 2412 1042 2461 Bewirthungshaus

383 2469 442 2505 fiir
463 2469 537 2506 ihre
560 2483 605 2506 zu
626 2471 696 2507 den
720 2470 948 2519 Panegyrien
978 2481 1042 2506 an-

383 2526 651 2574 gekommenen
663 2527 806 2575 Biirger
825 2526 900 2562 und
914 2525 1041 2563 Giiste.

552 2582 665 2633 Cap.
697 2582 868 2618 XXXVI.

440 2634 506 2677 τὸν
535 2635 608 2691 γάρ
652 2638 743 2688 περὶ
768 2634 950 2688 Ἀβάριος
979 2634 1037 2677 λό-

383 2708 455 2747 γον
476 2709 509 2733 κ.
530 2709 561 2732 τ.
582 2696 629 2744 λ.]
685 2696 796 2738 Quod
833 2694 1038 2743 Schweigh.

382 2764 449 2802 pro
477 2749 599 2802 λέγων
627 2751 839 2801 requirebat
866 2749 1040 2801 λέγοντα,

383 2821 427 2845 eo
462 2808 543 2846 mea
589 2808 737 2857 quidem
770 2808 951 2845 sententia
984 2808 1041 2844 xix

378 2877 482 2915 opus.
530 2863 678 2902 Laudat
701 2863 921 2913 Wcsseling.
942 2864 1041 2901 simi-

1109 834 1157 871 lia
1175 834 1245 880 lV,
1275 832 1342 874 43.
1381 834 1437 881 V,
1466 835 1531 875 36.
1572 833 1645 882 Vl,
1675 836 1769 882 137,

1109 891 1240 939 quibus
1263 890 1358 936 alia,
1389 891 1418 927 si
1441 891 1633 938 attineret,
1664 891 1768 940 plura

1108 947 1216 984 adiici
1233 953 1394 997 possent.
1442 947 1548 990 Quae
1569 953 1770 996 sequuntur

1107 1003 1218 1040 verba
1261 1004 1346 1040 inde
1388 1015 1410 1040 a
1448 1002 1689 1040 Valckenario
1729 1007 1768 1041 et

1108 1059 1353 1108 W'esselingio
1373 1061 1423 1096 sic
1450 1060 1666 1096 constituta:
1714 1057 1767 1105 ὥς

1108 1112 1178 1154 τὸν
1201 1111 1330 1161 ὀϊστὸς
1346 1115 1555 1166 περιέφερε
1578 1112 1677 1154 κατά
1691 1117 1767 1154 πᾶ-

1110 1183 1184 1210 σαν
1212 1170 1286 1221 τήν
1316 1174 1412 1223 γῆν,
1455 1167 1573 1210 οὐδὲν
1596 1168 1766 1223 σιτεόμε-

1108 1243 1202 1274 νον,
1251 1227 1358 1277 vulgo
1391 1229 1440 1265 sic
1478 1233 1644 1266 vertunt:
1701 1242 1766 1278 quo

1104 1288 1212 1334 pacto
1248 1297 1325 1321 eum
1361 1287 1501 1332 sagitta
1537 1297 1603 1334 per
1637 1297 1766 1321 omnem

1109 1344 1239 1377 terram
1276 1342 1538 1378 cz'rcunwexerz't
1571 1341 1664 1377 nihil
1698 1342 1769 1378 cibi

1108 1399 1297 1447 capientem
1319 1427 1330 1444 ‚
1388 1411 1416 1436 s.
1459 1411 1525 1448 quo
1563 1398 1659 1434 modo
1703 1410 1766 1448 per

1106 1467 1233 1490 οιηηωη
1256 1458 1386 1491 terram
1403 1454 1463 1490 ille
1483 1455 1623 1502 sagittet
1648 1457 1764 1491 vectus

1098 1510 1213 1560 fuerit
1234 1511 1325 1548 m‘lu‘l
1347 1511 1539 1553 comeclens,·
1573 1511 1632 1547 ubi
1653 1524 1764 1548 vocu-

1106 1568 1177 1604 lam
1207 1564 1273 1606 τόν
1302 1580 1369 1617 pro
1399 1569 1540 1606 τοῦτον
1561 1567 1762 1616 accipiunt;

1106 1624 1153 1661 de
1171 1636 1262 1673 quo,
1285 1628 1456 1661 monente
1479 1622 1559 1669 C·r.,
1590 1623 1762 1661 Reiz.De

1104 1679 1258 1716 Prosod.
1292 1680 1424 1717 Graec.
1457 1679 1538 1716 Ace.
1566 1679 1651 1716 lncl.
1676 1691 1761 1729 pag.

1105 1738 1142 1775 8.
1175 1736 1287 1779 Quod
1310 1749 1389 1773 cum
1410 1736 1494 1773 ferri
1517 1748 1626 1785 posse
1650 1741 1763 1784 neget

1104 1793 1235 1830 Struve
1266 1793 1373 1842 Spec.
1405 1793 1555 1836 Quaest.
1598 1792 1645 1828 de
1679 1791 1762 1828 dial.

1103 1848 1278 1885 Herod.l
1310 1862 1395 1898 pag.
1418 1850 1464 1886 11
1493 1852 1592 1894 not.‚
1629 1848 1760 1885 eodem

1103 1910 1253 1942 auctore
1277 1909 1379 1941 vetus
1408 1904 1581 1941 librorum
1607 1905 1762 1954 scripto-

1103 1974 1181 1998 rum
1201 1961 1427 1998 restituenda
1452 1960 1575 1998 lectio,
1617 1975 1671 2007 ως
1690 1957 1760 1999 τόν

1103 2014 1274 2058 ὀϊστὸν
1313 2015 1519 2069 περιέφερε
1552 2037 1602 2044 -
1637 2011 1761 2056 σιτεό-

1103 2089 1283 2125 μενος,
1341 2075 1363 2110 i
1395 2087 1425 2111 e.
1463 2087 1528 2123 quo
1567 2073 1662 2110 modo
1700 2073 1760 2110 zlle

1101 2131 1271 2178 (Abaris)
1302 2132 1474 2179 sagittam
1499 2132 1759 2166 czrcumvexerit

1097 2201 1161 2238 per
1181 2200 1309 2224 omnem
1331 2192 1474 2233 terram,
1506 2187 1596 2224 ηιἸιῖί
1613 2187 1683 2223 cibi
1697 2199 1757 2222 ca-

1094 2247 1226 2294 ]›iens‚·
1276 2245 1336 2281 ubi
1374 2243 1525 2280 articulo
1561 2239 1630 2297 τόν
1669 2247 1757 2279 ante

1100 2297 1235 2340 &mov
1255 2301 1374 2350 posito
1394 2300 1592 2344 indicatur,
1630 2302 1756 2335 notam

1099 2358 1284 2406 quandam
1323 2356 1378 2392 hie
1420 2356 1547 2404 respici
1584 2354 1753 2391 fabulam.

1099 2413 1179 2451 Nec
1209 2413 1311 2449 aliter
1337 2412 1419 2448 olim
1451 2411 1583 2459 legisse
1613 2411 1755 2448 videtur

1099 2469 1266 2507 Eustath.
1287 2469 1334 2505 ad
1356 2468 1506 2515 Dionys.
1520 2468 1661 2516 l'erieg.
1683 2468 1752 2532 31,

1098 2527 1198 2563 cuius
1216 2526 1305 2562 haec
1323 2529 1406 2560 sunt
1429 2524 1558 2561 verba:
1600 2539 1666 2561 και
1693 2519 1753 2561 ότι

1098 2598 1117 2621 ο
1133 2578 1334 2637 ’Ἀβαρις
1311 2596 1331 2619 ο
1355 2576 1606 2630 υμνούμενος
1614 2578 1753 2631 Υπερ-

1097 2633 1248 2689 βόρειος
1277 2652 1350 2687 ην,
1389 2633 1430 2682 ὃς
1460 2632 1579 2675 ουδέν
1609 2650 1652 2687 γε
1689 2647 1750 2674 σι-

1096 2698 1253 2733 τεῐσθαι
1286 2693 1434 2744 λέγεται
1470 2692 1537 2731 καὶ
1565 2690 1649 2732 τόν
1681 2687 1752 2730 ‹31:-

1099 2763 1216 2789 στον
1285 2748 1589 2800 περιφέρειν
1649 2745 1749 2786 nocto?

1097 2809 1229 2846 πᾶσαν
1250 2803 1322 2856 τήν
1342 2808 1435 2873 ὶῆν
1451 2807 1578 2856 ltaque
1591 2805 1749 2842 restitui-

1098 2877 1176 2902 mus
1228 2878 1280 2910 ως
1306 2860 1394 2902 τὸν
1417 2857 1587 2902 ὀιστόν
1612 2876 1646 2900 κ.
1659 2875 1689 2899 τ.
1703 2863 1749 2909 A„—

1776 702 1858 741 297
1902 672 1904 689 ²
