<?xml version="1.0" encoding="UTF-8"?>
<!DOCTYPE html PUBLIC "-//W3C//DTD XHTML 1.0 Transitional//EN"
    "http://www.w3.org/TR/xhtml1/DTD/xhtml1-transitional.dtd">
<html xmlns="http://www.w3.org/1999/xhtml" xml:lang="en" lang="en">
 <head>
  <title>
</title>
<meta http-equiv="Content-Type" content="text/html;charset=utf-8" />
  <meta name='ocr-system' content='tesseract 3.04.00' />
  <meta name='ocr-capabilities' content='ocr_page ocr_carea ocr_par ocr_line ocrx_word'/>
</head>
<body>
  <div class='ocr_page' id='page_1' title='image "./musaeherodoto02hero/musaeherodoto02hero_0024.png"; bbox 0 0 1904 3304; ppageno 0'>
   <div class='ocr_carea' id='block_1_1' title="bbox 442 223 1305 269">
    <p class='ocr_par' dir='ltr' id='par_1_1' title="bbox 442 223 1305 269">
     <span class='ocr_line' id='line_1_1' title="bbox 442 223 1305 269; baseline -0.008 0"><span class='ocrx_word' id='word_1_1' title='bbox 442 230 497 269; x_wconf 78' lang='lat'>16</span> <span class='ocrx_word' id='word_1_2' title='bbox 839 223 1305 264; x_wconf 85' lang='lat' dir='ltr'>HERODOTI</span> 
     </span>
    </p>
   </div>
   <div class='ocr_carea' id='block_1_2' title="bbox 313 332 1762 677">
    <p class='ocr_par' dir='ltr' id='par_1_2' title="bbox 313 332 1762 677">
     <span class='ocr_line' id='line_1_2' title="bbox 440 332 1707 392; baseline -0.002 -10"><span class='ocrx_word' id='word_1_3' title='bbox 440 354 537 382; x_wconf 91' lang='grc' dir='ltr'><em>νετο</em></span> <span class='ocrx_word' id='word_1_4' title='bbox 551 354 560 364; x_wconf 87' lang='grc'><em>·</em></span> <span class='ocrx_word' id='word_1_5' title='bbox 591 335 795 392; x_wconf 80' lang='grc' dir='ltr'><strong><em>ὕσθησαν</em></strong></span> <span class='ocrx_word' id='word_1_6' title='bbox 814 335 898 391; x_wconf 79' lang='grc' dir='ltr'>γοῖρ</span> <span class='ocrx_word' id='word_1_7' title='bbox 922 337 1062 390; x_wconf 79' lang='grc' dir='ltr'><em>Θῆβαι</em></span> <span class='ocrx_word' id='word_1_8' title='bbox 1081 334 1127 377; x_wconf 82' lang='grc' dir='ltr'>αἱ</span> <span class='ocrx_word' id='word_1_9' title='bbox 1147 333 1401 390; x_wconf 78' lang='grc' dir='ltr'><em>Αἰγύπτιαι,</em></span> <span class='ocrx_word' id='word_1_10' title='bbox 1434 333 1535 377; x_wconf 86' lang='grc' dir='ltr'><em>οὔτε</em></span> <span class='ocrx_word' id='word_1_11' title='bbox 1558 332 1707 389; x_wconf 81' lang='grc' dir='ltr'><em>πρότε-</em></span> 
     </span>
     <span class='ocr_line' id='line_1_3' title="bbox 441 401 1708 464; baseline -0.003 -11"><span class='ocrx_word' id='word_1_12' title='bbox 441 426 523 464; x_wconf 89' lang='grc' dir='ltr'>ρον</span> <span class='ocrx_word' id='word_1_13' title='bbox 554 408 728 463; x_wconf 80' lang='grc' dir='ltr'><em>ου’δαμά</em></span> <span class='ocrx_word' id='word_1_14' title='bbox 757 405 985 455; x_wconf 78' lang='grc' dir='ltr'><em>ὑσθεῖσαι,</em></span> <span class='ocrx_word' id='word_1_15' title='bbox 1016 401 1118 447; x_wconf 78' lang='grc' dir='ltr'><em>οὕτε</em></span> <span class='ocrx_word' id='word_1_16' title='bbox 1147 404 1336 460; x_wconf 80' lang='grc' dir='ltr'><em>ὕστερον</em></span> <span class='ocrx_word' id='word_1_17' title='bbox 1361 403 1410 448; x_wconf 86' lang='grc' dir='ltr'>τὸ</span> <span class='ocrx_word' id='word_1_18' title='bbox 1442 403 1563 460; x_wconf 86' lang='grc' dir='ltr'><em>μέχρι</em></span> <span class='ocrx_word' id='word_1_19' title='bbox 1591 405 1708 462; x_wconf 79' lang='grc' dir='ltr'><em>ἐμεῦ,</em></span> 
     </span>
     <span class='ocr_line' id='line_1_4' title="bbox 412 474 1707 536; baseline -0.002 -14"><span class='ocrx_word' id='word_1_20' title='bbox 412 480 504 532; x_wconf 80' lang='grc' dir='ltr'><em>4ὠς</em></span> <span class='ocrx_word' id='word_1_21' title='bbox 539 480 715 536; x_wconf 84' lang='grc' dir='ltr'><em>λέγουσι</em></span> <span class='ocrx_word' id='word_1_22' title='bbox 754 474 880 520; x_wconf 78' lang='grc' dir='ltr'><em>αὐτοὶ</em></span> <span class='ocrx_word' id='word_1_23' title='bbox 919 478 1116 532; x_wconf 86' lang='grc' dir='ltr'><em>Θηβαῖοι.</em></span> <span class='ocrx_word' id='word_1_24' title='bbox 1177 474 1233 519; x_wconf 82' lang='grc' dir='ltr'>οὐ</span> <span class='ocrx_word' id='word_1_25' title='bbox 1274 475 1358 532; x_wconf 74' lang='grc' dir='ltr'>γάρ</span> <span class='ocrx_word' id='word_1_26' title='bbox 1399 475 1453 532; x_wconf 83' lang='grc' dir='ltr'>δὴ</span> <span class='ocrx_word' id='word_1_27' title='bbox 1489 474 1613 520; x_wconf 80' lang='grc' dir='ltr'><em>ὕεται</em></span> <span class='ocrx_word' id='word_1_28' title='bbox 1651 476 1707 520; x_wconf 87' lang='grc' dir='ltr'>τὰ</span> 
     </span>
     <span class='ocr_line' id='line_1_5' title="bbox 441 544 1708 606; baseline -0.004 -11"><span class='ocrx_word' id='word_1_29' title='bbox 441 551 533 595; x_wconf 80' lang='grc' dir='ltr'>ἄνω</span> <span class='ocrx_word' id='word_1_30' title='bbox 577 554 653 606; x_wconf 81' lang='grc' dir='ltr'>τῆς</span> <span class='ocrx_word' id='word_1_31' title='bbox 695 547 922 605; x_wconf 79' lang='grc' dir='ltr'><em>Αἰγύπτου</em></span> <span class='ocrx_word' id='word_1_32' title='bbox 967 545 1018 591; x_wconf 82' lang='grc' dir='ltr'><em>τό</em></span> <span class='ocrx_word' id='word_1_33' title='bbox 1065 544 1297 602; x_wconf 78' lang='grc' dir='ltr'><em>παράπαν·</em></span> <span class='ocrx_word' id='word_1_34' title='bbox 1349 544 1460 589; x_wconf 83' lang='grc' dir='ltr'><em>α’λλοὶ</em></span> <span class='ocrx_word' id='word_1_35' title='bbox 1497 547 1572 590; x_wconf 82' lang='grc' dir='ltr'>καὶ</span> <span class='ocrx_word' id='word_1_36' title='bbox 1610 544 1708 590; x_wconf 80' lang='grc' dir='ltr'><em>τότε</em></span> 
     </span>
     <span class='ocr_line' id='line_1_6' title="bbox 313 615 1762 677; baseline -0.003 -15"><span class='ocrx_word' id='word_1_37' title='bbox 313 617 375 662; x_wconf 92' lang='lat' dir='ltr'>ll</span> <span class='ocrx_word' id='word_1_38' title='bbox 436 620 635 677; x_wconf 81' lang='grc' dir='ltr'><em>ὕσθησαν</em></span> <span class='ocrx_word' id='word_1_39' title='bbox 664 622 709 664; x_wconf 79' lang='grc' dir='ltr'>αἱ</span> <span class='ocrx_word' id='word_1_40' title='bbox 742 622 882 676; x_wconf 81' lang='grc' dir='ltr'><em>Θῆβαι</em></span> <span class='ocrx_word' id='word_1_41' title='bbox 914 615 1095 670; x_wconf 84' lang='grc' dir='ltr'><em>ψακαδι.</em></span> <span class='ocrx_word' id='word_1_42' title='bbox 1161 618 1214 661; x_wconf 85' lang='grc' dir='ltr'>Οἱ</span> <span class='ocrx_word' id='word_1_43' title='bbox 1243 616 1288 661; x_wconf 79' lang='grc' dir='ltr'>δὲ</span> <span class='ocrx_word' id='word_1_44' title='bbox 1318 616 1506 672; x_wconf 80' lang='grc' dir='ltr'><em>Πέρσαι,</em></span> <span class='ocrx_word' id='word_1_45' title='bbox 1538 618 1631 662; x_wconf 80' lang='grc' dir='ltr'><em>ἐπεί</em></span> <span class='ocrx_word' id='word_1_46' title='bbox 1661 623 1762 663; x_wconf 86' lang='grc' dir='ltr'><em>τε65</em></span> 
     </span>
    </p>
   </div>
   <div class='ocr_carea' id='block_1_3' title="bbox 109 680 1709 890">
    <p class='ocr_par' dir='ltr' id='par_1_3' title="bbox 109 680 1709 890">
     <span class='ocr_line' id='line_1_7' title="bbox 109 680 1708 775; baseline -0.006 -32"><span class='ocrx_word' id='word_1_47' title='bbox 109 680 383 775; x_wconf 51' lang='lat' dir='ltr'>fffssmiuglllssfflss</span> <span class='ocrx_word' id='word_1_48' title='bbox 441 689 758 743; x_wconf 78' lang='grc' dir='ltr'><em>διεξελάσαντες</em></span> <span class='ocrx_word' id='word_1_49' title='bbox 799 689 880 746; x_wconf 84' lang='grc' dir='ltr'>τὴν</span> <span class='ocrx_word' id='word_1_50' title='bbox 919 688 1117 745; x_wconf 77' lang='grc' dir='ltr'><em>ἄνυδρον</em></span> <span class='ocrx_word' id='word_1_51' title='bbox 1156 690 1302 742; x_wconf 78' lang='grc' dir='ltr'><em>ἵζοντο</em></span> <span class='ocrx_word' id='word_1_52' title='bbox 1341 687 1473 740; x_wconf 81' lang='grc' dir='ltr'><em>πέλας</em></span> <span class='ocrx_word' id='word_1_53' title='bbox 1511 692 1601 733; x_wconf 78' lang='grc' dir='ltr'>τῶν</span> <span class='ocrx_word' id='word_1_54' title='bbox 1626 690 1708 733; x_wconf 80' lang='lat' dir='ltr'>Al-</span> 
     </span>
     <span class='ocr_line' id='line_1_8' title="bbox 110 749 1709 842; baseline -0.004 -32"><span class='ocrx_word' id='word_1_55' title='bbox 110 784 153 809; x_wconf 72' lang='lat' dir='ltr'>Ae</span> <span class='ocrx_word' id='word_1_56' title='bbox 128 749 384 842; x_wconf 60' lang='lat' dir='ltr'>⁰}yssi’10‘1-‘il1&#39;1iail3</span> <span class='ocrx_word' id='word_1_57' title='bbox 440 764 633 820; x_wconf 86' lang='grc' dir='ltr'><em>γυπτίων</em></span> <span class='ocrx_word' id='word_1_58' title='bbox 675 761 735 813; x_wconf 78' lang='grc' dir='ltr'><em>ὥς</em></span> <span class='ocrx_word' id='word_1_59' title='bbox 779 761 1119 818; x_wconf 81' lang='grc' dir='ltr'><em>συμβαλέοντες,</em></span> <span class='ocrx_word' id='word_1_60' title='bbox 1186 760 1382 804; x_wconf 83' lang='grc' dir='ltr'><em>ἐνθαῦτα</em></span> <span class='ocrx_word' id='word_1_61' title='bbox 1431 760 1475 803; x_wconf 81' lang='grc' dir='ltr'>οἱ</span> <span class='ocrx_word' id='word_1_62' title='bbox 1523 759 1709 804; x_wconf 79' lang='grc' dir='ltr'><em>ἐπίκου-</em></span> 
     </span>
     <span class='ocr_line' id='line_1_9' title="bbox 109 817 1708 890; baseline -0.002 -12.901"><span class='ocrx_word' id='word_1_63' title='bbox 109 817 382 885; x_wconf 57' lang='grc' dir='ltr'>ιιλῃῖηωΘΣ</span> <span class='ocrx_word' id='word_1_64' title='bbox 442 851 514 890; x_wconf 90' lang='grc' dir='ltr'>ροι</span> <span class='ocrx_word' id='word_1_65' title='bbox 563 834 606 876; x_wconf 85' lang='grc' dir='ltr'>οἱ</span> <span class='ocrx_word' id='word_1_66' title='bbox 659 835 741 876; x_wconf 83' lang='grc' dir='ltr'>τοῦ</span> <span class='ocrx_word' id='word_1_67' title='bbox 791 833 1064 889; x_wconf 80' lang='grc' dir='ltr'><em>Αἰγυπτίου,</em></span> <span class='ocrx_word' id='word_1_68' title='bbox 1153 830 1297 882; x_wconf 81' lang='grc' dir='ltr'><em>ἐόντες</em></span> <span class='ocrx_word' id='word_1_69' title='bbox 1353 829 1509 887; x_wconf 78' lang='grc' dir='ltr'><em>ἄνδρες</em></span> <span class='ocrx_word' id='word_1_70' title='bbox 1548 830 1708 889; x_wconf 89' lang='grc' dir='ltr'><em>Ἕλλη-</em></span> 
     </span>
    </p>
   </div>
   <div class='ocr_carea' id='block_1_4' title="bbox 415 901 1765 1245">
    <p class='ocr_par' dir='ltr' id='par_1_4' title="bbox 415 901 1765 1245">
     <span class='ocr_line' id='line_1_10' title="bbox 442 901 1709 961; baseline -0.002 -13"><span class='ocrx_word' id='word_1_71' title='bbox 442 904 515 956; x_wconf 86' lang='grc' dir='ltr'><em>νές</em></span> <span class='ocrx_word' id='word_1_72' title='bbox 544 920 587 948; x_wconf 84' lang='grc' dir='ltr'>τε</span> <span class='ocrx_word' id='word_1_73' title='bbox 611 904 684 947; x_wconf 87' lang='grc' dir='ltr'>καὶ</span> <span class='ocrx_word' id='word_1_74' title='bbox 707 906 873 957; x_wconf 80' lang='grc' dir='ltr'><em>Κᾶρες,</em></span> <span class='ocrx_word' id='word_1_75' title='bbox 908 902 1183 960; x_wconf 84' lang='grc' dir='ltr'><em>μεμφόμενοι</em></span> <span class='ocrx_word' id='word_1_76' title='bbox 1212 906 1274 961; x_wconf 80' lang='grc' dir='ltr'>τῷ</span> <span class='ocrx_word' id='word_1_77' title='bbox 1305 902 1454 960; x_wconf 80' lang='grc' dir='ltr'><em>Φάνῃ,</em></span> <span class='ocrx_word' id='word_1_78' title='bbox 1485 901 1552 946; x_wconf 82' lang='grc' dir='ltr'>ὅτι</span> <span class='ocrx_word' id='word_1_79' title='bbox 1584 915 1709 959; x_wconf 84' lang='grc' dir='ltr'><em>στρα-</em></span> 
     </span>
     <span class='ocr_line' id='line_1_11' title="bbox 443 972 1709 1032; baseline -0.001 -12"><span class='ocrx_word' id='word_1_80' title='bbox 443 975 522 1020; x_wconf 88' lang='grc' dir='ltr'>τὸν</span> <span class='ocrx_word' id='word_1_81' title='bbox 559 975 693 1032; x_wconf 79' lang='grc' dir='ltr'><em>ἤγαγε</em></span> <span class='ocrx_word' id='word_1_82' title='bbox 731 972 799 1018; x_wconf 79' lang='grc' dir='ltr'>ἐπ’</span> <span class='ocrx_word' id='word_1_83' title='bbox 837 976 1064 1030; x_wconf 84' lang='grc' dir='ltr'><em>Αἴγυπτον</em></span> <span class='ocrx_word' id='word_1_84' title='bbox 1110 972 1382 1030; x_wconf 79' lang='grc' dir='ltr'><em>ἀλλόθροον,</em></span> <span class='ocrx_word' id='word_1_85' title='bbox 1431 978 1709 1031; x_wconf 80' lang='grc' dir='ltr'><em>μηχανῶνται</em></span> 
     </span>
     <span class='ocr_line' id='line_1_12' title="bbox 415 1039 1765 1104; baseline -0.001 -15"><span class='ocrx_word' id='word_1_86' title='bbox 415 1051 621 1104; x_wconf 72' lang='grc' dir='ltr'><em>Ξπρῆγμα</em></span> <span class='ocrx_word' id='word_1_87' title='bbox 651 1047 694 1098; x_wconf 83' lang='grc' dir='ltr'><em>ές</em></span> <span class='ocrx_word' id='word_1_88' title='bbox 725 1045 861 1090; x_wconf 81' lang='grc' dir='ltr'><em>αὐτὸν</em></span> <span class='ocrx_word' id='word_1_89' title='bbox 890 1044 1074 1089; x_wconf 82' lang='grc' dir='ltr'><em>τοιόνδε.</em></span> <span class='ocrx_word' id='word_1_90' title='bbox 1132 1039 1245 1102; x_wconf 84' lang='grc' dir='ltr'><em>ἦσαν</em></span> <span class='ocrx_word' id='word_1_91' title='bbox 1284 1048 1347 1103; x_wconf 79' lang='grc' dir='ltr'>τῷ</span> <span class='ocrx_word' id='word_1_92' title='bbox 1389 1045 1517 1102; x_wconf 85' lang='grc' dir='ltr'><em>Φάνῃ</em></span> <span class='ocrx_word' id='word_1_93' title='bbox 1557 1047 1765 1098; x_wconf 87' lang='grc' dir='ltr'><em>παῖδες7ο</em></span> 
     </span>
     <span class='ocr_line' id='line_1_13' title="bbox 442 1115 1706 1176; baseline -0.002 -12"><span class='ocrx_word' id='word_1_94' title='bbox 442 1120 489 1164; x_wconf 83' lang='grc' dir='ltr'>ἐν</span> <span class='ocrx_word' id='word_1_95' title='bbox 518 1118 725 1176; x_wconf 82' lang='grc' dir='ltr'><em>Αἰγύπτῳ</em></span> <span class='ocrx_word' id='word_1_96' title='bbox 754 1116 1154 1173; x_wconf 82' lang='grc' dir='ltr'><em>καταλελειμμένοι·</em></span> <span class='ocrx_word' id='word_1_97' title='bbox 1191 1115 1296 1168; x_wconf 82' lang='grc' dir='ltr'><em>τούς</em></span> <span class='ocrx_word' id='word_1_98' title='bbox 1327 1115 1561 1173; x_wconf 75' lang='grc' dir='ltr'><em>ἀγαγόντες</em></span> <span class='ocrx_word' id='word_1_99' title='bbox 1584 1116 1628 1168; x_wconf 79' lang='grc' dir='ltr'><em>ἐς</em></span> <span class='ocrx_word' id='word_1_100' title='bbox 1655 1116 1706 1162; x_wconf 88' lang='grc' dir='ltr'>τὸ</span> 
     </span>
     <span class='ocr_line' id='line_1_14' title="bbox 441 1187 1708 1245; baseline -0.002 -10"><span class='ocrx_word' id='word_1_101' title='bbox 441 1189 737 1244; x_wconf 86' lang='grc' dir='ltr'><em>στρατόπεδον</em></span> <span class='ocrx_word' id='word_1_102' title='bbox 775 1189 848 1234; x_wconf 86' lang='grc' dir='ltr'>καὶ</span> <span class='ocrx_word' id='word_1_103' title='bbox 884 1188 928 1241; x_wconf 81' lang='grc' dir='ltr'><em>ές</em></span> <span class='ocrx_word' id='word_1_104' title='bbox 958 1187 1063 1241; x_wconf 81' lang='grc' dir='ltr'><em>ὄψιν</em></span> <span class='ocrx_word' id='word_1_105' title='bbox 1091 1191 1176 1232; x_wconf 82' lang='grc' dir='ltr'>τοῦ</span> <span class='ocrx_word' id='word_1_106' title='bbox 1202 1187 1393 1244; x_wconf 85' lang='grc' dir='ltr'><em>πατρὸς,</em></span> <span class='ocrx_word' id='word_1_107' title='bbox 1434 1191 1630 1245; x_wconf 85' lang='grc' dir='ltr'><em>κρητῆρα</em></span> <span class='ocrx_word' id='word_1_108' title='bbox 1659 1187 1708 1233; x_wconf 83' lang='grc' dir='ltr'>ἐν</span> 
     </span>
    </p>
   </div>
   <div class='ocr_carea' id='block_1_5' title="bbox 385 1281 659 1286">
    <p class='ocr_par' dir='ltr' id='par_1_5' title="bbox 385 1281 659 1286">
     <span class='ocr_line' id='line_1_15' title="bbox 385 1281 659 1286; baseline 0 0"><span class='ocrx_word' id='word_1_109' title='bbox 385 1281 659 1286; x_wconf 95' lang='lat' dir='ltr'> </span> 
     </span>
    </p>
   </div>
   <div class='ocr_carea' id='block_1_6' title="bbox 383 1328 1048 2903">
    <p class='ocr_par' dir='ltr' id='par_1_6' title="bbox 383 1328 1048 2167">
     <span class='ocr_line' id='line_1_16' title="bbox 433 1328 1040 1386; baseline -0.008 -15"><span class='ocrx_word' id='word_1_110' title='bbox 433 1328 621 1383; x_wconf 67' lang='grc' dir='ltr'><em>’ὕσθησαν</em></span> <span class='ocrx_word' id='word_1_111' title='bbox 640 1347 714 1386; x_wconf 81' lang='grc' dir='ltr'>γαρ</span> <span class='ocrx_word' id='word_1_112' title='bbox 737 1330 872 1382; x_wconf 80' lang='grc' dir='ltr'><em>Θῆβαι</em></span> <span class='ocrx_word' id='word_1_113' title='bbox 891 1344 926 1368; x_wconf 83' lang='grc' dir='ltr'>κ.</span> <span class='ocrx_word' id='word_1_114' title='bbox 949 1343 980 1367; x_wconf 88' lang='grc' dir='ltr'><em>τ.</em></span> <span class='ocrx_word' id='word_1_115' title='bbox 992 1328 1040 1378; x_wconf 84' lang='grc' dir='ltr'>λ.]</span> 
     </span>
     <span class='ocr_line' id='line_1_17' title="bbox 384 1382 1042 1438; baseline -0.005 -12"><span class='ocrx_word' id='word_1_116' title='bbox 384 1390 493 1427; x_wconf 85' lang='lat' dir='ltr'>conf.</span> <span class='ocrx_word' id='word_1_117' title='bbox 521 1389 655 1426; x_wconf 86' lang='lat' dir='ltr'>Suidas</span> <span class='ocrx_word' id='word_1_118' title='bbox 685 1402 714 1425; x_wconf 89' lang='lat' dir='ltr'>s.</span> <span class='ocrx_word' id='word_1_119' title='bbox 742 1401 775 1425; x_wconf 86' lang='lat' dir='ltr'>v.</span> <span class='ocrx_word' id='word_1_120' title='bbox 806 1382 1042 1438; x_wconf 84' lang='grc' dir='ltr'><em>βουλησεται</em></span> 
     </span>
     <span class='ocr_line' id='line_1_18' title="bbox 383 1441 1043 1496; baseline -0.008 -12"><span class='ocrx_word' id='word_1_121' title='bbox 383 1450 422 1484; x_wconf 86' lang='lat' dir='ltr'>et</span> <span class='ocrx_word' id='word_1_122' title='bbox 442 1441 642 1496; x_wconf 69' lang='grc' dir='ltr'><em>ὕσθησαν.</em></span> <span class='ocrx_word' id='word_1_123' title='bbox 687 1444 748 1482; x_wconf 88' lang='lat' dir='ltr'>Tu</span> <span class='ocrx_word' id='word_1_124' title='bbox 769 1444 851 1481; x_wconf 86' lang='lat' dir='ltr'>vide</span> <span class='ocrx_word' id='word_1_125' title='bbox 869 1456 965 1493; x_wconf 90' lang='lat' dir='ltr'>quae</span> <span class='ocrx_word' id='word_1_126' title='bbox 988 1443 1043 1479; x_wconf 90' lang='lat' dir='ltr'>di-</span> 
     </span>
     <span class='ocr_line' id='line_1_19' title="bbox 384 1496 1041 1549; baseline -0.006 -10"><span class='ocrx_word' id='word_1_127' title='bbox 384 1502 497 1539; x_wconf 83' lang='lat' dir='ltr'>ximus</span> <span class='ocrx_word' id='word_1_128' title='bbox 527 1503 576 1538; x_wconf 89' lang='lat' dir='ltr'>ad</span> <span class='ocrx_word' id='word_1_129' title='bbox 608 1501 644 1549; x_wconf 86' lang='lat' dir='ltr'>I,</span> <span class='ocrx_word' id='word_1_130' title='bbox 674 1502 764 1542; x_wconf 84' lang='lat'>193.</span> <span class='ocrx_word' id='word_1_131' title='bbox 797 1500 852 1546; x_wconf 86' lang='lat' dir='ltr'>ll,</span> <span class='ocrx_word' id='word_1_132' title='bbox 885 1501 947 1539; x_wconf 83' lang='lat'>13.</span> <span class='ocrx_word' id='word_1_133' title='bbox 979 1496 1041 1539; x_wconf 86' lang='lat'>14.</span> 
     </span>
     <span class='ocr_line' id='line_1_20' title="bbox 384 1549 1043 1596; baseline -0.005 0"><span class='ocrx_word' id='word_1_134' title='bbox 384 1558 474 1596; x_wconf 89' lang='lat' dir='ltr'>Mox</span> <span class='ocrx_word' id='word_1_135' title='bbox 499 1571 518 1596; x_wconf 94' lang='lat' dir='ltr'>e</span> <span class='ocrx_word' id='word_1_136' title='bbox 537 1558 749 1595; x_wconf 77' lang='lat' dir='ltr'><strong>Florentino</strong></span> <span class='ocrx_word' id='word_1_137' title='bbox 773 1556 950 1594; x_wconf 83' lang='lat' dir='ltr'>edidimus</span> <span class='ocrx_word' id='word_1_138' title='bbox 972 1549 1043 1594; x_wconf 87' lang='grc' dir='ltr'><em>ου’-</em></span> 
     </span>
     <span class='ocr_line' id='line_1_21' title="bbox 387 1611 1045 1664; baseline -0.011 -10"><span class='ocrx_word' id='word_1_139' title='bbox 387 1611 507 1664; x_wconf 77' lang='grc' dir='ltr'><em>δαμοέ,</em></span> <span class='ocrx_word' id='word_1_140' title='bbox 525 1618 566 1651; x_wconf 91' lang='lat' dir='ltr'>ut</span> <span class='ocrx_word' id='word_1_141' title='bbox 585 1615 613 1660; x_wconf 91' lang='lat'>1,</span> <span class='ocrx_word' id='word_1_142' title='bbox 626 1615 690 1654; x_wconf 87' lang='grc'>56.</span> <span class='ocrx_word' id='word_1_143' title='bbox 709 1613 775 1654; x_wconf 90' lang='grc'>58.</span> <span class='ocrx_word' id='word_1_144' title='bbox 810 1611 925 1649; x_wconf 86' lang='lat' dir='ltr'><strong>Miror</strong></span> <span class='ocrx_word' id='word_1_145' title='bbox 936 1612 1045 1648; x_wconf 88' lang='lat' dir='ltr'>Gais-</span> 
     </span>
     <span class='ocr_line' id='line_1_22' title="bbox 385 1667 1047 1719; baseline -0.005 -11"><span class='ocrx_word' id='word_1_146' title='bbox 385 1671 558 1718; x_wconf 82' lang='lat' dir='ltr'>sordium,</span> <span class='ocrx_word' id='word_1_147' title='bbox 589 1671 651 1719; x_wconf 88' lang='lat' dir='ltr'>qui</span> <span class='ocrx_word' id='word_1_148' title='bbox 672 1670 740 1706; x_wconf 88' lang='lat' dir='ltr'>sibi</span> <span class='ocrx_word' id='word_1_149' title='bbox 755 1670 962 1706; x_wconf 86' lang='lat' dir='ltr'>inconstans</span> <span class='ocrx_word' id='word_1_150' title='bbox 988 1667 1047 1705; x_wconf 79' lang='lat' dir='ltr'>hic</span> 
     </span>
     <span class='ocr_line' id='line_1_23' title="bbox 386 1721 1046 1776; baseline -0.006 -12"><span class='ocrx_word' id='word_1_151' title='bbox 386 1726 532 1776; x_wconf 88' lang='lat' dir='ltr'>reliquit</span> <span class='ocrx_word' id='word_1_152' title='bbox 551 1726 684 1775; x_wconf 82' lang='lat' dir='ltr'>vulgat.</span> <span class='ocrx_word' id='word_1_153' title='bbox 709 1721 838 1775; x_wconf 71' lang='grc' dir='ltr'><em>οὗδαμ</em></span> <span class='ocrx_word' id='word_1_154' title='bbox 850 1726 886 1763; x_wconf 80' lang='grc' dir='ltr'>ἆ.</span> <span class='ocrx_word' id='word_1_155' title='bbox 936 1724 1046 1774; x_wconf 90' lang='lat' dir='ltr'>Apud</span> 
     </span>
     <span class='ocr_line' id='line_1_24' title="bbox 387 1776 1044 1830; baseline -0.003 -11"><span class='ocrx_word' id='word_1_156' title='bbox 387 1784 539 1820; x_wconf 86' lang='lat' dir='ltr'>Suidam</span> <span class='ocrx_word' id='word_1_157' title='bbox 569 1782 590 1820; x_wconf 94' lang='lat' dir='ltr'>l.</span> <span class='ocrx_word' id='word_1_158' title='bbox 613 1782 634 1818; x_wconf 93' lang='lat' dir='ltr'>l.</span> <span class='ocrx_word' id='word_1_159' title='bbox 666 1783 848 1820; x_wconf 83' lang='lat' dir='ltr'>invenitur</span> <span class='ocrx_word' id='word_1_160' title='bbox 872 1776 1044 1830; x_wconf 81' lang='grc' dir='ltr'><em>ου’δαμῆ.</em></span> 
     </span>
     <span class='ocr_line' id='line_1_25' title="bbox 387 1837 1047 1888; baseline -0.006 -12"><span class='ocrx_word' id='word_1_161' title='bbox 387 1839 591 1888; x_wconf 84' lang='lat' dir='ltr'>Schweigh.</span> <span class='ocrx_word' id='word_1_162' title='bbox 616 1839 651 1875; x_wconf 92' lang='lat' dir='ltr'>in</span> <span class='ocrx_word' id='word_1_163' title='bbox 672 1843 773 1875; x_wconf 90' lang='lat' dir='ltr'>textu</span> <span class='ocrx_word' id='word_1_164' title='bbox 795 1838 879 1875; x_wconf 81' lang='lat' dir='ltr'>item</span> <span class='ocrx_word' id='word_1_165' title='bbox 900 1837 1047 1886; x_wconf 87' lang='lat' dir='ltr'>reliquit</span> 
     </span>
     <span class='ocr_line' id='line_1_26' title="bbox 388 1891 1048 1945; baseline -0.009 -10"><span class='ocrx_word' id='word_1_166' title='bbox 388 1891 565 1945; x_wconf 79' lang='grc' dir='ltr'><em>ου’δαμᾶ,</em></span> <span class='ocrx_word' id='word_1_167' title='bbox 594 1895 660 1932; x_wconf 86' lang='lat' dir='ltr'>sed</span> <span class='ocrx_word' id='word_1_168' title='bbox 687 1895 723 1931; x_wconf 88' lang='lat' dir='ltr'>in</span> <span class='ocrx_word' id='word_1_169' title='bbox 741 1894 830 1932; x_wconf 90' lang='lat' dir='ltr'>Lex.</span> <span class='ocrx_word' id='word_1_170' title='bbox 855 1894 995 1932; x_wconf 84' lang='lat' dir='ltr'>Herod.</span> <span class='ocrx_word' id='word_1_171' title='bbox 1019 1906 1048 1930; x_wconf 77' lang='lat' dir='ltr'>s,</span> 
     </span>
     <span class='ocr_line' id='line_1_27' title="bbox 386 1951 1047 2002; baseline -0.003 -14"><span class='ocrx_word' id='word_1_172' title='bbox 386 1965 420 1989; x_wconf 90' lang='lat' dir='ltr'>v.</span> <span class='ocrx_word' id='word_1_173' title='bbox 450 1951 600 1988; x_wconf 88' lang='lat' dir='ltr'>alteram</span> <span class='ocrx_word' id='word_1_174' title='bbox 633 1952 862 1988; x_wconf 85' lang='lat' dir='ltr'>commendat</span> <span class='ocrx_word' id='word_1_175' title='bbox 892 1952 1047 2002; x_wconf 85' lang='lat' dir='ltr'>scriptu-</span> 
     </span>
     <span class='ocr_line' id='line_1_28' title="bbox 386 2005 1045 2054; baseline 0.003 -9"><span class='ocrx_word' id='word_1_176' title='bbox 386 2021 473 2047; x_wconf 80' lang='lat' dir='ltr'>ram.</span> <span class='ocrx_word' id='word_1_177' title='bbox 516 2007 616 2045; x_wconf 87' lang='lat' dir='ltr'>Idem</span> <span class='ocrx_word' id='word_1_178' title='bbox 633 2008 798 2045; x_wconf 88' lang='lat' dir='ltr'>dedimus</span> <span class='ocrx_word' id='word_1_179' title='bbox 818 2007 879 2054; x_wconf 86' lang='lat'>111,</span> <span class='ocrx_word' id='word_1_180' title='bbox 902 2008 967 2047; x_wconf 84' lang='lat'>53.</span> <span class='ocrx_word' id='word_1_181' title='bbox 992 2005 1045 2047; x_wconf 87' lang='grc'>65</span> 
     </span>
     <span class='ocr_line' id='line_1_29' title="bbox 387 2064 1044 2114; baseline -0.002 -13"><span class='ocrx_word' id='word_1_182' title='bbox 387 2065 467 2112; x_wconf 87' lang='lat' dir='ltr'>(ubi</span> <span class='ocrx_word' id='word_1_183' title='bbox 498 2065 661 2114; x_wconf 80' lang='grc' dir='ltr'><em>μηδαμᾶ</em></span> <span class='ocrx_word' id='word_1_184' title='bbox 693 2064 832 2113; x_wconf 79' lang='lat' dir='ltr'>vulgo).</span> <span class='ocrx_word' id='word_1_185' title='bbox 857 2065 922 2104; x_wconf 83' lang='grc'>88.</span> <span class='ocrx_word' id='word_1_186' title='bbox 954 2065 1044 2104; x_wconf 87' lang='grc'><strong>101.</strong></span> 
     </span>
     <span class='ocr_line' id='line_1_30' title="bbox 386 2120 731 2167; baseline -0.003 -10"><span class='ocrx_word' id='word_1_187' title='bbox 386 2120 435 2158; x_wconf 89' lang='lat' dir='ltr'>Et</span> <span class='ocrx_word' id='word_1_188' title='bbox 453 2122 547 2158; x_wconf 84' lang='lat' dir='ltr'>conf.</span> <span class='ocrx_word' id='word_1_189' title='bbox 564 2120 643 2167; x_wconf 77' lang='lat' dir='ltr'>VH,</span> <span class='ocrx_word' id='word_1_190' title='bbox 665 2121 731 2161; x_wconf 83' lang='lat'>50.</span> 
     </span>
    </p>

    <p class='ocr_par' dir='ltr' id='par_1_7' title="bbox 385 2170 1048 2903">
     <span class='ocr_line' id='line_1_31' title="bbox 442 2170 1043 2227; baseline -0.003 -12"><span class='ocrx_word' id='word_1_191' title='bbox 442 2172 632 2227; x_wconf 72' lang='grc' dir='ltr'><em>ὕσθησαν</em></span> <span class='ocrx_word' id='word_1_192' title='bbox 659 2176 702 2215; x_wconf 79' lang='grc' dir='ltr'>αἱ</span> <span class='ocrx_word' id='word_1_193' title='bbox 724 2177 855 2227; x_wconf 83' lang='grc' dir='ltr'><em>Θῆβαι</em></span> <span class='ocrx_word' id='word_1_194' title='bbox 874 2170 1043 2225; x_wconf 76' lang='grc' dir='ltr'><em>ψακάδι]</em></span> 
     </span>
     <span class='ocr_line' id='line_1_32' title="bbox 386 2228 1048 2281; baseline -0.005 -10"><span class='ocrx_word' id='word_1_195' title='bbox 386 2228 542 2281; x_wconf 75' lang='grc' dir='ltr'><em>ψακάδι</em></span> <span class='ocrx_word' id='word_1_196' title='bbox 561 2233 722 2270; x_wconf 78' lang='lat' dir='ltr'>offerunt</span> <span class='ocrx_word' id='word_1_197' title='bbox 743 2233 943 2278; x_wconf 83' lang='lat' dir='ltr'>Mediceus,</span> <span class='ocrx_word' id='word_1_198' title='bbox 961 2232 1048 2268; x_wconf 91' lang='lat' dir='ltr'>Flo-</span> 
     </span>
     <span class='ocr_line' id='line_1_33' title="bbox 387 2287 1046 2334; baseline -0.003 -9"><span class='ocrx_word' id='word_1_199' title='bbox 387 2290 569 2334; x_wconf 85' lang='lat' dir='ltr'>rentinus,</span> <span class='ocrx_word' id='word_1_200' title='bbox 607 2289 685 2333; x_wconf 81' lang='lat' dir='ltr'>alii3</span> <span class='ocrx_word' id='word_1_201' title='bbox 723 2289 905 2326; x_wconf 83' lang='lat' dir='ltr'>Sancrofti</span> <span class='ocrx_word' id='word_1_202' title='bbox 944 2287 1046 2334; x_wconf 88' lang='lat' dir='ltr'>liber,</span> 
     </span>
     <span class='ocr_line' id='line_1_34' title="bbox 387 2344 1045 2393; baseline -0.005 -11"><span class='ocrx_word' id='word_1_203' title='bbox 387 2346 461 2382; x_wconf 88' lang='lat' dir='ltr'>bini</span> <span class='ocrx_word' id='word_1_204' title='bbox 494 2345 626 2382; x_wconf 82' lang='lat' dir='ltr'>Pariss.</span> <span class='ocrx_word' id='word_1_205' title='bbox 663 2349 773 2393; x_wconf 85' lang='lat' dir='ltr'>atque</span> <span class='ocrx_word' id='word_1_206' title='bbox 804 2344 971 2381; x_wconf 81' lang='lat' dir='ltr'>Eustath.</span> <span class='ocrx_word' id='word_1_207' title='bbox 997 2344 1045 2380; x_wconf 91' lang='lat' dir='ltr'>ad</span> 
     </span>
     <span class='ocr_line' id='line_1_35' title="bbox 386 2395 1045 2449; baseline -0.003 -10"><span class='ocrx_word' id='word_1_208' title='bbox 386 2401 538 2449; x_wconf 69' lang='lat' dir='ltr'>Dionys.</span> <span class='ocrx_word' id='word_1_209' title='bbox 572 2401 713 2449; x_wconf 89' lang='lat' dir='ltr'>Perieg.</span> <span class='ocrx_word' id='word_1_210' title='bbox 742 2400 822 2442; x_wconf 77' lang='lat'>248</span> <span class='ocrx_word' id='word_1_211' title='bbox 854 2395 1045 2448; x_wconf 66' lang='grc' dir='ltr'><em>ψεκάδι,</em></span> 
     </span>
     <span class='ocr_line' id='line_1_36' title="bbox 387 2457 1045 2505; baseline -0.003 -11"><span class='ocrx_word' id='word_1_212' title='bbox 387 2459 505 2494; x_wconf 88' lang='lat' dir='ltr'>minus</span> <span class='ocrx_word' id='word_1_213' title='bbox 544 2458 656 2504; x_wconf 74' lang='lat' dir='ltr'>bene,</span> <span class='ocrx_word' id='word_1_214' title='bbox 688 2470 767 2494; x_wconf 84' lang='lat' dir='ltr'>cum</span> <span class='ocrx_word' id='word_1_215' title='bbox 805 2457 1045 2505; x_wconf 85' lang='lat' dir='ltr'>antiquiorem</span> 
     </span>
     <span class='ocr_line' id='line_1_37' title="bbox 386 2508 1046 2560; baseline -0.005 -10"><span class='ocrx_word' id='word_1_216' title='bbox 386 2514 538 2550; x_wconf 85' lang='lat' dir='ltr'>sormam</span> <span class='ocrx_word' id='word_1_217' title='bbox 568 2526 647 2551; x_wconf 78' lang='lat' dir='ltr'>esse</span> <span class='ocrx_word' id='word_1_218' title='bbox 667 2523 700 2560; x_wconf 87' lang='grc' dir='ltr'><em>ψ</em></span> <span class='ocrx_word' id='word_1_219' title='bbox 715 2508 852 2551; x_wconf 56' lang='lat' dir='ltr'>amma</span> <span class='ocrx_word' id='word_1_220' title='bbox 873 2516 1046 2550; x_wconf 86' lang='lat' dir='ltr'>moneant</span> 
     </span>
     <span class='ocr_line' id='line_1_38' title="bbox 385 2569 1042 2618; baseline -0.005 -12"><span class='ocrx_word' id='word_1_221' title='bbox 385 2570 633 2608; x_wconf 85' lang='lat' dir='ltr'>Grammatici.</span> <span class='ocrx_word' id='word_1_222' title='bbox 677 2571 762 2606; x_wconf 79' lang='lat' dir='ltr'>Vid.</span> <span class='ocrx_word' id='word_1_223' title='bbox 791 2569 926 2607; x_wconf 78' lang='lat' dir='ltr'>Moeris</span> <span class='ocrx_word' id='word_1_224' title='bbox 959 2581 1042 2618; x_wconf 83' lang='lat' dir='ltr'>pag.</span> 
     </span>
     <span class='ocr_line' id='line_1_39' title="bbox 386 2624 1044 2674; baseline -0.003 -11"><span class='ocrx_word' id='word_1_225' title='bbox 386 2627 467 2667; x_wconf 83' lang='lat'>419</span> <span class='ocrx_word' id='word_1_226' title='bbox 504 2627 624 2674; x_wconf 86' lang='lat' dir='ltr'>ibique</span> <span class='ocrx_word' id='word_1_227' title='bbox 654 2631 745 2662; x_wconf 90' lang='lat' dir='ltr'>nott.</span> <span class='ocrx_word' id='word_1_228' title='bbox 834 2626 875 2662; x_wconf 87' lang='lat' dir='ltr'>lu</span> <span class='ocrx_word' id='word_1_229' title='bbox 911 2624 1044 2661; x_wconf 84' lang='lat' dir='ltr'>Aldina</span> 
     </span>
     <span class='ocr_line' id='line_1_40' title="bbox 385 2682 1043 2732; baseline 0.002 -14"><span class='ocrx_word' id='word_1_230' title='bbox 385 2683 536 2732; x_wconf 82' lang='lat' dir='ltr'>aliisque</span> <span class='ocrx_word' id='word_1_231' title='bbox 556 2682 652 2719; x_wconf 82' lang='lat' dir='ltr'>libris</span> <span class='ocrx_word' id='word_1_232' title='bbox 674 2683 811 2731; x_wconf 84' lang='lat' dir='ltr'>aliquot</span> <span class='ocrx_word' id='word_1_233' title='bbox 824 2687 940 2719; x_wconf 76' lang='lat' dir='ltr'>exstat</span> <span class='ocrx_word' id='word_1_234' title='bbox 962 2690 994 2729; x_wconf 91' lang='grc' dir='ltr'><em>ψ</em></span> <span class='ocrx_word' id='word_1_235' title='bbox 1009 2695 1043 2719; x_wconf 86' lang='grc' dir='ltr'>ε-</span> 
     </span>
     <span class='ocr_line' id='line_1_41' title="bbox 385 2735 1045 2787; baseline -0.005 -10"><span class='ocrx_word' id='word_1_236' title='bbox 385 2754 407 2776; x_wconf 81' lang='grc' dir='ltr'><em>κ</em></span> <span class='ocrx_word' id='word_1_237' title='bbox 422 2735 445 2776; x_wconf 74' lang='grc' dir='ltr'><em>ά</em></span> <span class='ocrx_word' id='word_1_238' title='bbox 461 2751 518 2777; x_wconf 91' lang='grc' dir='ltr'><em>σι.</em></span> <span class='ocrx_word' id='word_1_239' title='bbox 566 2738 819 2787; x_wconf 83' lang='lat' dir='ltr'>Intelliguntur</span> <span class='ocrx_word' id='word_1_240' title='bbox 839 2744 958 2775; x_wconf 80' lang='lat' dir='ltr'>autem</span> <span class='ocrx_word' id='word_1_241' title='bbox 980 2739 1045 2774; x_wconf 82' lang='lat' dir='ltr'>im-</span> 
     </span>
     <span class='ocr_line' id='line_1_42' title="bbox 385 2793 1042 2844; baseline -0.003 -13"><span class='ocrx_word' id='word_1_242' title='bbox 385 2795 456 2831; x_wconf 81' lang='lat' dir='ltr'>bres</span> <span class='ocrx_word' id='word_1_243' title='bbox 494 2799 628 2840; x_wconf 77' lang='lat' dir='ltr'>tenues,</span> <span class='ocrx_word' id='word_1_244' title='bbox 674 2795 734 2844; x_wconf 88' lang='lat' dir='ltr'>qui</span> <span class='ocrx_word' id='word_1_245' title='bbox 760 2794 897 2831; x_wconf 68' lang='lat' dir='ltr'>Aelian.</span> <span class='ocrx_word' id='word_1_246' title='bbox 930 2795 977 2830; x_wconf 91' lang='lat' dir='ltr'>H.</span> <span class='ocrx_word' id='word_1_247' title='bbox 998 2793 1042 2830; x_wconf 77' lang='lat' dir='ltr'>A.</span> 
     </span>
     <span class='ocr_line' id='line_1_43' title="bbox 388 2851 1045 2903; baseline 0.002 -14"><span class='ocrx_word' id='word_1_248' title='bbox 388 2852 460 2900; x_wconf 71' lang='lat' dir='ltr'>w,</span> <span class='ocrx_word' id='word_1_249' title='bbox 496 2851 548 2893; x_wconf 83' lang='lat'>41</span> <span class='ocrx_word' id='word_1_250' title='bbox 589 2852 758 2888; x_wconf 89' lang='lat' dir='ltr'>dicuntur</span> <span class='ocrx_word' id='word_1_251' title='bbox 792 2851 950 2903; x_wconf 76' lang='grc' dir='ltr'><em>ῥανίδες</em></span> <span class='ocrx_word' id='word_1_252' title='bbox 987 2853 1045 2890; x_wconf 87' lang='grc' dir='ltr'><em>λε-</em></span> 
     </span>
    </p>
   </div>
   <div class='ocr_carea' id='block_1_7' title="bbox 1099 1325 1766 2902">
    <p class='ocr_par' dir='ltr' id='par_1_8' title="bbox 1099 1325 1766 2114">
     <span class='ocr_line' id='line_1_44' title="bbox 1099 1325 1760 1377; baseline -0.005 -10"><span class='ocrx_word' id='word_1_253' title='bbox 1099 1327 1205 1367; x_wconf 84' lang='grc' dir='ltr'><em>πταί.</em></span> <span class='ocrx_word' id='word_1_254' title='bbox 1242 1325 1341 1365; x_wconf 88' lang='lat' dir='ltr'>Add.</span> <span class='ocrx_word' id='word_1_255' title='bbox 1364 1327 1551 1377; x_wconf 84' lang='lat' dir='ltr'>Aristoph.</span> <span class='ocrx_word' id='word_1_256' title='bbox 1572 1326 1658 1365; x_wconf 84' lang='lat' dir='ltr'>Pac.</span> <span class='ocrx_word' id='word_1_257' title='bbox 1682 1329 1760 1369; x_wconf 82' lang='lat'>121</span> 
     </span>
     <span class='ocr_line' id='line_1_45' title="bbox 1100 1382 1766 1435; baseline 0.002 -13"><span class='ocrx_word' id='word_1_258' title='bbox 1100 1386 1189 1435; x_wconf 89' lang='lat' dir='ltr'>ibiq.</span> <span class='ocrx_word' id='word_1_259' title='bbox 1223 1384 1344 1421; x_wconf 92' lang='lat' dir='ltr'>Schol.</span> <span class='ocrx_word' id='word_1_260' title='bbox 1378 1382 1534 1422; x_wconf 87' lang='lat' dir='ltr'>Wessel.</span> <span class='ocrx_word' id='word_1_261' title='bbox 1575 1387 1766 1434; x_wconf 75' lang='lat' dir='ltr'>praeterea</span> 
     </span>
     <span class='ocr_line' id='line_1_46' title="bbox 1100 1438 1764 1491; baseline 0.002 -13"><span class='ocrx_word' id='word_1_262' title='bbox 1100 1442 1189 1478; x_wconf 90' lang='lat' dir='ltr'>citat</span> <span class='ocrx_word' id='word_1_263' title='bbox 1200 1440 1378 1478; x_wconf 85' lang='lat' dir='ltr'>Plutarch.</span> <span class='ocrx_word' id='word_1_264' title='bbox 1394 1441 1426 1478; x_wconf 90' lang='lat'>11</span> <span class='ocrx_word' id='word_1_265' title='bbox 1451 1454 1488 1491; x_wconf 89' lang='lat' dir='ltr'>p.</span> <span class='ocrx_word' id='word_1_266' title='bbox 1509 1438 1592 1482; x_wconf 87' lang='lat'>596</span> <span class='ocrx_word' id='word_1_267' title='bbox 1612 1441 1655 1478; x_wconf 93' lang='lat' dir='ltr'>C.</span> <span class='ocrx_word' id='word_1_268' title='bbox 1681 1440 1764 1479; x_wconf 88' lang='lat' dir='ltr'>He-</span> 
     </span>
     <span class='ocr_line' id='line_1_47' title="bbox 1100 1495 1765 1552; baseline 0.002 -17"><span class='ocrx_word' id='word_1_269' title='bbox 1100 1497 1213 1535; x_wconf 89' lang='lat' dir='ltr'>raclit.</span> <span class='ocrx_word' id='word_1_270' title='bbox 1261 1497 1424 1546; x_wconf 86' lang='lat' dir='ltr'>Allegor.</span> <span class='ocrx_word' id='word_1_271' title='bbox 1471 1509 1559 1548; x_wconf 85' lang='lat' dir='ltr'>pag.</span> <span class='ocrx_word' id='word_1_272' title='bbox 1600 1495 1684 1538; x_wconf 87' lang='lat'>466</span> <span class='ocrx_word' id='word_1_273' title='bbox 1725 1501 1765 1552; x_wconf 71' lang='lat' dir='ltr'>et</span> 
     </span>
     <span class='ocr_line' id='line_1_48' title="bbox 1101 1552 1762 1604; baseline 0.003 -14"><span class='ocrx_word' id='word_1_274' title='bbox 1101 1553 1269 1591; x_wconf 87' lang='lat' dir='ltr'>Aristidis</span> <span class='ocrx_word' id='word_1_275' title='bbox 1290 1554 1407 1591; x_wconf 89' lang='lat' dir='ltr'>locum</span> <span class='ocrx_word' id='word_1_276' title='bbox 1427 1556 1463 1591; x_wconf 88' lang='lat' dir='ltr'>in</span> <span class='ocrx_word' id='word_1_277' title='bbox 1476 1552 1653 1603; x_wconf 76' lang='lat' dir='ltr'>Aegyptt.</span> <span class='ocrx_word' id='word_1_278' title='bbox 1674 1566 1762 1604; x_wconf 87' lang='lat' dir='ltr'>pag.</span> 
     </span>
     <span class='ocr_line' id='line_1_49' title="bbox 1102 1608 1764 1661; baseline -0.002 -11"><span class='ocrx_word' id='word_1_279' title='bbox 1102 1611 1184 1651; x_wconf 82' lang='lat'>339</span> <span class='ocrx_word' id='word_1_280' title='bbox 1211 1623 1240 1647; x_wconf 76' lang='lat' dir='ltr'>S.</span> <span class='ocrx_word' id='word_1_281' title='bbox 1262 1609 1310 1647; x_wconf 90' lang='lat' dir='ltr'>T.</span> <span class='ocrx_word' id='word_1_282' title='bbox 1330 1610 1381 1648; x_wconf 88' lang='lat'>111</span> <span class='ocrx_word' id='word_1_283' title='bbox 1414 1624 1450 1661; x_wconf 88' lang='lat' dir='ltr'>p.</span> <span class='ocrx_word' id='word_1_284' title='bbox 1478 1610 1561 1652; x_wconf 88' lang='lat'>567</span> <span class='ocrx_word' id='word_1_285' title='bbox 1595 1608 1643 1658; x_wconf 86' lang='lat' dir='ltr'>[ll</span> <span class='ocrx_word' id='word_1_286' title='bbox 1675 1623 1764 1661; x_wconf 85' lang='lat' dir='ltr'>pag.</span> 
     </span>
     <span class='ocr_line' id='line_1_50' title="bbox 1102 1665 1764 1718; baseline -0.002 -11"><span class='ocrx_word' id='word_1_287' title='bbox 1102 1666 1184 1707; x_wconf 82' lang='lat'>449</span> <span class='ocrx_word' id='word_1_288' title='bbox 1214 1665 1421 1718; x_wconf 90' lang='lat' dir='ltr'>Dindorf.]:</span> <span class='ocrx_word' id='word_1_289' title='bbox 1465 1665 1520 1706; x_wconf 74' lang='grc' dir='ltr'>ἔτι</span> <span class='ocrx_word' id='word_1_290' title='bbox 1540 1667 1678 1705; x_wconf 87' lang='grc' dir='ltr'><em>τοίνυν</em></span> <span class='ocrx_word' id='word_1_291' title='bbox 1694 1665 1764 1706; x_wconf 80' lang='grc' dir='ltr'>καὶ</span> 
     </span>
     <span class='ocr_line' id='line_1_51' title="bbox 1102 1718 1764 1775; baseline 0.003 -15"><span class='ocrx_word' id='word_1_292' title='bbox 1102 1719 1150 1761; x_wconf 75' lang='grc' dir='ltr'>τοὶ</span> <span class='ocrx_word' id='word_1_293' title='bbox 1183 1718 1289 1762; x_wconf 74' lang='grc' dir='ltr'><em>κάτω</em></span> <span class='ocrx_word' id='word_1_294' title='bbox 1324 1726 1396 1774; x_wconf 89' lang='grc' dir='ltr'>τῆς</span> <span class='ocrx_word' id='word_1_295' title='bbox 1428 1719 1637 1775; x_wconf 79' lang='grc' dir='ltr'><em>Αἰγύπτου</em></span> <span class='ocrx_word' id='word_1_296' title='bbox 1667 1725 1764 1774; x_wconf 87' lang='grc' dir='ltr'><em>λαμ-</em></span> 
     </span>
     <span class='ocr_line' id='line_1_52' title="bbox 1102 1775 1764 1829; baseline 0.003 -11"><span class='ocrx_word' id='word_1_297' title='bbox 1102 1780 1214 1829; x_wconf 76' lang='grc' dir='ltr'><em>πρῶς</em></span> <span class='ocrx_word' id='word_1_298' title='bbox 1234 1777 1423 1826; x_wconf 80' lang='grc' dir='ltr'><em>πολλάκις</em></span> <span class='ocrx_word' id='word_1_299' title='bbox 1441 1775 1554 1819; x_wconf 70' lang='grc' dir='ltr'><em>ὕεται</em></span> <span class='ocrx_word' id='word_1_300' title='bbox 1568 1789 1579 1800; x_wconf 80' lang='grc'><em>“</em></span> <span class='ocrx_word' id='word_1_301' title='bbox 1605 1777 1764 1829; x_wconf 78' lang='grc' dir='ltr'><em>ψακάδι</em></span> 
     </span>
     <span class='ocr_line' id='line_1_53' title="bbox 1104 1832 1765 1888; baseline 0.003 -14"><span class='ocrx_word' id='word_1_302' title='bbox 1104 1832 1176 1887; x_wconf 83' lang='grc' dir='ltr'>μὲν</span> <span class='ocrx_word' id='word_1_303' title='bbox 1195 1834 1270 1888; x_wconf 72' lang='grc' dir='ltr'><em>γαρ</em></span> <span class='ocrx_word' id='word_1_304' title='bbox 1296 1835 1363 1876; x_wconf 84' lang='grc' dir='ltr'>καὶ</span> <span class='ocrx_word' id='word_1_305' title='bbox 1386 1833 1471 1875; x_wconf 74' lang='grc' dir='ltr'>ἅνω</span> <span class='ocrx_word' id='word_1_306' title='bbox 1499 1832 1688 1884; x_wconf 70' lang='grc' dir='ltr'><em>πολλάκις</em></span> <span class='ocrx_word' id='word_1_307' title='bbox 1709 1835 1765 1884; x_wconf 75' lang='grc' dir='ltr'><em>ὦς</em></span> 
     </span>
     <span class='ocr_line' id='line_1_54' title="bbox 1103 1888 1765 1945; baseline 0 -13"><span class='ocrx_word' id='word_1_308' title='bbox 1103 1891 1146 1932; x_wconf 79' lang='grc' dir='ltr'>ἐν</span> <span class='ocrx_word' id='word_1_309' title='bbox 1171 1889 1350 1943; x_wconf 83' lang='grc' dir='ltr'><em>χρόνοις,</em></span> <span class='ocrx_word' id='word_1_310' title='bbox 1396 1888 1494 1932; x_wconf 68' lang='grc' dir='ltr'><em>ἄλλα</em></span> <span class='ocrx_word' id='word_1_311' title='bbox 1533 1888 1626 1945; x_wconf 72' lang='grc' dir='ltr'><em>τάγε</em></span> <span class='ocrx_word' id='word_1_312' title='bbox 1664 1890 1765 1945; x_wconf 77' lang='grc' dir='ltr'><em>πρὸς</em></span> 
     </span>
     <span class='ocr_line' id='line_1_55' title="bbox 1102 1945 1764 2002; baseline 0.003 -15"><span class='ocrx_word' id='word_1_313' title='bbox 1102 1945 1305 2000; x_wconf 74' lang='grc' dir='ltr'><em>θαλάττης</em></span> <span class='ocrx_word' id='word_1_314' title='bbox 1326 1948 1393 1988; x_wconf 87' lang='grc' dir='ltr'>καὶ</span> <span class='ocrx_word' id='word_1_315' title='bbox 1416 1946 1514 1988; x_wconf 77' lang='grc' dir='ltr'><em>κατοέ</em></span> <span class='ocrx_word' id='word_1_316' title='bbox 1539 1945 1764 2002; x_wconf 84' lang='grc' dir='ltr'><em>συνήθειαν</em></span> 
     </span>
     <span class='ocr_line' id='line_1_56' title="bbox 1102 2002 1613 2061; baseline 0.002 -16"><span class='ocrx_word' id='word_1_317' title='bbox 1102 2007 1234 2061; x_wconf 78' lang='grc' dir='ltr'><em>πολλῷ</em></span> <span class='ocrx_word' id='word_1_318' title='bbox 1255 2005 1324 2060; x_wconf 86' lang='lat' dir='ltr'>(sc.</span> <span class='ocrx_word' id='word_1_319' title='bbox 1347 2004 1451 2060; x_wconf 78' lang='grc' dir='ltr'>υέτῷ</span> <span class='ocrx_word' id='word_1_320' title='bbox 1471 2002 1613 2058; x_wconf 76' lang='grc' dir='ltr'><em>ὕεται).</em></span> 
     </span>
     <span class='ocr_line' id='line_1_57' title="bbox 1330 2063 1535 2114; baseline -0.005 -14"><span class='ocrx_word' id='word_1_321' title='bbox 1330 2063 1439 2114; x_wconf 81' lang='lat' dir='ltr'>Cap.</span> <span class='ocrx_word' id='word_1_322' title='bbox 1471 2063 1535 2100; x_wconf 88' lang='lat' dir='ltr'>XI.</span> 
     </span>
    </p>

    <p class='ocr_par' dir='ltr' id='par_1_9' title="bbox 1103 2117 1764 2338">
     <span class='ocr_line' id='line_1_58' title="bbox 1161 2117 1762 2172; baseline -0.005 -13"><span class='ocrx_word' id='word_1_323' title='bbox 1161 2119 1202 2159; x_wconf 85' lang='grc' dir='ltr'>οἱ</span> <span class='ocrx_word' id='word_1_324' title='bbox 1224 2118 1430 2170; x_wconf 79' lang='grc' dir='ltr'><em>ἐπίκουροι</em></span> <span class='ocrx_word' id='word_1_325' title='bbox 1458 2119 1500 2158; x_wconf 79' lang='grc' dir='ltr'>οἱ</span> <span class='ocrx_word' id='word_1_326' title='bbox 1531 2117 1762 2172; x_wconf 23' lang='grc' dir='ltr'><em>τοῦρΑἶγυ-</em></span> 
     </span>
     <span class='ocr_line' id='line_1_59' title="bbox 1103 2175 1762 2225; baseline -0.005 -10"><span class='ocrx_word' id='word_1_327' title='bbox 1103 2176 1220 2215; x_wconf 87' lang='grc' dir='ltr'><em>πτίου</em></span> <span class='ocrx_word' id='word_1_328' title='bbox 1242 2192 1274 2214; x_wconf 86' lang='grc' dir='ltr'>κ.</span> <span class='ocrx_word' id='word_1_329' title='bbox 1296 2191 1328 2213; x_wconf 89' lang='grc' dir='ltr'>τ.</span> <span class='ocrx_word' id='word_1_330' title='bbox 1352 2175 1410 2225; x_wconf 87' lang='grc' dir='ltr'><em>λ.]</em></span> <span class='ocrx_word' id='word_1_331' title='bbox 1442 2176 1668 2212; x_wconf 79' lang='lat' dir='ltr'>mercenarios</span> <span class='ocrx_word' id='word_1_332' title='bbox 1693 2176 1762 2212; x_wconf 90' lang='lat' dir='ltr'>mi-</span> 
     </span>
     <span class='ocr_line' id='line_1_60' title="bbox 1105 2230 1764 2281; baseline 0 -12"><span class='ocrx_word' id='word_1_333' title='bbox 1105 2233 1185 2270; x_wconf 84' lang='lat' dir='ltr'>lites</span> <span class='ocrx_word' id='word_1_334' title='bbox 1215 2233 1312 2280; x_wconf 78' lang='lat' dir='ltr'>regis</span> <span class='ocrx_word' id='word_1_335' title='bbox 1339 2231 1604 2281; x_wconf 64' lang='lat' dir='ltr'>Aegyptiorum</span> <span class='ocrx_word' id='word_1_336' title='bbox 1629 2230 1764 2269; x_wconf 86' lang='lat' dir='ltr'>intelli-</span> 
     </span>
     <span class='ocr_line' id='line_1_61' title="bbox 1105 2288 1602 2338; baseline -0.002 -13"><span class='ocrx_word' id='word_1_337' title='bbox 1105 2290 1167 2338; x_wconf 88' lang='lat' dir='ltr'>git.</span> <span class='ocrx_word' id='word_1_338' title='bbox 1199 2289 1282 2325; x_wconf 71' lang='lat' dir='ltr'>Yid.</span> <span class='ocrx_word' id='word_1_339' title='bbox 1304 2292 1396 2324; x_wconf 87' lang='lat' dir='ltr'>nott.</span> <span class='ocrx_word' id='word_1_340' title='bbox 1415 2289 1463 2324; x_wconf 89' lang='lat' dir='ltr'>ad</span> <span class='ocrx_word' id='word_1_341' title='bbox 1480 2288 1545 2332; x_wconf 90' lang='lat' dir='ltr'>Ill,</span> <span class='ocrx_word' id='word_1_342' title='bbox 1565 2289 1602 2327; x_wconf 84' lang='lat'>4.</span> 
     </span>
    </p>

    <p class='ocr_par' dir='ltr' id='par_1_10' title="bbox 1100 2338 1762 2902">
     <span class='ocr_line' id='line_1_62' title="bbox 1161 2338 1759 2395; baseline 0.005 -14"><span class='ocrx_word' id='word_1_343' title='bbox 1161 2340 1222 2382; x_wconf 76' lang='grc' dir='ltr'>ὅτι</span> <span class='ocrx_word' id='word_1_344' title='bbox 1249 2340 1413 2394; x_wconf 73' lang='grc' dir='ltr'><em>στρατόν</em></span> <span class='ocrx_word' id='word_1_345' title='bbox 1437 2365 1487 2370; x_wconf 91' lang='grc'>-</span> <span class='ocrx_word' id='word_1_346' title='bbox 1518 2338 1759 2395; x_wconf 70' lang='grc' dir='ltr'><em>ἀλλόθροον]</em></span> 
     </span>
     <span class='ocr_line' id='line_1_63' title="bbox 1102 2395 1762 2451; baseline 0 -13"><span class='ocrx_word' id='word_1_347' title='bbox 1102 2395 1326 2451; x_wconf 79' lang='grc' dir='ltr'><em>οἷλλόθροος</em></span> <span class='ocrx_word' id='word_1_348' title='bbox 1363 2400 1404 2447; x_wconf 86' lang='grc' dir='ltr'>(ἱ.</span> <span class='ocrx_word' id='word_1_349' title='bbox 1444 2413 1475 2437; x_wconf 87' lang='lat' dir='ltr'>e.</span> <span class='ocrx_word' id='word_1_350' title='bbox 1517 2400 1593 2437; x_wconf 84' lang='lat' dir='ltr'>alia</span> <span class='ocrx_word' id='word_1_351' title='bbox 1633 2400 1762 2450; x_wconf 78' lang='lat' dir='ltr'>lingua</span> 
     </span>
     <span class='ocr_line' id='line_1_64' title="bbox 1100 2457 1762 2508; baseline 0.003 -16"><span class='ocrx_word' id='word_1_352' title='bbox 1100 2460 1223 2503; x_wconf 78' lang='lat' dir='ltr'>utens,</span> <span class='ocrx_word' id='word_1_353' title='bbox 1254 2457 1338 2494; x_wconf 90' lang='lat' dir='ltr'>inde</span> <span class='ocrx_word' id='word_1_354' title='bbox 1362 2457 1576 2505; x_wconf 77' lang='lat' dir='ltr'>alienigena,</span> <span class='ocrx_word' id='word_1_355' title='bbox 1603 2459 1762 2508; x_wconf 81' lang='lat' dir='ltr'>peregri-</span> 
     </span>
     <span class='ocr_line' id='line_1_65' title="bbox 1100 2512 1760 2564; baseline 0.005 -16"><span class='ocrx_word' id='word_1_356' title='bbox 1100 2516 1254 2559; x_wconf 80' lang='lat' dir='ltr'>nus)v0x</span> <span class='ocrx_word' id='word_1_357' title='bbox 1276 2512 1493 2558; x_wconf 68' lang='lat' dir='ltr'>Homerica3</span> <span class='ocrx_word' id='word_1_358' title='bbox 1509 2514 1604 2551; x_wconf 89' lang='lat' dir='ltr'>conf.</span> <span class='ocrx_word' id='word_1_359' title='bbox 1625 2514 1760 2564; x_wconf 81' lang='lat' dir='ltr'>Odyss.</span> 
     </span>
     <span class='ocr_line' id='line_1_66' title="bbox 1101 2565 1760 2621; baseline 0 -15"><span class='ocrx_word' id='word_1_360' title='bbox 1101 2569 1130 2616; x_wconf 89' lang='lat' dir='ltr'>l,</span> <span class='ocrx_word' id='word_1_361' title='bbox 1172 2571 1248 2610; x_wconf 88' lang='grc'>183</span> <span class='ocrx_word' id='word_1_362' title='bbox 1275 2565 1356 2619; x_wconf 90' lang='lat' dir='ltr'>(ubi</span> <span class='ocrx_word' id='word_1_363' title='bbox 1394 2569 1608 2620; x_wconf 88' lang='lat' dir='ltr'>Apollonius</span> <span class='ocrx_word' id='word_1_364' title='bbox 1648 2583 1684 2621; x_wconf 86' lang='lat' dir='ltr'>p.</span> <span class='ocrx_word' id='word_1_365' title='bbox 1706 2572 1760 2611; x_wconf 89' lang='lat'>88</span> 
     </span>
     <span class='ocr_line' id='line_1_67' title="bbox 1101 2622 1760 2676; baseline 0.002 -15"><span class='ocrx_word' id='word_1_366' title='bbox 1101 2626 1257 2675; x_wconf 82' lang='lat' dir='ltr'>explicat</span> <span class='ocrx_word' id='word_1_367' title='bbox 1285 2622 1532 2676; x_wconf 72' lang='grc' dir='ltr'><em>βαρβάρους)</em></span> <span class='ocrx_word' id='word_1_368' title='bbox 1561 2625 1635 2672; x_wconf 86' lang='grc' dir='ltr'><em>ΙΙΙ,</em></span> <span class='ocrx_word' id='word_1_369' title='bbox 1664 2627 1760 2667; x_wconf 76' lang='grc'><strong>302.</strong></span> 
     </span>
     <span class='ocr_line' id='line_1_68' title="bbox 1102 2682 1760 2732; baseline 0.003 -14"><span class='ocrx_word' id='word_1_370' title='bbox 1102 2682 1210 2729; x_wconf 82' lang='lat' dir='ltr'>xlv,</span> <span class='ocrx_word' id='word_1_371' title='bbox 1238 2684 1303 2723; x_wconf 84' lang='lat'>43.</span> <span class='ocrx_word' id='word_1_372' title='bbox 1337 2682 1425 2728; x_wconf 89' lang='lat' dir='ltr'>XV,</span> <span class='ocrx_word' id='word_1_373' title='bbox 1455 2684 1548 2724; x_wconf 81' lang='lat'>452.</span> <span class='ocrx_word' id='word_1_374' title='bbox 1616 2682 1657 2719; x_wconf 93' lang='lat' dir='ltr'>ln</span> <span class='ocrx_word' id='word_1_375' title='bbox 1686 2695 1760 2732; x_wconf 91' lang='lat' dir='ltr'>quo</span> 
     </span>
     <span class='ocr_line' id='line_1_69' title="bbox 1101 2738 1758 2788; baseline 0.003 -14"><span class='ocrx_word' id='word_1_376' title='bbox 1101 2739 1239 2787; x_wconf 84' lang='lat' dir='ltr'>antiqui</span> <span class='ocrx_word' id='word_1_377' title='bbox 1260 2738 1387 2775; x_wconf 79' lang='lat' dir='ltr'>coloris</span> <span class='ocrx_word' id='word_1_378' title='bbox 1410 2739 1499 2788; x_wconf 90' lang='lat' dir='ltr'>quid</span> <span class='ocrx_word' id='word_1_379' title='bbox 1516 2740 1634 2776; x_wconf 83' lang='lat' dir='ltr'>inesse</span> <span class='ocrx_word' id='word_1_380' title='bbox 1649 2752 1758 2777; x_wconf 88' lang='lat' dir='ltr'>nemo</span> 
     </span>
     <span class='ocr_line' id='line_1_70' title="bbox 1102 2794 1760 2844; baseline 0.002 -12"><span class='ocrx_word' id='word_1_381' title='bbox 1102 2808 1176 2832; x_wconf 89' lang='lat' dir='ltr'>non</span> <span class='ocrx_word' id='word_1_382' title='bbox 1203 2795 1313 2831; x_wconf 66' lang='lat' dir='ltr'>videt.</span> <span class='ocrx_word' id='word_1_383' title='bbox 1370 2794 1466 2844; x_wconf 81' lang='lat' dir='ltr'>Apte</span> <span class='ocrx_word' id='word_1_384' title='bbox 1497 2795 1608 2832; x_wconf 79' lang='lat' dir='ltr'>italus</span> <span class='ocrx_word' id='word_1_385' title='bbox 1642 2794 1760 2833; x_wconf 85' lang='lat' dir='ltr'>Inter-</span> 
     </span>
     <span class='ocr_line' id='line_1_71' title="bbox 1101 2851 1757 2902; baseline 0 -14"><span class='ocrx_word' id='word_1_386' title='bbox 1101 2864 1184 2902; x_wconf 85' lang='lat' dir='ltr'>pres</span> <span class='ocrx_word' id='word_1_387' title='bbox 1210 2851 1397 2888; x_wconf 87' lang='lat' dir='ltr'>admonuit</span> <span class='ocrx_word' id='word_1_388' title='bbox 1420 2851 1575 2891; x_wconf 87' lang='lat' dir='ltr'>Baruch.</span> <span class='ocrx_word' id='word_1_389' title='bbox 1604 2851 1668 2899; x_wconf 93' lang='lat' dir='ltr'>IV,</span> <span class='ocrx_word' id='word_1_390' title='bbox 1692 2851 1757 2893; x_wconf 87' lang='lat'>15.</span> 
     </span>
    </p>
   </div>
  </div>
 </body>
</html>
