1904 3304
557 221 1036 264 THALIA.111.
1345 223 1427 262 161

31 348 99 393 90
155 336 217 381 θά
246 346 325 391 σφι
353 333 496 378 πάντα
535 333 848 391 ἐμηχανήσατο.
902 330 1007 377 ’Ano
1048 331 1127 388 μὲν
1166 329 1220 387 δή
1253 328 1429 380 Ἰώνων,
1486 341 1765 411 fflfflgmfflgcsg-

156 407 229 452 καὶ
261 405 512 463 Μαγνήτων
540 410 628 449 τῶν
659 406 706 450 ἐν
735 410 789 463 τῇ
817 403 956 462 Ἀσίῃ,
1003 403 1076 447 καὶ
1105 401 1323 453 Αἰολέων,
1356 402 1430 446 καὶ
1485 410 1766 478 ξξὲὒτιξιῑιίιίωιιὲιηῑὲῗιέ

155 481 341 533 Καρῶν,
387 477 460 520 καὶ
498 478 697 529 Λυκίων,
739 476 813 520 καὶ
850 473 1080 526 Μιλυέων,
1120 473 1193 517 καὶ
1232 473 1426 530 Παμφύ-
1484 476 1765 546 ffljghffiflagggjffi

154 554 262 598 λων,
295 546 354 600 εἷς
372 548 454 605 γὰρ
477 543 605 608 ἦνεοῐ
631 548 887 605 τεταγμένος
909 546 1050 604 φόρος
1069 540 1220 596 οὗτος,
1248 544 1428 601 προσήϊε
1485 548 1518 572 “¹
1542 552 1569 572 ⁰·

155 620 412 675 τετρακόσια
449 619 638 665 τάλαντα
679 618 908 675 ἀργυρίου.
978 615 1001 660 ὁ
1047 617 1127 672 μὲν
1164 614 1217 672 δὴ
1255 620 1486 671 πρῶτοςὲο

127 687 286 743 Ξοῦτός
325 694 368 736 οἱ
406 691 542 748 νομός
582 690 845 748 κατεστήκεε.
902 687 1002 731 'And
1043 689 1088 731 δὲ
1118 691 1311 740 Μυσῶν,
1353 688 1429 732 καὶ

155 765 338 812 Λυδῶν,
381 764 452 807 καὶ
483 764 735 816 Λασονίων,
776 761 848 805 καὶ
879 760 1137 816 Καβαλίων,
1180 758 1253 802 καὶ
1279 757 1431 815 Ὑγεν-

99 948 229 986 nullius
250 949 301 987 rei
324 962 444 987 curam
462 950 686 986 rationemve
703 949 768 985 ha-

100 1005 177 1051 bet,
188 1006 298 1042 durus
318 1019 361 1043 ac
381 1006 556 1056 superbus
571 1011 636 1044 est.
669 1006 767 1042 Hine

100 1061 149 1098 Vl
164 1090 175 1108 ‚
216 1064 295 1102 137
333 1063 532 1112 iunguntur
571 1058 690 1114 ὕβρις
731 1065 768 1099 et

102 1113 303 1169 ὄλιγωρίη.

159 1173 182 1214 ὁ
199 1172 240 1213 δὲ
260 1171 321 1214 ὅτι
337 1172 458 1223 ἤπιος
468 1190 501 1213 κ.
513 1190 543 1213 τ.
556 1172 605 1224 t]
625 1174 766 1212 Eadem

103 1231 150 1269 de
171 1232 282 1280 Cyro,
305 1233 366 1281 qui
389 1234 506 1282 patris
523 1231 767 1282 appellatione

103 1300 125 1325 a
158 1288 311 1324 subditis
343 1289 590 1333 afficiebatur,
621 1288 766 1338 praedi-

105 1347 189 1381 cant
224 1343 370 1381 Proclus
408 1349 444 1381 et
482 1344 693 1394 Olympiod.
728 1345 766 1380 in

105 1401 326 1437 Commentt.
354 1400 402 1437 ad
433 1400 574 1438 Platon.
605 1399 722 1438 Alcib.
752 1400 768 1437 Ι

104 1469 191 1506 pag.
215 1457 290 1497 151
313 1469 389 1505 seq.
416 1457 448 1493 II
469 1470 554 1506 pag.
572 1459 638 1497 45.
672 1457 767 1493 Add.

104 1513 259 1549 Pausan.
288 1513 396 1560 VIII,
424 1512 477 1552 43
522 1511 557 1563 ἓ.
588 1515 614 1553 3
646 1514 770 1562 ibique

104 1568 259 1606 Siebelis
289 1582 373 1619 pag.
401 1571 497 1611 335.
527 1569 679 1606 Diodor.
702 1570 769 1617 lv,

106 1626 171 1665 30.
193 1625 310 1664 Cicer.
330 1626 388 1663 De
407 1625 545 1676 republ.
565 1626 594 1672 I,
610 1630 662 1668 27
677 1627 763 1675 ibiq.

102 1680 145 1718 A.
166 1680 253 1718 Mai.
282 1681 360 1719 coll.
387 1681 432 1728 Il,
457 1685 521 1723 26.
553 1683 768 1720 Herodotea

103 1738 225 1786 attigit
259 1738 425 1775 Eustath.
457 1739 505 1775 ad
537 1739 576 1776 Il.
610 1739 642 1776 ll
656 1769 667 1786 ‚
701 1740 765 1780 57.

103 1793 221 1831 Multa
240 1795 287 1832 de
308 1795 361 1832 his
383 1795 561 1833 Gataker.
583 1796 629 1832 ad
651 1796 769 1833 Anto-

103 1851 179 1887 nin.
196 1850 224 1897 l,
243 1853 268 1892 9
291 1864 375 1901 pag.
401 1854 462 1892 11.
521 1852 621 1889 Satis
646 1857 768 1890 autem

104 1911 244 1953 notum,
265 1919 337 1955 quo
359 1920 467 1944 sensu
487 1908 555 1944 sibi
574 1921 770 1959 opponan-

105 1966 163 1998 tur
194 1958 324 2012 πατήρ
355 1976 398 2000 ac
431 1959 642 2014 δεσπότης,
673 1978 769 2014 quae

108 2019 255 2066 quidem
278 2018 472 2068 appellatio
495 2021 628 2057 (Ιωηίηί
651 2022 770 2059 Grae-

108 2075 156 2111 cis
172 2087 315 2125 semper
334 2076 513 2113 invidiosa
536 2078 739 2115 videbatur.

328 2132 358 2168 C
371 2145 436 2183 ap.
466 2133 547 2170 XC.

163 2183 399 2240 Μαγνήτων
417 2191 497 2227 τῶν
510 2188 552 2228 ἐν
571 2191 620 2242 τῇ
638 2184 765 2243 Ἀσίῃ]

106 2241 309 2292 ᾹΙαςηεΐρε,
328 2246 390 2294 qui
411 2246 445 2282 in
464 2245 552 2282 Asia
569 2247 698 2283 minori
719 2247 766 2283 ad

105 2299 346 2338 Maeandrum
371 2306 408 2339 et
430 2301 660 2351 Magnesiam
682 2317 768 2352 pro-

105 2369 152 2407 pe
173 2357 337 2407 Sipylum
367 2358 604 2406 habitabant,
634 2360 767 2396 distin-

107 2418 268 2461 guuntur
279 2415 324 2451 ab
337 2415 498 2452 eiusdem
512 2416 664 2452 nominis
676 2429 767 2464 gen-

106 2474 155 2515 te,
186 2482 280 2518 quae
298 2472 334 2507 in
358 2471 551 2508 Thessalia
570 2472 677 2509 sedes
700 2473 765 2509 ha-

109 2524 193 2561 buit.
223 2526 306 2563 Vid.
325 2527 404 2574 VII,
427 2530 687 2569 173.183.—
708 2528 767 2566 Ad

108 2580 301 2620 ,Μιλυέων
320 2585 412 2620 conf.
433 2584 460 2630 l,
478 2586 552 2624 173
567 2586 654 2634 ibiq.
674 2590 768 2622 nott.

110 2658 165 2663 ——
186 2636 243 2672 Ad
265 2638 356 2675 hanc
376 2643 642 2689 praefecturam
673 2655 767 2690 quae

110 2692 317 2742 adscriptae
352 2702 455 2733 erant
492 2703 643 2746 gentes,
701 2711 766 2735 eae

108 2761 233 2785 omnes
257 2762 356 2786 oram
368 2751 475 2789 Asiae
496 2754 642 2791 minoris
658 2755 767 2791 mari-

108 2805 233 2841 timam
254 2807 511 2845 occidentalem
534 2815 571 2846 et
596 2811 768 2847 meridio-

109 2860 227 2898 nalem
241 2862 315 2899 fere
327 2867 442 2900 totam
453 2864 596 2915 explent
612 2879 634 2904 a
646 2866 767 2906 Troa-

157 2916 368 2958 Hmzonor.
402 2919 449 2958 Π.

824 949 872 986 de
888 946 974 984 inde
996 958 1111 995 usque
1132 945 1179 982 ad
1200 944 1376 983 Ciliciam.
1416 946 1488 983 So-

823 1005 877 1042 los
898 1003 1097 1052 Milyenses
1121 1015 1195 1039 non
1225 1003 1272 1039 ad
1296 1015 1396 1040 oram
1420 1003 1488 1040 sed

824 1062 921 1098 intus
959 1060 1165 1106 habitasse,
1209 1059 1296 1096 inde
1337 1060 1489 1096 forsitan

824 1118 944 1166 colligi
963 1117 1112 1167 poterit,
1135 1116 1235 1164 quod
1257 1115 1339 1162 Vll,
1359 1118 1413 1157 77
1433 1116 1489 1153 in-

824 1179 881 1212 ter
901 1173 1025 1224 copias
1036 1173 1165 1210 Xerxis
1185 1173 1374 1222 pedestres
1391 1185 1491 1209 com-

825 1234 1084 1269 memorantur.
1120 1229 1240 1266 Dores
1258 1242 1405 1278 quoque
1422 1229 1489 1267 hac

826 1287 985 1338 satrapia
997 1286 1282 1336 comprehensos
1292 1287 1400 1323 fuisse
1412 1298 1488 1323 non

824 1344 1043 1381 dubitamus.
1103 1341 1282 1380 Rennelio
1311 1341 1333 1380 l.
1357 1341 1378 1378 l.
1402 1354 1487 1392 pag.

826 1399 906 1441 481
930 1411 1008 1436 eam
1028 1399 1075 1435 ob
1097 1410 1242 1436 causam
1262 1397 1408 1436 videtur
1427 1410 1491 1436 rex

826 1469 952 1493 omnes
980 1460 1112 1504 gentes
1134 1455 1224 1492 mari
1245 1456 1426 1505 proximas
1454 1456 1490 1491 in

825 1525 934 1550 unam
957 1512 1187 1549 coniunxisse
1209 1512 1399 1557 ditionem,
1415 1524 1489 1560 quo

826 1568 975 1607 navales
1015 1569 1141 1618 copiae
1171 1568 1233 1604 uni
1261 1568 1490 1617 potissimum

829 1626 913 1663 duci
949 1637 992 1662 ac
1024 1625 1211 1676 praefecto
1243 1629 1368 1662 essent
1403 1625 1492 1661 sub-

824 1683 933 1719 ditae.

860 1737 928 1777 καὶ
938 1737 1169 1784 Λασονίων,
1179 1735 1246 1776 καὶ
1257 1736 1489 1789 Καβαλίων,

825 1793 894 1834 καὶ
918 1793 1152 1846 Ὗγεννέων]
1185 1795 1226 1831 In
1249 1794 1304 1831 his
1332 1794 1491 1831 nomini-

825 1852 893 1890 bus
923 1853 1005 1889 libri
1038 1852 1163 1902 scripti
1196 1851 1348 1888 variant.
1407 1849 1490 1888 Nos

826 1908 1030 1957 Schweigh.
1064 1913 1102 1946 et
1131 1908 1251 1946 Gaisf.
1280 1907 1395 1945 secuti
1428 1920 1492 1944 su-

826 1978 917 2002 mus.
986 1965 1059 2002 Pro
1090 1964 1307 2003 Λασονίων
1338 1964 1375 2000 in
1402 1963 1494 2000 Flo-

825 2022 971 2058 rentino
994 2021 1145 2069 aliisque
1170 2021 1277 2058 codd.
1308 2020 1490 2057 invenitur

823 2072 1073 2117 Ἀλνσονίων.
1103 2077 1162 2114 De
1184 2090 1257 2126 quo
1279 2076 1374 2113 conf.
1393 2080 1488 2113 nott.

824 2135 871 2171 ad
888 2134 950 2180 IV,
966 2136 1030 2174 17.
1063 2133 1239 2170 Valcken.
1261 2132 1487 2169 coniecerat:

824 2190 1042 2229 Λασονίων
1063 2192 1143 2228 τῶν
1172 2188 1240 2228 καὶ
1265 2187 1486 2239 Καβηλέων

823 2245 1097 2297 καλευμένων,
1130 2251 1207 2283 tum
1235 2246 1281 2282 ob
1314 2245 1394 2292 VH,
1418 2248 1487 2290 77,

825 2304 884 2340 ubi
910 2303 1000 2340 haec
1023 2308 1185 2340 exstant:
1219 2297 1425 2353 Καβήλεες
1445 2299 1488 2340 δὲ

825 2359 865 2398 οἷ
895 2355 1086 2413 Μῄονες,
1117 2356 1318 2398 Λασόνιοι
1345 2356 1387 2396 ὁὲ
1416 2374 1487 2396 κα-

823 2411 1042 2466 λεύμενοι),
1073 2421 1150 2453 tum
1182 2416 1228 2452 ob
1258 2415 1488 2464 Hygennen-

824 2486 895 2520 seS,
908 2479 1055 2521 gentem
1077 2485 1227 2523 prorsus
1248 2472 1487 2521 incognitam.

824 2530 1004 2567 Videntur
1049 2534 1171 2566 autem
1212 2529 1319 2566 sedes
1357 2528 1486 2565 harum

824 2587 985 2635 gentium
1006 2587 1042 2623 in
1051 2586 1167 2634 Lydia
1181 2586 1330 2633 eiusque
1348 2598 1391 2622 ea
1403 2597 1488 2635 par-

825 2648 875 2688 te,
898 2656 992 2691 quae
1011 2644 1058 2679 ad
1075 2642 1225 2691 Lyciam
1245 2642 1375 2690 vergit,
1408 2653 1490 2678 esse

825 2700 1070 2748 quaerendae.
1111 2698 1218 2734 Conf.
1237 2697 1393 2735 Rennel.
1420 2696 1442 2733 l.
1466 2697 1488 2734 l.

823 2768 909 2805 pag.
939 2756 1034 2796 482.
1080 2754 1265 2792 Cabaliam
1301 2755 1488 2803 regionem

823 2813 925 2848 novit
947 2811 1082 2848 Plinius
1107 2811 1156 2847 H.
1178 2809 1225 2847 N.
1244 2810 1292 2856 V,
1313 2812 1367 2850 28
1404 2809 1487 2856 (ubi

823 2868 894 2905 vid.
914 2868 1070 2906 Parisot.
1089 2880 1175 2918 pag.
1198 2865 1299 2916 341)
1317 2865 1395 2903 coll.
1419 2866 1485 2904 32.
