1904 3304
19 723 84 771 56

550 257 903 296 TIIALIA.

964 257 1024 293 111.
1358 258 1414 295 99

148 366 460 423 συνεγενόμην·
516 365 656 422 δήμου
694 364 780 420 γὰρ
827 363 990 410 τούτου
1036 380 1117 422 ην·
1173 363 1220 416 ὃς
1264 365 1415 417 ξείνων

144 438 322 483 πάντων
351 437 536 493 μάλιστα
566 437 687 492 ἐτίμα
716 453 760 480 τε
791 438 1010 493 Σαμίους,
1054 435 1127 477 καί
1164 436 1208 477 οἱ
1237 439 1297 492 τῷ
1336 451 1415 478 πα-

144 511 212 566 τρὶ
249 510 331 566 ἔφη
362 508 534 564 Σάμιον
570 508 768 564 τοῦνομα
797 511 1002 564 τεθῆναι,
1049 506 1115 548 ὅτι
1147 507 1190 548 οἱ
1218 505 1242 548 ὁ
1272 504 1469 560 πατηρῖὸ

139 579 304 636 Ἀρχίης
342 581 388 624 ἐν
417 577 554 637 Σάμῳ
595 578 853 633 οἷριστεύσας
889 577 1150 632 ἐτελεύτησε·
1198 579 1328 631 τιμᾶν
1368 575 1414 619 δὲ

143 653 341 707 Σαμίους
381 651 484 705 ἔφη,
528 649 642 693 διότι
670 651 864 705 ταφῆναί
893 650 936 691 οἱ
967 648 1045 691 τὸν
1073 647 1253 690 πάππον
1285 648 1415 702 δημο-

143 724 214 779 σίῃ
244 720 331 766 ὑπὸ
361 722 555 775 Σαμίων.
613 718 952 776 Λακεδαιμόνιοι
983 718 1049 769 δὲ,
1083 718 1141 769 ὥς
1171 731 1250 774 σφι
1278 729 1414 762 τεσσε·

143 793 335 848 ράκοντα
386 792 639 847 ἐγεγόνεσαν
687 790 844 848 ἡμέραι
893 789 1201 843 πολιορκέουσι
1239 789 1406 844 Σάμον,

143 865 185 916 ἐς
213 865 262 908 τό
293 861 443 918 πρόσω
474 880 517 906 τε
548 862 679 906 οὐδὲν
709 861 997 917 προεκόπτετο
1027 864 1115 902 τῶν
1138 860 1417 916 πρηγμάτων,

113 933 480 978 Ξᾶπαλλάσσοντο
519 935 561 986 ἐς
600 934 954 991 Πελοπόννησον.
1013 930 1070 982 ὠς
1101 931 1146 974 δὲ
1184 930 1207 974 ὁ
1237 930 1415 988 ματαιό-

142 1021 265 1059 τερος
303 1004 433 1061 λόγος
471 1004 687 1064 ὥρμηται,
729 1005 893 1062 λέγεται
933 1001 1221 1058 Πολυκράτεα
1259 1001 1416 1060 ἐπιχώ-

86 1199 136 1237 cis
157 1199 286 1244 fuisse,
318 1201 447 1249 quibus
469 1203 626 1252 Spartae
649 1202 749 1249 urbs,

87 1261 234 1292 auctore
264 1256 505 1306 Thucydide,
541 1260 747 1296 constabat.

87 1310 184 1349 Nam
212 1312 272 1349 ille
302 1314 451 1351 Archias
480 1316 642 1364 profecto
674 1328 748 1351 non

87 1368 289 1418 περίοικος
328 1370 416 1417 sum
455 1372 519 1408 sed
545 1372 748 1421 Spartanus

88 1424 219 1469 homo,
250 1426 328 1475 ipsa
345 1427 481 1476 Sparta
501 1429 685 1473 oriundus,
709 1432 748 1465 nt

87 1481 164 1517 inre
192 1484 383 1519 contendit
416 1484 456 1519 C.
482 1484 525 1520 Ο.
549 1485 683 1522 Miiller
711 1485 748 1521 in

86 1536 214 1575 Dorer.
235 1538 266 1574 ll
288 1552 322 1588 p.
344 1540 397 1579 50
421 1552 497 1588 seq.

144 1588 275 1644 δήμου
299 1591 372 1646 γάρ
392 1592 534 1634 τούτου
554 1589 634 1647 ἦν]
670 1594 748 1632 Ali-

87 1654 177 1697 quot
211 1650 291 1687 libri
329 1665 440 1701 prave
475 1648 618 1691 τούτου
659 1654 750 1692 τοῦ

90 1700 160 1756 ἧν,
194 1719 286 1756 quos
312 1708 474 1757 sequitur
495 1709 653 1757 Gregor.
674 1709 749 1746 Co-

86 1762 192 1799 rinth.
224 1763 271 1801 de
292 1764 374 1800 dial.
401 1764 476 1801 Ion.
497 1764 534 1816 ξ.
558 1770 582 1806 7
605 1780 640 1816 p.
664 1766 747 1806 385

87 1832 186 1868 seq,
212 1826 381 1870 corrupto
400 1835 484 1858 usus
506 1822 685 1860 Herodoti
707 1822 749 1858 li-

87 1876 164 1912 bro.
218 1877 275 1912 Ad
305 1889 407 1925 seqq.
440 1880 534 1914 conf.
568 1878 746 1916 Plutarch.

88 1932 120 1967 11
142 1944 177 1980 p.
199 1932 279 1972 860
301 1933 342 1969 C.
392 1934 462 1970 Pro
488 1932 645 1984 ἐτιμᾶτο
671 1935 751 1984 plu-

88 2000 144 2024 res
174 1986 254 2023 libri
289 1987 408 2038 ἐτίμα
439 2004 496 2028 τε.
550 1992 609 2028 Ad
640 1992 751 2028 verba

88 2043 156 2081 καί
197 2043 247 2081 οἱ
286 2046 339 2097 τῷ
383 2045 502 2097 πατρὶ
546 2048 641 2085 conf.
685 2047 749 2093 Ill,

88 2099 141 2140 53
168 2099 229 2137 fin.

145 2151 245 2195 διότι
285 2157 466 2208 ταφῆναί
508 2157 549 2197 οἵ
579 2179 634 2187 -
675 2161 751 2197 Σα-

89 2210 207 2262 μίων]
240 2212 300 2250 Tu
321 2215 416 2250 conf.
438 2215 570 2252 Matth.
591 2216 656 2252 Gr.
682 2216 748 2252 Gr.

89 2267 125 2319 S·
146 2270 227 2310 538
248 2281 331 2318 pag.
358 2273 476 2311 1057.
532 2272 641 2316 Quod
664 2285 749 2308 vero

88 2324 306 2373 wesseling.
351 2326 584 2365 Eustathium
634 2329 750 2365 citans

88 2382 230 2430 Ρ-579,
248 2385 307 2422 ’41
333 2383 563 2421 Herodotum
586 2386 750 2434 scripsis-

89 2450 127 2474 se
156 2443 261 2487 putat
298 2442 532 2489 τριφθῆναι,
577 2442 748 2490 equidem

88 2505 162 2529 non
178 2496 366 2532 assentior.
397 2497 571 2535 Voculam
596 2491 641 2535 εὖ
664 2502 749 2548 post

91 2551 254 2598 Σαμίων
267 2552 382 2589 delevi
397 2567 475 2590 cum
487 2559 635 2591 recentt.
649 2555 748 2600 edd„

91 2605 225 2655 quippe
252 2619 344 2656 qnae
370 2622 391 2646 a
419 2610 625 2648 melioribus
648 2610 747 2647 libris

90 2662 206 2698 abest.
258 2664 377 2706 Quam
407 2670 528 2703 tuetur
561 2667 746 2704 Schaeser.

91 2719 139 2753 ad
154 2718 306 2768 Dionys.
317 2719 496 2758 Halicarn.
519 2724 566 2761 de
584 2736 745 2772 compos.

91 2774 211 2811 verbb.
231 2789 315 2825 pag.
347 2779 422 2816 113
445 2778 615 2824 (notante
639 2779 747 2827 Cr.):‚

90 2842 182 2879 quos
215 2836 337 2869 tamen
362 2832 419 2869 ille
439 2835 545 2871 affert
571 2835 693 2881 locos,
723 2837 747 2873 ii

90 2898 113 2923 a
143 2892 267 2926 nostro
304 2888 384 2926 loco
421 2890 582 2928 nonnihil
612 2892 746 2930 discre-

806 1213 894 1251 pare
915 1200 1094 1236 videntur.
1133 1197 1254 1248 Magis
1272 1198 1355 1245 huc,
1386 1200 1470 1249 opi-

805 1270 888 1304 nor,
907 1256 993 1294 facit
1010 1255 1073 1310 Ill,
1094 1256 1147 1295 82
1167 1256 1249 1293 fin.:
1284 1252 1339 1306 μή
1360 1252 1471 1294 λύειν

807 1312 966 1362 ἔχοντας
988 1312 1051 1350 εὐ.
1080 1311 1226 1357 ΙΙΙ,63;
1259 1310 1362 1364 ἔλεγε
1381 1309 1469 1361 ἄρα.

806 1370 869 1416 ΙΙΙ,
890 1372 960 1410 80;
992 1366 1212 1417 ἐλέχθησαν
1234 1363 1266 1406 δ’
1289 1363 1359 1408 ὦν.
1403 1369 1470 1407 Vi-

807 1427 915 1462 detur
942 1430 1063 1462 autem
1086 1424 1325 1462 Yalckenario
1348 1426 1471 1462 Hero-

806 1483 914 1519 dotus
947 1483 1007 1528 (ut
1031 1493 1142 1529 saepe
1176 1481 1331 1519 humana
1362 1482 1471 1519 fuerit

805 1538 953 1589 passus)
984 1543 1181 1587 propterea
1209 1539 1310 1586 quod
1339 1538 1471 1575 Archia

805 1595 1030 1632 familiariter
1051 1595 1158 1630 suerit
1180 1607 1278 1641 usus,
1302 1594 1395 1630 hane
1413 1594 1470 1632 avi

806 1651 1039 1689 collaudandi
1094 1654 1264 1700 captasse
1311 1652 1471 1688 occasio-

805 1721 910 1746 nem:
954 1712 993 1743 ut
1017 1707 1077 1755 qui
1097 1706 1133 1743 in
1155 1706 1234 1745 aliis
1256 1708 1353 1746 idem
1381 1708 1469 1745 sub-

805 1765 891 1803 inde
909 1763 1047 1802 fecerit.

1012 1820 1119 1869 Cap.
1149 1818 1245 1856 LVI.

864 1873 918 1922 ὥς
957 1888 1030 1924 σφι
1068 1898 1122 1903 -
1163 1873 1466 1927 πολιορκέουσι]

807 1932 956 1972 Consul.
981 1932 1115 1971 Matth.
1140 1932 1204 1969 Gr.
1229 1932 1294 1970 Gr.
1325 1931 1363 1983 ὃ.
1383 1934 1468 1973 388

806 2004 836 2028 c.
868 1990 926 2026 Ad
943 1985 1202 2039 προεκόπτετο
1223 1989 1316 2026 conf.
1335 1990 1361 2035 l,
1377 1991 1468 2029 190.

867 2044 921 2092 αἶς
943 2043 984 2083 δὲ
1016 2043 1038 2083 ό
1075 2039 1328 2095 ματαιότερος
1353 2041 1469 2096 λόγος

809 2099 1005 2153 ὥρμηται,
1037 2101 1198 2151 λέγεται]
1225 2101 1247 2137 i.
1269 2115 1301 2138 e.
1325 2102 1373 2137 ad
1389 2114 1470 2138 ver-

807 2160 910 2196 bum:
954 2161 994 2193 ut
1024 2170 1104 2194 vero
1125 2157 1249 2207 salsus
1271 2157 1390 2207 fertur
1408 2170 1469 2194 ru—

806 2228 899 2259 mor,
927 2227 954 2251 s.
973 2213 1101 2263 fama,
1134 2214 1278 2260 dicunt,
1301 2215 1398 2260 sive,
1431 2220 1470 2250 nt

805 2271 1007 2319 Schweigh.
1043 2271 1322 2320 interpretatur:
1363 2269 1469 2319 „fer-

807 2332 866 2365 tur
883 2332 999 2365 autem
1012 2326 1138 2377 fama,
1176 2331 1297 2364 temere
1328 2327 1468 2376 quidem

805 2398 954 2434 sparsa,
995 2397 1082 2433 quae
1109 2386 1212 2420 ait.“
1261 2383 1469 2434 Displicent

805 2442 916 2478 verba
936 2441 1081 2478 Graeca
1105 2440 1373 2489 Wesselingio,
1413 2440 1467 2477 cni

805 2498 863 2535 vel
898 2495 1047 2548 λέγεται
1086 2493 1162 2547 γάρ
1197 2496 1253 2534 vel
1290 2493 1468 2546 ὥρμηται

806 2552 990 2605 λέγεσθαι
1028 2553 1259 2590 scribendum
1307 2554 1466 2597 videtur,

805 2617 844 2647 ut
863 2610 923 2657 IV,
950 2612 1012 2650 16.
1051 2610 1114 2655 VI,
1139 2612 1192 2650 86
1226 2609 1305 2646 coll,
1331 2609 1376 2654 V,
1396 2611 1462 2649 50.

806 2667 889 2710 Quo
923 2670 1054 2703 neutro
1092 2679 1184 2715 opus
1222 2679 1301 2703 esse
1341 2671 1466 2703 censet

805 2722 1031 2771 Schweigh.‚
1056 2735 1137 2759 cum
1157 2722 1264 2770 plena
1283 2722 1341 2759 hie
1363 2722 1465 2758 inve-

804 2780 924 2816 niatur
962 2779 1112 2825 locutio,
1161 2778 1197 2815 in
1236 2790 1308 2826 qua
1347 2773 1465 2829 λόγος

806 2832 985 2886 ὥρμηται
1004 2847 1091 2872 sane
1111 2835 1207 2872 idem
1219 2835 1336 2872 valeat
1353 2840 1465 2882 atque

804 2890 975 2944 λέγεται,·
1013 2891 1113 2940 quod
1133 2890 1346 2928 vocabulum
1369 2891 1399 2927 si
1418 2889 1464 2926 ab

1131 2943 1189 2986 7*

1496 719 1723 747 Lacedaemonii

1470 758 1538 788 post
1557 754 1608 780 XL
1627 754 1690 780 dies
1711 753 1747 780 ob

1419 787 1515 829 301θί
1541 787 1747 814 difficultatem

1473 821 1586 848 abeunt
1604 830 1611 847 :

1473 862 1594 881 rumore
1606 854 1684 881 tradi
1694 854 1748 880 ali-

1474 896 1521 914 am
1532 888 1632 915 abitus
1645 895 1748 915 eorum

1472 929 1605 948 causam.

1670 829 1747 847 vanu
