1904 3304
477 238 1045 277 MELPOMENE.

1106 238 1167 277 1V.
1376 240 1460 280 389

189 366 233 394 τε
268 348 475 403 ἀρίστους
513 346 745 402 διακριδὸν
774 348 847 390 καὶ
877 348 1127 398 πλείστους·
1176 348 1384 390 πίνεσθαί
1413 362 1457 390 τε

187 418 361 477 ἥδιστός
409 418 514 462 ἐστι·

580 418 666 473 ῥέει
709 434 753 461 τε
809 419 1007 473 καθαρὸς
1054 417 1172 473 παρὰ
1219 422 1454 473 θολεροῖσι.

164 489 361 545 Βσπόρος
394 506 437 532 τε
475 487 581 544 παρ’
628 487 764 532 αὐτὸν
803 489 978 544 ἄριστος
1017 490 1200 544 γίνεται·
1246 492 1350 546 ποίη
1389 506 1454 539 τε,

188 566 242 619 τῇ
273 559 327 605 οὐ
360 562 575 615 σπείρεται
601 560 625 617 ἡ
655 560 797 616 χώρη,
828 559 1075 616 βαθυτάτη
1123 559 1222 611 ἅλες
1242 577 1285 603 τε
1307 560 1375 604 ἐπὶ
1397 564 1509 618 τῷ85
1493 557 1561 598 5⁶0¹

186 632 366 689 στόματι
389 630 529 676 αὐτοῦ
543 631 781 688 αὐτόματοι
801 631 914 687 πήγι
918 648 1042 674 υνται
1064 631 1251 674 ἄπλετοι·
1271 629 1400 687 κήτεά
1413 647 1457 674 τε

185 702 352 760 μεγάλα
374 702 618 753 ἀνάκανθα,
642 704 693 746 τὰ
708 701 970 754 ἀντακαίους
988 700 1205 753 καλέουσι,
1227 702 1457 759 παρέχεται

128 842 386 898 μιδεστοῖτας,
416 860 511 884 nunc
529 860 639 884 unum
657 846 788 897 placet.

127 904 225 942 Nam
249 904 457 941 indicantur
471 916 609 954 pascua
630 904 710 940 bene
729 916 787 939 cu-

131 964 234 1007 rata,
272 962 397 1010 opima.
463 962 586 1009 Atque
613 959 702 996 Italo
734 960 790 995 in-

127 1018 277 1068 terpreti
298 1017 380 1054 hinc
402 1017 494 1054 verti
509 1029 619 1066 posse
640 1028 789 1065 quoque

126 1074 272 1111 videtur
286 1073 423 1123 pascoli
436 1075 536 1109 assai
548 1074 724 1109 nntritz'm‘.
737 1095 787 1100 —-

126 1130 185 1168 De
198 1131 310 1167 verbo
324 1128 567 1182 παρέχεσθαι
588 1131 683 1167 conf.
694 1133 786 1166 nott.

127 1187 175 1224 ad
198 1186 259 1234 lV,
284 1186 351 1226 44.

185 1240 410 1294 διακριδόν]
442 1244 465 1280 ἰ.
487 1256 519 1280 e.
541 1244 689 1290 eximie,
728 1255 790 1279 ex-

130 1301 268 1349 quisite.
318 1300 415 1336 Hinc
451 1303 550 1337 recte
583 1298 788 1347 Hesychius

128 1356 144 1393 l
167 1369 252 1406 pag.
280 1357 373 1397 947.
422 1354 463 1394 ἐν
487 1356 680 1406 διακρίσει
705 1352 788 1406 ὄρι-

130 1425 246 1459 στον,
288 1413 348 1450 ubi
376 1413 448 1449 vid.
472 1411 611 1450 Albert.
645 1425 688 1448 ac
708 1412 790 1448 Ku-

128 1474 229 1516 ster„
249 1469 383 1517 quibus
405 1470 615 1506 auctoribus
632 1468 690 1506 vel
703 1465 789 1517 ἔρι-

128 1537 213 1563 στοι
245 1525 302 1562 vel
333 1522 494 1576 ἄριστον
522 1526 786 1575 reponendum.

126 1581 183 1619 {je
203 1581 365 1618 adverbii
386 1583 499 1618 forma
518 1583 612 1618 conf.
624 1581 787 1621 Fischer

124 1638 173 1674 ad
192 1637 340 1675 Weller.
360 1638 377 1673 Ι
402 1650 488 1688 pag.
511 1640 605 1679 298.
629 1658 685 1665 --
714 1638 788 1674 Pro

126 1690 272 1744 ἰχθύας
304 1695 378 1731 duo
406 1694 485 1731 libri
517 1694 657 1745 ἰχθῦς,
697 1698 736 1731 ut
759 1694 788 1742 l,

125 1753 207 1791 202
221 1779 232 1797 ,
261 1751 359 1788 haud
378 1751 482 1788 male.

180 1807 374 1846 πίνεσθαί
399 1822 438 1846 τε
456 1803 633 1858 ἥδιστος]
676 1806 786 1843 Conf.

125 1863 258 1901 Matth.
280 1862 318 1914 ξ.
336 1864 417 1904 535
438 1865 473 1901 b.
495 1877 581 1915 pag.
605 1862 786 1904 1049.—

127 1919 185 1957 Ad
214 1927 488 1968 argumentum,
528 1925 674 1971 praeter
709 1920 786 1956 lau-

129 1977 236 2013 datos
254 1975 373 2013 Melae
396 1981 506 2025 atque
528 1977 707 2013 Eustathii
730 1975 786 2012 lo-

129 2045 212 2079 cos,
253 2032 390 2069 faciunt
412 2032 503 2069 Plin.
532 2034 579 2070 H.
599 2032 647 2069 N.
668 2033 787 2079 XXX,

129 2089 154 2129 5
174 2088 278 2138 (30).
311 2089 442 2126 Athen.
464 2090 509 2136 ll,
538 2092 588 2130 16
616 2103 652 2138 p.
673 2089 727 2129 42
742 2089 786 2125 Ε.

129 2158 157 2182 5.
184 2148 265 2187 162
287 2145 491 2194 Schweigh.
554 2146 594 2182 ln
613 2158 716 2193 seqq.
741 2145 788 2181 ad

127 2214 235 2238 voces
266 2200 447 2251 καθαρός
483 2207 596 2251 atque
620 2198 789 2252 θολερός

128 2259 222 2295 conf.
247 2258 276 2304 l,
302 2261 383 2298 202
409 2259 532 2308 ibique
553 2263 644 2295 nott.
685 2258 787 2295 Lau—

128 2315 194 2351 dat
224 2315 400 2352 Valcken.
441 2316 598 2352 Pausan.
627 2314 690 2361 IV,
722 2314 787 2355 34.

127 2370 200 2408 Dio
218 2371 407 2420 Chrysost.
429 2386 463 2422 p.
486 2371 631 2413 4021).
663 2372 786 2408 loann.

131 2427 318 2475 Chrysost.
338 2428 385 2465 T.
406 2429 437 2465 11
460 2442 544 2479 pag.
569 2429 650 2469 448
670 2428 713 2465 A.
734 2452 781 2456 —

131 2481 189 2519 Ad
214 2480 418 2535 βαθυτάτη
442 2486 536 2522 cons.
554 2486 599 2531 V,
622 2487 675 2526 92
701 2483 736 2535 ξ.
753 2487 788 2524 6.

133 2538 215 2582 Quo
234 2541 349 2589 magis
365 2543 585 2590 tenendum,
626 2542 715 2578 haec
735 2540 786 2577 lo-

133 2607 175 2631 ca
192 2595 273 2632 olim
292 2597 532 2646 fertilissima,
562 2612 658 2636 nunc
679 2598 789 2649 plane

135 2651 281 2689 deserta
297 2654 470 2702 inveniri,
502 2657 601 2693 nullo
620 2656 789 2692 arborum

133 2708 441 2759 virgultarumque
477 2717 656 2762 proventu
700 2711 788 2748 insi-

134 2765 243 2812 gnia,
285 2778 352 2803 nec
386 2767 542 2804 ferarum
582 2769 710 2819 copia3
750 2772 791 2805 ut

134 2826 257 2858 monet
265 2822 414 2859 Kbhler.
426 2823 535 2861 Mem.
550 2837 611 2862 sur
626 2824 648 2862 l.
662 2838 791 2863 course

133 2898 186 2903 -·
200 2878 326 2916 Achill.
344 2893 380 2930 p.
405 2881 495 2920 129.
524 2880 643 2931 Ipsam
657 2895 790 2932 aquam

847 859 915 895 per
954 850 1131 885 aestatem
1172 847 1291 884 minus
1331 844 1513 883 salubrem

847 915 929 939 esse
967 915 1064 940 nunc
1107 903 1281 949 tradunt,
1334 906 1510 939 mutatam

847 958 982 996 scilicet
1032 960 1078 996 ab
1125 960 1210 997 rivis
1259 958 1512 996 influentibus.

847 1015 957 1052 Conf.
978 1015 1197 1064 'l'zsehuclze
1228 1017 1276 1054 ad
1302 1014 1424 1052 Melae
1444 1014 1466 1052 l.
1488 1014 1511 1052 l.

846 1084 933 1123 pag.
959 1073 1025 1112 30.

905 1124 995 1174 ἅλες
1030 1143 1070 1167 τε
1091 1150 1145 1155 -
1173 1125 1357 1178 ἄπλετοι]
1410 1127 1511 1166 {dem

847 1189 1002 1222 testatur
1034 1185 1105 1223 Dio
1135 1185 1324 1234 Chrysost.
1351 1185 1374 1222 l.
1393 1184 1416 1222 l.
1462 1184 1512 1222 Et

847 1242 924 1278 iure
966 1242 1160 1292 suspiceris
1210 1241 1318 1289 licet,
1363 1255 1407 1279 ex
1443 1241 1511 1279 hoc

846 1299 926 1348 ipso
941 1298 1090 1348 copioso
1108 1297 1191 1335 salis
1209 1302 1404 1349 proventu,
1426 1302 1511 1335 tan-

847 1359 904 1391 tas
924 1355 991 1391 sibi
1012 1355 1156 1391 divitias
1173 1354 1363 1404 collegisse
1375 1359 1515 1392 tantas-

847 1423 920 1459 que
948 1424 1037 1460 opes
1067 1411 1200 1449 Olbiae
1235 1412 1384 1448 incolas.
1430 1411 1513 1448 vid.

846 1466 1061 1504 Koehlerml
1086 1467 1109 1507 l.
1139 1480 1175 1518 p.
1202 1470 1294 1507 130.
1344 1468 1403 1505 De
1425 1480 1515 1506 voce

848 1520 1015 1570 α’πλετος
1035 1526 1129 1561 conf.
1153 1528 1248 1561 nott.
1268 1525 1316 1561 ad
1334 1525 1397 1570 111,
1419 1526 1511 1564 106.

903 1575 1026 1631 κήτεα
1049 1595 1089 1619 τε
1119 1576 1268 1632 μεγαλα
1291 1576 1510 1618 α’νοῖκανθα

845 1650 880 1674 κ.
901 1651 933 1674 τ.
952 1635 1000 1685 λ.]
1041 1637 1153 1673 Haud
1177 1637 1251 1674 scio
1282 1649 1329 1673 an
1357 1637 1427 1674 huc
1454 1637 1510 1673 sa-

846 1692 943 1729 ciant
972 1693 1094 1731 Melae
1124 1694 1237 1731 verba
1266 1692 1288 1730 l.
1320 1693 1363 1731 l.:
1411 1694 1508 1741 „alit

845 1762 1000 1798 magnos
1019 1751 1160 1800 pisces,
1198 1750 1330 1799 quibus
1350 1754 1388 1787 et
1411 1750 1508 1800 opti-

845 1819 926 1843 mus
957 1819 1067 1856 sapor
1099 1811 1135 1844 et
1152 1806 1248 1844 nulla
1269 1819 1352 1844 ossa
1379 1807 1507 1843 sunt.“

844 1862 925 1900 Nec
958 1863 1064 1900 aliter
1101 1865 1180 1901 sere
1212 1863 1349 1900 Plinius
1378 1863 1426 1901 H.
1454 1862 1503 1901 N.

843 1920 908 1965 IX,
937 1922 986 1960 17
1007 1920 1102 1967 (15)
1122 1932 1163 1956 ac
1184 1920 1330 1956 Solinus
1347 1922 1414 1967 20,
1442 1920 1505 1961 15.

842 1976 1042 2013 lornandes
1062 1977 1108 2013 de
1126 1977 1202 2013 reb.
1220 1976 1306 2013 Get.
1326 1978 1394 2022 20,
1412 1989 1506 2025 quae

845 2044 918 2069 una
947 2045 1026 2068 cum
1048 2032 1126 2069 aliis
1148 2032 1270 2069 attulit
1289 2032 1506 2070 Tzschucke

845 2089 894 2124 ad
918 2088 1039 2125 Melae
1061 2089 1081 2125 l.
1102 2088 1123 2124 l.
1153 2092 1247 2125 nott.
1268 2101 1397 2137 exegg.
1416 2102 1502 2138 pag.

846 2146 912 2183 30.
945 2145 1023 2192 31,
1072 2145 1134 2193 qui
1172 2145 1290 2182 adhuc
1322 2146 1503 2195 piscosum

846 2200 994 2238 omnino
1046 2214 1126 2238 esse
1184 2213 1326 2238 amnem
1379 2202 1502 2238 tradit.

845 2253 966 2307 κήτεα
996 2253 1213 2296 εἷνάκανθα
1245 2262 1328 2294 sunt
1346 2261 1416 2294 cete
1433 2261 1503 2307 spi-

846 2317 902 2350 nis
950 2317 1120 2351 carentia.
1188 2313 1259 2351 Alii
1300 2314 1505 2363 intelligunt

845 2371 1030 2418 hassones,
1058 2371 1116 2408 alii
1139 2373 1364 2421 acipensere&
1416 2371 1506 2408 Rei-

845 2429 967 2464 chard.
992 2440 1079 2478 pag.
1101 2427 1156 2469 44
1185 2441 1263 2477 seq.
1291 2441 1354 2465 eos
1374 2428 1506 2477 pisces,

845 2497 938 2533 quos
975 2497 1146 2522 vocamus
1190 2484 1310 2521 Welse.
1375 2484 1505 2521 Adhuc

845 2555 963 2592 prope
988 2542 1176 2591 antiquam
1197 2540 1343 2578 Olbiam
1370 2540 1406 2576 in
1427 2541 1505 2589 Hy-

846 2598 933 2648 pani
958 2598 1114 2648 optimos
1134 2599 1252 2648 pisces
1277 2597 1358 2647 capi
1380 2609 1508 2634 mone-

847 2667 950 2700 mur,
990 2656 1027 2692 in
1058 2655 1188 2705 quibus
1207 2654 1392 2704 Acipenser
1417 2653 1507 2691 Stu-

846 2713 919 2757 rio,
957 2711 1146 2761 Ace'penser
1177 2711 1386 2757 Ruthenus,
1424 2711 1507 2747 Aci-

842 2781 966 2818 penser
984 2769 1086 2805 Huso
1106 2772 1143 2806 et
1163 2768 1351 2817 Acipenser
1372 2766 1506 2804 Stella-

848 2829 916 2862 tus.
946 2824 1029 2862 Vid.
1042 2825 1207 2862 Choixd.
1219 2823 1376 2861 medaill
1396 2824 1507 2871 antiq.

849 2882 972 2919 d'Olb
993 2896 1029 2933 p.
1058 2885 1120 2923 12.
1178 2881 1373 2918 Pertinent
1398 2880 1433 2916 hi
1460 2879 1506 2915 ad

1513 356 1631 416 ifontes
1650 356 1762 384 Graeci
1754 366 1779 385 is

1548 399 1586 417 un

1569 391 1609 417 οἰι
1665 391 1776 418 effluen
1781 400 1794 418 s

1529 429 1595 451 acto
1613 424 1737 454 lacqu
1761 433 1793 452 a·

1531 532 1576 550 flu

1530 600 1578 660 {l}

1566 558 1620 584 ubr
1606 566 1688 585 r:um

1513 458 1564 484 nin
1577 458 1700 497 recipit:
1750 460 1792 494 ip-

1515 499 1551 525 po
1535 490 1594 517 olai
1623 496 1790 534 ριοιιιοιιῑκ

1581 533 1627 550 m.-
1655 525 1759 552 (eren-i
1737 534 1777 552 ris

1733 558 1790 586 Bo-

1566 590 1653 618 ι-ῑΙιοιι
1656 591 1718 620 itae
1735 591 1774 619 ad

1582 634 1639 661 pan
1644 625 1684 653 in.
