1904 3304
435 246 518 285 550
832 241 1301 282 HERODOTI

407 355 582 408 5ὥσπερ
613 353 650 396 εἰ
680 351 793 394 εἴποι
817 349 990 394 Ἑλλάδι
1018 348 1191 408 γλώσσῃ
1221 354 1459 410 χρεωμένη·
1517 351 1596 408 „³52
1625 358 1699 412 βοι-

437 428 577 475 σιλεῦ,
618 422 687 464 ἐπὶ
723 419 878 477 φωνήν
914 417 1088 476 ἦλθες.“
1141 422 1191 465 Ὁ
1230 422 1271 466 δ’
1303 423 1501 481 ἀμείβετο
1531 429 1696 470 τοῖσδε·

405 491 515 548 6,,Ὧι
533 494 655 545 ”ναξ,
695 491 777 548 ἐγώ
805 491 886 546 μὲν
913 487 1056 548 ἦλθον
1085 492 1205 547 παρὰ
1236 493 1284 536 σὲ
1310 496 1574 553 χρησόμενος
1603 498 1756 553 περὶ95

437 570 514 621 τῆς
556 566 727 620 φωνῆς·
788 562 842 606 σύ
881 563 927 607 δέ
964 581 1039 620 μοι
1080 564 1188 607 ἄλλα
1230 561 1426 608 ἀδύνατα
1463 573 1588 625 χρᾷς,
1635 585 1700 612 κε-

439 635 579 679 λεύων
636 633 807 689 Λιβύην
865 634 1124 687 ἀποικίζειν·
1191 636 1272 692 τέῳ
1330 637 1533 692 δυνάμεις
1601 643 1702 696 κοίῃ

411 707 612 761 7χειρί;“
675 708 821 747 Ταῦτα
857 705 1015 760 λέγων,
1058 703 1158 748 οὐκὶ
1194 705 1338 748 ἔπειθε
1370 704 1478 748 ἄλλα
1508 708 1552 749 οἱ
1579 713 1702 762 χρᾶν.

443 777 501 829 ὡς
531 778 576 820 δὲ
606 777 717 820 κατὰ
746 776 882 820 τᾶυτὰ
911 776 1103 830 ἐθέσπιζέ
1136 778 1179 819 οἱ
1206 776 1280 820 καὶ
1304 775 1534 831 πρότερον,
1567 781 1704 835 οἴχετο
1770 787 1851 829 350

281 850 380 894 156
438 847 595 904 μεταξύ
635 847 860 891 ἀπολιπών
899 846 922 890 ὁ
966 848 1132 899 Βάττος
1168 847 1210 899 ἐς
1249 848 1328 904 τήν
1363 847 1521 903 Θήρην.
1582 849 1708 892 Μετὰ

137 916 360 975 ἳ-ᾓζξῇῗῗῇιῇξῗ
447 921 514 972 δὲ,
569 918 687 976 αὐτῷ
733 936 777 962 τε
820 918 962 978 τούτῳ
1002 919 1075 962 καὶ
1112 924 1226 962 τοῖσι
1265 920 1434 962 ἄλλοισι
1475 921 1733 975 Θηραίοισι1

417 992 709 1047 Ξσυνεφὲρετο
739 988 1020 1046 παλιγκότως.
1070 988 1327 1046 ἀγνοεῦντες
1357 989 1402 1034 δὲ
1430 989 1506 1041 τὰς
1536 1003 1709 1047 συμφο-

127 983 240 1009 oraculi
260 982 370 1008 monitu

113 1017 231 1043 Battum
243 1024 307 1041 cum
317 1014 389 1040 dua-

112 1051 165 1076 bus
182 1049 308 1077 navibus
324 1049 389 1076 mit-

454 1182 587 1237 ὥσπερ
628 1185 664 1224 εἰ
693 1184 800 1224 εἷ’ποι
827 1207 873 1213 -
898 1180 1050 1236 ἦλθες]

392 1243 510 1292 „Mea
529 1242 678 1292 quidem
700 1243 874 1292 opinione
900 1242 991 1280 haec
1010 1244 1052 1279 li-

392 1300 562 1338 teratoris
573 1302 699 1335 notam
713 1299 857 1350 sapiunt
869 1299 1052 1348 margina-

391 1357 461 1394 lem
474 1356 498 1376 “
543 1354 760 1392 Valet-en.
825 1355 922 1392 Hinc
952 1356 1053 1392 uncis

391 1413 482 1450 haec
531 1412 642 1449 verba
697 1411 840 1449 inclusit
888 1411 1053 1458 Reizius‚

392 1469 525 1518 quibus
547 1468 676 1506 merito
703 1468 904 1506 liberarunt
925 1480 1053 1506 recen-

393 1525 523 1562 tissimi
555 1525 726 1562 editores.
786 1524 920 1573 Neque
959 1525 1053 1561 enim

395 1583 488 1619 iusta
509 1581 722 1631 suspicionis
749 1592 879 1628 causa,
910 1581 941 1617 si
965 1581 1054 1629 quid

396 1638 515 1674 video.
544 1658 600 1665 —
638 1639 679 1673 In
709 1650 812 1685 seqq.
837 1637 885 1673 ad
910 1635 982 1688 τέῳ
1006 1638 1053 1674 cf.

396 1693 532 1732 Matth.
559 1693 624 1732 Gr.
642 1694 707 1730 Gr.
730 1691 874 1743 §.152
898 1706 935 1742 p.
959 1692 1055 1733 285.

456 1747 511 1795 ω”ς
538 1746 581 1788 δὲ
607 1746 708 1787 κατά
728 1744 851 1787 τᾶυτοὶ
875 1747 1056 1795 ἐθέσπιζέ

399 1805 441 1846 οἱ
462 1804 528 1845 καὶ
548 1800 757 1856 πρότερον]
780 1804 959 1860 Antemual.
977 1805 1054 1841 vul-

397 1875 446 1912 go
482 1863 658 1899 insertum
700 1861 833 1910 legitur
861 1862 912 1914 ᾑ,
953 1863 1055 1910 quod

397 1932 477 1957 cum
499 1919 620 1968 scripti
638 1919 717 1955 libri
735 1919 906 1966 ignorent
917 1917 1057 1967 (quod-

398 1988 470 2024 que
493 1978 591 2011 stare
619 1975 649 2011 si
675 1975 829 2022 debeat,
868 1987 889 2011 e
921 1975 1056 2011 Struvii

397 2035 598 2083 praecepto
626 2031 648 2068 l.
668 2031 691 2069 l.
719 2043 805 2081 pag.
835 2031 909 2074 25,
945 2031 982 2068 in
1006 2032 1057 2084 τῇ

398 2086 654 2137 mutandum),
711 2088 789 2124 iure
838 2087 1059 2124 sustulerunt

398 2144 636 2181 recentissimi
685 2144 854 2181 editores,
924 2143 1058 2192 Neque

401 2201 496 2238 enim
530 2213 623 2250 opus
668 2200 793 2237 addito
829 2201 1056 2250 pronomine,

401 2257 502 2305 quod
522 2261 563 2293 ut
582 2256 668 2293 addi
687 2269 794 2306 posse
811 2258 980 2305 adeoque
990 2257 1058 2293 ad-

403 2313 520 2349 ditum
546 2313 697 2350 inveniri
736 2314 788 2360 (v.
809 2326 839 2350 e.
869 2313 932 2359 IV,
957 2312 1056 2362 109)

402 2369 549 2406 minime
584 2382 703 2417 nego,
746 2370 796 2405 ita
830 2370 1057 2418 frequentius

404 2424 522 2461 omitti
539 2425 635 2462 idem
662 2425 865 2473 contendo,
903 2430 942 2462 ut
959 2426 1057 2462 libris

404 2481 523 2517 inritis
551 2481 638 2517 illud
660 2481 939 2530 haudquaquam
962 2483 1060 2520 inse-

404 2549 485 2574 rere
524 2536 641 2574 liceat.
699 2537 857 2575 Plurima
895 2538 1060 2588 exempla

406 2592 554 2642 collegit
574 2594 706 2630 Struve
725 2593 747 2630 l.
767 2593 788 2630 l.
808 2607 894 2644 pag.
914 2595 977 2635 25.
993 2598 1058 2636 26.

407 2649 448 2685 ln
473 2650 591 2686 verbis
626 2650 786 2698 proxime
822 2652 1061 2699 sequentibus

407 2706 576 2754 equidem
612 2706 721 2753 iungo
759 2705 884 2755 οἷ’χετο
925 2703 1063 2746 α’πολι-

407 2757 498 2799 ποὶν
525 2761 598 2799 scil.
632 2759 707 2811 τήν
738 2763 907 2812 Πυθίην
942 2777 984 2801 ex
1017 2777 1061 2801 eo

408 2831 475 2854 usu
505 2819 603 2855 verbi
635 2817 814 2868 οἴχεσθαι
844 2821 932 2855 satis
961 2825 1062 2867 neto,

409 2886 481 2923 quo
522 2875 748 2926 participium
784 2875 895 2925 vulgo
936 2877 1062 2914 adiun-

1109 1190 1206 1224 ctum
1232 1185 1368 1231 habet3
1405 1198 1529 1223 vocem
1551 1182 1694 1236 μεταξύ
1717 1186 1767 1223 ad

1109 1242 1365 1280 antecedentia
1390 1241 1510 1279 malim
1529 1243 1677 1288 referre,
1699 1241 1767 1279 hoc

1108 1300 1185 1336 sere
1213 1310 1344 1335 sensu:
1391 1297 1473 1334 dum
1502 1298 1570 1334 illa
1594 1297 1766 1347 (Pythia)

1109 1354 1338 1404 respondebat
1355 1382 1367 1402 ,
1415 1355 1594 1391 oraculum
1633 1354 1768 1401 edebat,

1111 1412 1266 1449 celeriter
1289 1411 1446 1447 discessit
1471 1411 1633 1451 Theram.
1685 1410 1766 1449 Nec

1110 1468 1213 1506 aliter
1233 1467 1554 1516 Wyttenbachium
1577 1480 1599 1505 a
1621 1467 1685 1505 Cr.
1715 1468 1768 1504 ci-

1110 1529 1249 1570 tatum,
1287 1523 1560 1562 Animadverss.
1595 1526 1644 1562 ad
1670 1523 1768 1562 Plut.

1110 1581 1207 1619 Mor.
1221 1580 1253 1617 ll
1271 1593 1308 1630 p.
1321 1581 1426 1621 1057
1444 1580 1532 1619 haec
1549 1580 1769 1618 intellexisse

1111 1638 1238 1683 video,
1278 1648 1321 1673 ex
1353 1638 1654 1674 antecedentibus
1681 1636 1769 1673 sub-

1111 1694 1320 1731 audientem
1375 1694 1577 1739 θεσπίζων
1635 1695 1769 1730 interea

1114 1750 1196 1787 dum
1232 1749 1317 1785 haec
1361 1751 1617 1787 vaticinaretur
1663 1749 1769 1786 relin-

1113 1820 1219 1856 quens
1251 1818 1325 1841 eum
1361 1806 1462 1843 abiit.
1503 1828 1556 1834 -
1604 1805 1663 1843 De
1703 1818 1770 1842 usu

1113 1862 1393 1913 praepositionis
1431 1861 1470 1908 ἐς
1515 1859 1589 1913 τήν
1630 1857 1771 1912 Θήρην

1114 1920 1209 1956 conf.
1229 1917 1362 1955 Matth.
1385 1918 1448 1957 Gr.
1472 1919 1540 1956 Gr.
1560 1932 1595 1969 p.
1616 1920 1736 1959 1143.

1311 1975 1420 2025 Cap.
1450 1975 1580 2013 CLVI.

1172 2029 1407 2082 συνεφέρετο
1425 2028 1683 2083 παλιγκότως]
1702 2031 1724 2068 i.
1738 2043 1770 2069 e.

1116 2088 1227 2125 denuo
1246 2087 1335 2124 male
1358 2090 1478 2134 cessit,
1517 2088 1628 2125 demto
1649 2090 1688 2125 in
1710 2101 1771 2125 ca-

1114 2146 1292 2182 lamitates
1309 2144 1528 2188 z'nciclerzmt‚·
1568 2145 1626 2181 ubi
1648 2144 1769 2195 respi-

1114 2202 1205 2239 citur
1223 2201 1271 2239 ad
1293 2213 1356 2247 ea,
1386 2214 1480 2250 quae
1502 2202 1562 2247 IV,
1586 2201 1659 2241 151
1685 2203 1769 2237 sunt

1115 2259 1224 2296 dicta.
1264 2257 1408 2294 Etenim
1437 2258 1532 2294 haud
1561 2258 1767 2305 infrequens

1116 2312 1392 2365 συμφέρεσθαι
1425 2312 1668 2363 impersonale
1685 2325 1767 2350 ver-

1116 2372 1202 2408 bum
1233 2370 1429 2418 (accidere,
1469 2366 1650 2418 evenire),
1693 2381 1770 2405 cre-

1116 2428 1213 2465 brius
1247 2428 1376 2463 addito
1403 2426 1607 2463 accusativo
1632 2429 1669 2462 et
1689 2424 1771 2461 infi-

1117 2484 1228 2521 nitivo
1252 2483 1322 2529 rei,
1359 2494 1453 2530 quae
1479 2482 1652 2518 accidisse
1686 2494 1771 2518 nar-

1119 2545 1218 2576 ratur
1241 2541 1291 2586 (ν.
1310 2552 1338 2575 c.
1363 2538 1398 2584 l,
1427 2540 1464 2578 9.
1496 2537 1548 2584 ll,
1575 2540 1676 2584 111,
1707 2540 1770 2574 aut

1117 2596 1195 2632 aliis
1223 2595 1331 2640 locis,
1384 2594 1444 2630 ubi
1472 2594 1601 2630 eodem
1631 2594 1772 2643 signifi-

1119 2657 1199 2689 catu
1240 2652 1392 2688 activum
1430 2649 1646 2700 συμφέρειν
1676 2663 1709 2685 v.
1739 2662 1770 2686 c.

1117 2708 1181 2754 Ill,
1210 2709 1299 2748 129.
1332 2707 1393 2753 U,
1413 2708 1477 2747 23.
1514 2709 1603 2746 117.
1631 2706 1713 2752 Vll,
1732 2703 1770 2744 4.

1120 2767 1184 2805 10.
1207 2766 1284 2803 117
1309 2765 1420 2811 ete),
1438 2762 1495 2799 vel
1515 2764 1684 2799 adiuncto
1705 2762 1773 2800 ad-

1117 2820 1240 2857 verbio
1282 2821 1356 2857 sive
1397 2820 1593 2864 adiectiv0‚
1641 2823 1680 2855 ut
1710 2817 1772 2863 IV,

1123 2877 1210 2917 157.
1243 2875 1346 2921 UH,
1370 2878 1422 2917 86
1443 2875 1522 2913 coll.
1544 2875 1631 2922 Vll,
1654 2876 1689 2915 8.
1726 2874 1772 2920 V,
