1904 3304
272 803 372 847 149
431 799 569 853 δριον.

118 864 225 894 §amun
243 867 375 894 traditur

99 899 263 934 Sylosonti,
279 902 375 927 euno-

98 933 181 961 ribus*
210 934 275 960 exin
321 935 327 941 '

99 968 151 994 ned
170 971 236 1001 post
252 968 288 994 ab
300 969 372 993 01:1-

99 1009 138 1027 ne
155 1000 357 1036 frequentata.

299 940 372 968 nna,

432 267 517 308 260
838 265 1315 305 HERODOTI

432 377 578 420 καίευ·
610 376 768 432 μαθών
798 375 843 418 δὲ
875 374 933 425 ὥς
964 373 1134 418 ἄλλοισι
1164 375 1314 426 διδοὺς
1344 379 1433 418 τῶν
1462 374 1607 420 ἀστῶν
1635 374 1701 419 εὖ-

434 445 610 501 ρήσεται
642 447 872 501 τιμωρίην,
905 444 985 501 βὰς
1023 445 1092 488 ἐπὶ
1124 445 1228 496 τούς
1263 445 1477 502 ἐφόρους,
1518 447 1700 502 ἄμεινον

435 516 548 560 εἶναι
594 518 676 573 ἔφη
725 521 778 574 τῇ
823 516 1028 573 Σπάρτῃ,
1081 515 1159 559 τόν
1205 518 1346 568 ξεῖνον
1394 518 1473 562 τόν
1525 519 1698 574 Σάμιον

435 585 788 631 ἀπαλλάσσεσθαι
827 587 873 631 ἐκ
903 592 978 643 τῆς
1012 587 1376 644 Πελοποννήσου,
1407 591 1479 632 ἵνα
1508 589 1566 644 μή
1597 589 1698 632 olva-

433 659 558 713 πείσῃ
591 656 618 712 ἢ
649 656 804 709 αὐτὸν,
845 657 874 714 ἢ
900 657 1035 701 ἄλλον
1075 656 1173 700 τινά
1203 659 1529 715 Σπαρτιητέων,
1560 659 1698 704 κακὸν

406 734 425 766 5
441 728 656 783 γενέσθαι.

433 1253 644 1309 εὑρήσεται
682 1258 898 1310 τιμωρίην]
949 1260 972 1297 i.
1005 1273 1035 1298 e.

369 1319 555 1365 postquam
585 1317 848 1362 animadvertit,
884 1317 1038 1353 Maean-

374 1372 493 1408 drium
519 1371 603 1408 aliis
631 1375 757 1409 civium
783 1373 849 1409 illa
873 1373 1035 1421 largien-

375 1428 418 1464 (Ιο
448 1428 625 1465 auxilium
654 1431 724 1466 sibi
744 1433 1035 1479 comparaturum.

373 1484 472 1522 Nam
506 1485 673 1536 τιμωρίη
705 1486 802 1524 idem
839 1486 895 1523 hic
926 1488 1034 1533 valet,

373 1541 475 1590 quod
505 1537 700 1592 βοήθεια,
739 1548 911 1580 monente
947 1543 1034 1579 Val-

373 1597 494 1643 cken.‚
524 1599 586 1646 qui
610 1599 704 1635 conf.
726 1598 893 1647 Thucyd.
916 1598 944 1645 I,
966 1599 1033 1646 58,

373 1653 433 1690 ubi
467 1654 596 1691 eodem
627 1655 703 1692 fere
734 1668 843 1692 sensu
880 1653 1032 1706 ἕτοιμά-

375 1710 513 1756 §.soom
547 1711 760 1760 τιμωρίαν,
799 1711 819 1747 i.
852 1724 883 1748 e.
917 1727 1031 1761 τιμω-

373 1762 489 1815 ρούς,
530 1762 733 1816 βοηθούς,
780 1771 818 1805 et
853 1767 1034 1804 Plutarchi

376 1821 494 1859 locum
516 1823 551 1859 in
568 1822 853 1874 Apopthegmm.
872 1823 1035 1862 Laconn.

369 1891 455 1929 pag.
475 1878 556 1919 224
573 1879 636 1926 A„
667 1881 730 1917 ubi
761 1881 888 1918 eadem
921 1881 968 1918 de
997 1894 1036 1918 re

373 1934 463 1973 haec
491 1934 686 1983 leguntur:
741 1932 1036 1986 εὐλαβούμενος

372 1988 426 2037 δὲ,
458 1987 513 2040 μή
535 1990 678 2043 ἑτέροις
697 1991 776 2032 τισὶ
801 1995 881 2032 τῶν
904 1989 1036 2032 άστῶν

371 2047 511 2101 διαδῷ.

428 2100 683 2155 ἐξεκήρυξαν]
714 2105 737 2143 i.
759 2119 789 2144 e.
824 2105 937 2143 edicto
963 2120 1032 2156 pu-

370 2159 457 2196 blico
489 2162 682 2207 eiecerunt,
721 2162 828 2212 plane
859 2168 898 2199 ut
933 2164 1032 2213 apud

369 2216 464 2252 Plut.
489 2216 511 2253 l.
533 2217 556 2254 1.
584 2217 672 2267 Lys.
700 2232 730 2255 c.
753 2219 937 2255 Eratosth.
965 2221 1031 2261 23.

370 2271 480 2321 Diog.
505 2272 631 2310 Laert.
652 2275 696 2320 11,
718 2274 771 2315 43
793 2275 890 2312 alibi.

547 2330 655 2380 Cap.
682 2330 849 2367 CXLIX.

431 2379 572 2434 Σάμον
601 2382 930 2437 σαγηνεύσαντες]
963 2400 1033 2426 σα-

373 2436 573 2491 γηνεύειν,
601 2443 789 2478 everriculo
817 2457 949 2492 cupere,
986 2445 1033 2481 de

373 2497 532 2546 piscibus
556 2499 704 2548 proprie
722 2499 866 2545 dicitur,
893 2501 954 2549 qui
977 2513 1033 2537 re-

373 2552 470 2589 tibus
491 2553 619 2590 irretiti
643 2560 677 2591 et
698 2554 732 2590 in
761 2568 870 2591 unum
900 2557 1033 2593 sensim

374 2609 582 2658 sensimque
603 2611 716 2646 coacti
735 2611 935 2659 cupiantur.
976 2613 1033 2648 ln-

375 2664 421 2701 de
441 2666 657 2702 transfertur
668 2667 752 2702 dein
763 2667 810 2702 ad
823 2668 929 2704 urbes
942 2681 1031 2716 gen-

375 2725 527 2769 tesque,
558 2735 652 2770 quae
675 2722 825 2771 piscium
846 2724 893 2759 ad
919 2724 1033 2760 instar

373 2777 585 2827 capiuntur,
631 2778 728 2814 nullo
758 2791 806 2816 sc.
833 2791 938 2816 sexus
968 2786 1031 2817 aut

374 2835 503 2870 aetatis
538 2835 633 2870 sacto
668 2835 884 2872 discrimine.
964 2836 1030 2872 Est

372 2890 564 2940 primarius
584 2889 712 2927 Nostri
740 2890 839 2928 locus
869 2890 936 2938 VI,
961 2893 1026 2933 31.

717 730 760 772 οἱ
789 726 834 772 δ’
864 727 1204 779 ὑπακούσαντες,
1238 729 1496 786 ἐξεκήρυξαν
1526 730 1695 774 Μαιάν-
1711 737 1757 770 70

644 799 734 855 Τὴν
774 799 819 842 δὲ
858 798 1014 855 Σάμον
1055 799 1397 855 σαγηνεύσαντες
1437 804 1480 845 οῖ
1523 802 1698 855 Πέρσαι,

432 869 681 923 παρέδοσαν
740 873 1022 920 Συλοσῶντι,
1086 871 1248 926 ἔρημον
1294 871 1456 915 ἐοῦσαν
1511 871 1696 926 ἀνδρῶν.

427 938 595 997 ’ὑστέρῳ
634 940 781 995 μέντοι
822 939 964 997 χρόνῳ
1015 941 1088 984 καὶ
1139 943 1439 996 συγκατοίκισε
1487 942 1626 1000 αὐτήν
1672 940 1694 986 ὅ
1763 949 1845 990 274
1901 946 1904 995 Ι

431 1010 669 1068 στρατηγός
695 1009 894 1067 Ὀτάνης,
935 1012 980 1054 ἔκ
1023 1028 1066 1055 τε
1107 1013 1232 1063 ὄψιος
1265 1012 1460 1066 ὀνείρου,
1496 1015 1568 1057 καὶ
1597 1011 1698 1057 νού-

430 1094 513 1126 σου
547 1082 570 1138 ἤ
598 1099 674 1138 μιν
700 1083 905 1139 κατέλαβε
937 1088 1122 1141 νοσῆσαι
1151 1085 1202 1128 τοὶ
1235 1085 1394 1128 αἰδοῖα.

1093 1260 1176 1298 Alia
1204 1261 1260 1298 hic
1293 1261 1415 1298 attulit
1444 1261 1592 1307 Valck.‚
1630 1261 1753 1298 Strab.

1092 1319 1127 1354 X
1156 1331 1241 1368 pag.
1267 1319 1347 1358 687
1366 1318 1409 1354 Β.
1434 1331 1460 1354 s.
1483 1318 1564 1358 448
1585 1316 1628 1353 A.
1659 1317 1753 1354 Plat.

1092 1374 1209 1423 Legg.
1233 1374 1282 1410 ΙΙΙ
1313 1387 1397 1423 pag.
1422 1376 1502 1415 698
1532 1374 1577 1411 D.
1604 1374 1755 1423 Dionys.

1091 1431 1214 1468 Laert.
1258 1430 1330 1476 ΙΙΙ,
1377 1432 1444 1471 33.
1496 1430 1667 1467 Philostr.
1709 1430 1753 1466 V.

1091 1487 1261 1537 Apollon.
1295 1486 1320 1534 Ι,
1349 1489 1414 1527 23.
1447 1485 1599 1524 Aristid.
1628 1487 1753 1538 Ipag.

1091 1545 1185 1584 213.
1205 1544 1299 1584 385.
1323 1543 1385 1589 (T.
1407 1544 1420 1579 l
1444 1556 1529 1593 pag.
1554 1546 1648 1584 200.
1671 1544 1752 1584 357

1091 1598 1223 1648 Dind)
1273 1600 1418 1638 Maxim.
1454 1600 1542 1648 Tyr.
1580 1599 1753 1646 XXXIX,

1096 1658 1156 1695 16.
1200 1656 1392 1704 Biittiger,
1424 1655 1575 1692 Amalth.
1604 1655 1634 1692 ll
1666 1668 1751 1704 pag.

1092 1714 1186 1752 307.
1262 1712 1372 1748 ltalus
1409 1712 1586 1762 interpres
1623 1712 1753 1748 admo-

1092 1773 1157 1805 net
1175 1768 1297 1804 similis
1318 1769 1566 1818 metaphorae,
1587 1769 1660 1817 quit
1683 1768 1754 1805 uti-

1093 1829 1150 1861 tur
1191 1824 1289 1861 lesus
1326 1825 1491 1861 Christus
1532 1825 1568 1860 iu
1607 1825 1752 1873 Evang.

1092 1881 1225 1917 Matth.
1253 1881 1354 1926 ΧΙΙΙ,
1377 1880 1451 1920 47ῑ
1483 1877 1603 1919 πάλιν
1634 1878 1752 1931 ὁμοία

1093 1936 1198 1976 ἐστὶν
1222 1935 1250 1987 ἦ
1267 1938 1445 1988 βασιλεία
1464 1939 1544 1976 τῶν
1566 1932 1751 1988 ου’ρανῶν

1094 1990 1250 2047 σαγήνῃ
1278 1994 1473 2047 βληθείσῃ
1502 1993 1558 2040 εἰς
1578 1991 1652 2044 τὴν
1674 1989 1751 2032 θά-

1092 2053 1242 2089 λασσαν
1273 2049 1339 2088 καὶ
1368 2049 1411 2089 ἐκ
1438 2047 1584 2096 παντὸς
1610 2048 1753 2102 γένους

1090 2102 1381 2160 συναγαγούσῃ.

1148 2162 1295 2213 ἔρημον
1354 2163 1501 2202 ἐοῦσαν
1561 2157 1747 2213 άνὸρῶν]

1089 2220 1309 2257 Strabonem
1330 2220 1360 2257 si
1381 2220 1484 2256 audis
1505 2219 1588 2256 XIV
1610 2232 1645 2268 p.
1667 2218 1748 2259 945

1091 2289 1118 2312 s.
1144 2278 1225 2317 638
1247 2276 1289 2313 C.
1326 2275 1482 2325 Syloson
1513 2275 1680 2312 acerbum
1712 2275 1749 2311 in

1090 2333 1256 2369 subditos
1290 2333 1446 2370 exercuit
1478 2332 1680 2381 imperium,
1713 2335 1751 2367 ut

1091 2389 1178 2426 inde
1195 2389 1277 2425 viris
1298 2400 1411 2424 vacua
1434 2389 1646 2424 redderetur
1662 2387 1748 2424 urbs

1091 2440 1288 2492 (ὥστεκαὶ
1308 2441 1613 2492 ἐλειπάνδρησεν
1630 2441 1658 2493 ἦ
1676 2438 1750 2482 πό·

1091 2501 1188 2548 λις),·
1219 2501 1317 2537 unde
1347 2501 1574 2549 proverbium
1601 2507 1747 2537 ortum:

1092 2556 1198 2606 ἕκητι
1225 2558 1482 2602 Συλοσῶντος
1513 2552 1747 2608 δυ’ρυχωρίη.

1091 2613 1148 2650 De
1187 2625 1259 2661 quo
1294 2612 1435 2648 Zenob.
1464 2612 1538 2659 ΙΙΙ,
1564 2615 1629 2652 90.
1687 2611 1748 2649 Ad

1090 2668 1237 2717 Olymp.
1266 2667 1369 2705 LXV
1399 2669 1509 2705 refert
1536 2669 1605 2706 hoc
1627 2669 1748 2719 impe-

1088 2725 1199 2770 rium,
1239 2725 1339 2772 quod
1372 2724 1561 2762 Persarum
1593 2737 1664 2774 ope
1699 2725 1747 2762 de

1087 2781 1198 2817 Samo
1225 2781 1383 2817 obtinuit
1409 2781 1580 2829 Syloson,
1612 2781 1747 2817 Panos-

1086 2836 1135 2872 ka
1155 2837 1326 2872 Samiorr.
1364 2837 1438 2873 Res
1466 2850 1551 2886 pag.
1575 2835 1639 2877 45.
1689 2836 1746 2873 Ad

1085 2890 1274 2943 κατέλαβε
1295 2891 1498 2941 cs.111,42.
1530 2893 1588 2930 Ad
1600 2905 1747 2944 συγκα-

1710 1091 1758 1124 75

1889 2020 1904 2134 ἱ

1898 2142 1904 2154 Ἣ

1901 2214 1904 2221 ι
