1904 3304
371 250 454 290 462
765 244 1223 285 HERODOTI

373 356 662 401 ἀποδέκεσθαι
698 353 816 408 παρὰ
843 357 923 396 τοῦ
953 354 1228 408 βουλομένου
1257 351 1676 395 ἀποδείκνυσθαι·ἓό

339 425 457 482 3,,ΪΩ.
492 430 690 484 βασιλεῦ,
739 424 808 467 ἐπὶ
848 427 930 480 γῆν
969 423 1054 480 γάρ
1090 424 1252 478 μέλλεις
1291 421 1622 477 στρατεύεσθαι,

366 504 441 555 τῆς
473 497 572 541 οὔτε
602 494 878 550 α’ρηρομένον
909 493 1147 549 φανήσεται
1178 492 1331 544 οὐδὲν,
1373 493 1471 536 οὔτε
1500 493 1624 543 πόλις

369 566 593 623 οἰκεομένη
608 581 616 589 ·

676 564 729 607 σύ
769 580 852 607 νυν
888 565 1087 619 γέφυραν
1123 562 1285 618 ταύτην
1323 563 1370 605 έά
1407 563 1515 606 κατὰ
1546 563 1623 619 χώ-

371 656 453 696 ρην
486 635 681 687 ἑστάναι,
733 634 962 690 φυλάκους
994 633 1127 690 αὐτῆς
1165 633 1301 676 λιπὼν
1339 632 1543 685 τούτους,
1583 635 1681 677 02'30

341 718 453 765 4περ
484 725 558 765 μιν
589 706 771 759 ἔζευξαν.
830 704 904 748 καὶ
941 703 996 759 ἤν
1035 721 1078 747 τε
1116 703 1227 747 κατὰ
1264 703 1371 746 νόον
1399 703 1625 760 πρήξωμεν

371 779 570 834 εὑρόντες
596 775 797 826 Σκύθας,
831 775 918 818 ἔστι
951 775 1115 826 ἄποδος
1143 773 1271 831 ἡμῖν·
1311 773 1366 830 ἤν
1395 789 1439 816 τε
1468 774 1539 816 καὶ
1568 775 1625 830 μή

374 865 510 908 σφεας
543 846 689 901 εὑρεῖν
720 845 999 902 δυνεεόμεθα,

1031 845 1058 902 ἥ
1086 863 1134 902 γε
1163 844 1328 895 ἄποδος
1357 842 1458 900 ἡμῖν
1490 843 1625 899 ἀσφα-

346 923 463 979 5λής.
524 919 577 964 οὐ
606 917 688 974 γὰρ
721 916 862 962 ἔδεισά
892 933 976 965 κω,
1007 916 1064 972 μὴ
1094 916 1377 970 ἑσσωθέωμεν
1405 913 1492 958 ὑπὸ
1512 919 1626 957 Σκυ-

371 993 488 1037 θέων
517 990 649 1047 μάχῃ·
691 988 798 1033 ἀλλὰ
827 991 1012 1044 μᾶλλον,
1046 986 1129 1042 μή,
1159 985 1212 1031 οὐ
1240 985 1473 1041 δυνάμενοί
1495 999 1629 1041 σφεας

346 1064 545 1119 ὃεὺρεῖν,
591 1059 801 1115 πάθωμέν
843 1075 883 1101 τι
923 1055 1151 1112 ἀλώμενοι.
1218 1057 1304 1100 Καὶ
1344 1055 1447 1099 τάδε
1487 1058 1626 1111 λέγειν
1640 1062 1684 1096 35

374 1134 482 1190 φαίη
514 1148 578 1182 τις
606 1130 661 1173 ἄν
689 1146 739 1185 με
770 1130 936 1172 ἑωυτοῦ
969 1130 1150 1179 εἵνεκεν,
1182 1127 1241 1178 ὦς
1268 1126 1501 1181 καταμένω.
1544 1126 1626 1181 ἐγώ

377 1204 422 1247 δὲ
449 1200 628 1258 γνώμην
657 1201 758 1255 μὲν,
796 1199 876 1255 τὴν
917 1197 1123 1252 εὕρισκον
1162 1198 1343 1253 α’ρίστην
1373 1210 1463 1246 σοι,
1507 1201 1627 1251 βασι·

376 1277 476 1324 λεῦ,
508 1273 550 1323 ἐς
571 1271 704 1326 μέσον
726 1269 872 1325 φέρω·
911 1267 1043 1320 αὐτὸς
1071 1268 1220 1324 μέντοι
1249 1268 1407 1322 ἕψομαί
1435 1284 1526 1318 τοι,
1556 1269 1630 1310 καὶ

376 1460 441 1502 ἐπὶ
466 1463 544 1514 γῆν
570 1458 660 1512 γὰρ
690 1458 836 1510 μέλλεις
857 1454 971 1511 στρα-

321 1515 526 1567 τεύεσθαι]
586 1516 646 1553 Ad
684 1529 786 1553 usum
826 1516 974 1555 voculae

321 1591 395 1629 γαρ
417 1574 513 1611 conf.
534 1577 626 1610 nott.
645 1573 738 1619 adl,
757 1574 793 1612 8.
816 1571 902 1611 124.
934 1572 974 1608 In

321 1631 486 1684 proxime
513 1641 618 1677 seqq.
656 1623 903 1678 αρηρομένον
932 1640 976 1665 ex

321 1686 472 1725 Homeri
488 1685 592 1721 fluxis
595 1697 634 1721 se
648 1684 791 1721 videtur
806 1684 978 1721 imitatio-

322 1757 390 1787 ne,
429 1741 470 1778 Il.
495 1740 637 1785 XVIII,
667 1738 748 1780 548
777 1738 840 1790 [ad
870 1752 976 1788 quem

322 1800 442 1837 locum
475 1795 539 1833 Cr.
569 1797 723 1833 conferri
750 1796 823 1832 vult
843 1796 977 1845 Heynii

324 1855 405 1893 obs
390 1865 502 1891 smerxv
518 1852 625 1889 Tom.
646 1851 711 1889 VII
731 1865 766 1902 p.
785 1850 881 1901 546]
898 1851 977 1888 coll.

322 1907 850 1976 Apollon.Rh0d.111‚1336
881 1907 978 1944 Nam

324 1967 371 2004 ab
402 1961 524 2030 οἷρόω
540 1964 582 2001 fit
610 1960 759 2015 ἥροκα,
798 1959 978 2015 ἅρήροκα

322 2023 482 2070 indeque
501 2014 713 2070 αρήρομαι.
765 2020 822 2057 Cf.
843 2020 977 2056 Matth.

322 2091 410 2130 pag.
431 2078 524 2117 306.
567 2076 727 2124 Ηε5)(;11
751 2075 875 2126 Ipag.
897 2075 978 2117 525

323 2130 563 2185 ἅρηρομένη·
585 2127 873 2183 οῗρουριωμένη,
887 2127 980 2183 οἷρο-

322 2187 530 2241 τριωμένη.
579 2189 711 2234 „Co'es
742 2188 853 2225 Dario
879 2200 979 2225 asse-

322 2258 465 2291 verans,
495 2245 684 2294 Scythicae
701 2245 860 2293 regionis
879 2239 977 2294 ἄρη-

322 2301 492 2353 ρομένον
525 2313 606 2338 esse
648 2295 787 2347 οὐδὲν,
834 2301 978 2338 novisse

321 2371 397 2395 non
421 2357 564 2393 videtur
592 2357 748 2405 Scythas
782 2351 978 2407 ἀροτῆρας

323 2418 359 2451 et
382 2426 598 2465 γεωργους,
636 2412 837 2461 descriptos
868 2426 897 2449 c.
927 2414 977 2452 17

324 2475 362 2507 et
390 2470 491 2509 18.“
544 2466 678 2504 Wess.
705 2489 761 2494 ——
802 2469 844 2504 In
873 2480 976 2516 seqq.

325 2525 450 2575 scripsi
482 2519 532 2562 σύ
562 2538 637 2562 νυν
666 2521 872 2574 γέφυραν,
917 2524 978 2560 ubi

322 2581 430 2630 vulgo
462 2576 510 2618 συ“
532 2582 608 2618 νῦν
630 2575 821 2630 γεφύρην.
861 2579 979 2617 Abre-

326 2638 443 2674 schius
474 2636 649 2673 maluerat
683 2632 731 2674 61)
766 2633 856 2682 μὲν
893 2650 978 2686 pro-

325 2694 437 2731 bante
457 2692 675 2741 Wesseling.
721 2691 777 2728 Cf.
801 2692 862 2739 III,
886 2694 976 2732 123.

326 2747 504 2801 γέφυραν
520 2748 722 2797 Schweigh.
742 2748 810 2785 iarn
829 2749 977 2785 invexe-

324 2810 401 2852 rat3
440 2807 532 2843 conf.
555 2805 627 2851 1V,
659 2807 723 2846 98.
759 2806 849 2845 133.
883 2804 974 2845 134.

329 2864 419 2903 118.
456 2863 546 2903 136.
579 2862 668 2901 139.
700 2860 789 2901 141.
820 2882 875 2887 -—
916 2859 975 2897 Ad

1029 1460 1244 1497 locutionem
1294 1456 1392 1497 και-οὶ
1437 1455 1567 1511 χώρην
1611 1461 1684 1498 vid.

1030 1520 1123 1553 nott.
1150 1516 1198 1552 ad
1222 1514 1290 1561 III,
1323 1516 1413 1556 135.

1088 1568 1140 1621 ἤν
1163 1585 1201 1609 τε
1221 1567 1318 1609 κατὰ
1345 1566 1437 1610 νόον
1457 1568 1684 1622 πρήξωμεν]

1033 1629 1055 1664 i.
1077 1640 1106 1664 e.
1134 1629 1166 1663 si
1195 1640 1237 1663 ex
1267 1629 1377 1664 animi
1408 1630 1581 1665 sententia
1609 1641 1688 1664 suc-

1033 1685 1183 1721 cesserit.
1235 1683 1292 1719 Ad
1329 1682 1545 1721 locutionem
1586 1680 1685 1722 κατοὶ

1034 1736 1130 1779 νόον
1152 1739 1246 1776 conf.
1266 1739 1296 1784 Ι,
1322 1741 1412 1778 117.
1442 1740 1488 1786 V,
1512 1743 1599 1781 106.
1622 1740 1685 1786 VI,

1037 1798 1129 1837 130.
1158 1796 1238 1841 VII,
1265 1796 1353 1836 150.
1395 1795 1459 1841 ΙΧ,
1489 1795 1554 1836 45.
1585 1799 1693 1841 1113

1034 1853 1083 1889 ad
1109 1865 1210 1888 usum
1242 1852 1342 1888 verbi
1379 1846 1563 1901 πράττειν
1589 1853 1685 1889 conf.

1033 1908 1104 1954 III,
1131 1908 1185 1948 25
1205 1907 1282 1944 coll.
1301 1906 1372 1953 IV,
1402 1908 1492 1948 156.
1519 1908 1608 1948 157.
1629 1930 1685 1935 -

1035 1964 1078 2000 In
1105 1964 1169 2010 iis,
1206 1976 1300 2012 quae
1326 1964 1497 2001 continuo
1528 1976 1686 2013 sequun-

1034 2024 1113 2065 tur,
1142 2019 1287 2069 reposui
1310 2017 1388 2057 ἔστι
1412 2032 1479 2069 pro
1503 2018 1621 2058 ἔσται.

1093 2073 1147 2126 μή
1173 2096 1221 2102 -
1244 2074 1441 2125 πάθωμέν
1469 2091 1506 2114 τι
1538 2071 1687 2126 οἷλῶμε-

1034 2131 1114 2182 νοι]
1156 2132 1177 2168 i.
1197 2144 1227 2170 e.
1251 2129 1307 2168 Ne
1326 2132 1416 2168 mali
1434 2144 1461 2168 s.
1484 2132 1687 2170 incommodi

1036 2189 1121 2238 quid
1142 2189 1323 2238 patiamur
1343 2188 1549 2227 oberrantes.
1603 2188 1685 2232 Qua

1035 2245 1177 2282 dicendi
1196 2244 1346 2281 formula
1373 2244 1551 2293 insignem
1569 2256 1685 2293 quan-

1034 2301 1118 2338 dam
1146 2299 1382 2338 calamitatem
1414 2301 1562 2338 indicari
1593 2311 1683 2337 con-

1035 2361 1119 2393 stat.
1150 2357 1257 2393 Conf.
1277 2369 1370 2404 quae
1388 2356 1540 2394 Wessel.
1565 2355 1685 2393 attulit

1035 2413 1082 2449 ad
1110 2412 1215 2458 VIII,
1248 2414 1326 2452 102
1352 2412 1472 2460 Viget.
1502 2411 1558 2449 De
1591 2412 1683 2448 idio-

1034 2470 1165 2505 tismm.
1189 2482 1224 2518 p.
1241 2470 1333 2509 279.
1381 2468 1452 2505 Pro
1472 2466 1684 2517 ἐμεωυτοῦ,

1035 2525 1134 2573 quod
1169 2523 1347 2561 Matthiae
1383 2524 1553 2570 retinuit,
1603 2536 1682 2560 eum

1034 2584 1183 2618 recentt.
1209 2580 1294 2617 dedi
1315 2592 1361 2628 με
1381 2577 1541 2618 ἑωυτοῦ.
1574 2580 1682 2616 Conf.

1033 2637 1096 2683 111,
1119 2636 1182 2675 52.
1229 2635 1299 2671 Pro
1320 2634 1524 2686 καταμένω
1545 2636 1681 2673 Schae-

1033 2693 1096 2729 fer.
1118 2705 1137 2729 e
1158 2692 1338 2728 Sancrofti
1370 2691 1460 2729 libro
1485 2693 1586 2730 dedit
1609 2707 1680 2730 κα-

1032 2745 1223 2798 ταμενὲω,
1263 2747 1362 2795 quod
1381 2749 1498 2799 ipsum
1515 2749 1682 2785 arriserat

1034 2803 1285 2852 Wesselingio.

1089 2859 1128 2906 ές
1155 2857 1274 2910 μέσον
1303 2857 1427 2911 φέρω]
1474 2859 1546 2896 Pro
1576 2857 1683 2910 φέρω
