1904 3304
434 237 519 278 212
827 233 1303 273 HERODOTI

101 360 205 388 nenda
238 359 376 395 indigen·
434 341 632 400 ποταμός
672 343 827 400 μέγας,
875 341 1046 398 οὕνομα

101 395 191 422 tibus.

433 414 652 470 πρότερον
697 414 775 471 μὲν
823 412 1004 468 ἄρδεσκε
1015 445 1027 466 ,

383 560 552 607 fiuvium,
611 558 673 608 qui
732 557 842 594 hodie
897 560 1045 593 vocatur

380 617 527 665 Tedjen
571 620 608 652 et
656 618 795 664 partem
838 614 1044 664 proxinciae

380 674 603 716 Chmasam,
630 683 725 719 quae
746 670 829 707 olim
850 670 1044 719 Margiana

381 729 583 775 dicebatur,
604 727 792 776 percurrit,
824 726 936 763 relata
957 726 1045 773 vult,

381 787 573 836 ipsamque
626 783 813 833 planitiem
860 783 1044 819 montibus

380 842 543 889 undique
574 839 727 876 cinctam
768 840 804 876 in
836 837 1045 887 IlIargz‘ami

381 897 565 935 montibus
596 896 731 933 referta
763 895 868 933 facile
896 895 1048 932 inveniri

381 966 493 1005 posse
514 956 630 1003 putat.
670 952 776 996 Quae
798 952 844 989 de
864 952 937 990 Ace
958 965 1046 988 con-

380 1010 508 1047 xallcm
529 1009 633 1045 istam
657 1013 868 1058 permeante
890 1014 926 1046 et
946 1008 1046 1044 inco-

382 1067 534 1104 lentium
566 1077 675 1114 agros
708 1065 883 1113 irrigante
922 1065 1048 1102 scribit

381 1123 616 1167 Herodotus,
658 1134 701 1158 ea
723 1122 889 1171 apprime
911 1134 1045 1157 conve-

383 1180 462 1217 nire
481 1178 533 1215 ait
553 1191 633 1214 cum
653 1178 708 1223 iis,
737 1190 833 1226 quae
852 1178 898 1214 de
916 1177 1046 1225 Margo

379 1235 650 1284 irrigandorum
680 1246 849 1282 agrorum
877 1246 987 1269 causa
1010 1236 1047 1269 in

381 1291 505 1342 plures
542 1289 687 1327 canales
721 1290 871 1326 diducto
911 1289 1047 1326 Plinius

382 1348 432 1384 H.
459 1346 509 1384 N.
531 1346 596 1394 Vl,
620 1347 668 1386 16
691 1347 824 1383 tradat.
855 1346 1048 1382 Praeterea

382 1403 576 1441 mediocris
597 1402 714 1452 Margi
732 1403 846 1440 amnis
863 1402 1048 1451 magnitu-

383 1461 506 1497 dinem
548 1459 656 1496 talem
697 1472 872 1508 aquarum
909 1460 1049 1495 obstru-

385 1517 566 1562 ctionem,
602 1516 745 1564 qualem
770 1528 791 1552 a
811 1529 898 1564 rege
915 1515 1050 1552 Persa-

385 1585 465 1610 rum
483 1573 616 1609 factam
638 1584 719 1609 esse
738 1572 947 1608 Herodotus
966 1584 1050 1607 nar-

386 1633 463 1675 rat,
491 1628 761 1678 quodammodo
784 1628 974 1664 admittere
999 1627 1051 1663 vi-

388 1686 487 1730 deri3
515 1685 554 1721 id
573 1684 672 1734 quod
699 1685 735 1720 in
758 1683 876 1720 Oxum
904 1684 1050 1720 minime

387 1742 519 1778 cadere
539 1770 550 1788 ,
596 1740 726 1777 merito
784 1741 924 1777 statuit.
996 1740 1050 1776 At

387 1797 554 1846 Breiger.
573 1796 595 1833 l.
614 1796 636 1834 l.
653 1798 748 1833 Acen
779 1810 845 1847 pro
871 1797 968 1833 Ocho
985 1797 1051 1833 ha-

390 1854 477 1891 bere
498 1853 646 1890 mavult.
687 1854 771 1897 Quo
792 1854 944 1900 rectius,
969 1854 1049 1904 opi-

390 1923 480 1957 nor,
513 1909 680 1948 Rennell.
706 1910 727 1946 l.
750 1909 771 1946 l.
794 1923 880 1960 pag.
903 1912 981 1950 461
1005 1911 1051 1947 de

390 1968 539 2003 flumine
569 1967 798 2013 Himlmend,
840 1968 900 2016 qui
933 1967 967 2003 in
1000 1967 1053 2003 la-

390 2036 471 2060 cum
509 2023 655 2059 Zurrale
695 2036 735 2061 se
769 2023 954 2069 effundat,
992 2023 1052 2072 agi

390 2084 513 2129 putat,
550 2093 630 2116 cum
651 2079 745 2116 illius
772 2080 869 2117 lacus
903 2080 948 2116 sit
972 2079 1052 2116 lon-

390 2136 519 2185 gitudo
547 2136 649 2172 XXV
677 2136 832 2173 milliarr.
852 2136 1052 2173 Germann.

392 2197 431 2229 et
466 2192 616 2228 latitudo
673 2194 834 2241 quinque
896 2192 1052 2229 milliarr.

387 2249 576 2297 omnisque
625 2247 682 2285 illa
717 2250 819 2297 regio
860 2250 1051 2285 manifesta

387 2304 565 2354 praebeat
594 2304 748 2351 indicia,
789 2305 903 2341 solum
931 2305 1050 2356 ipsum

390 2360 493 2408 aquis
536 2359 694 2408 limoque
736 2361 926 2397 advectum
966 2361 1049 2397 olim

388 2416 514 2453 fuisse.
584 2416 708 2465 ltaque
739 2417 774 2451 in
805 2430 848 2454 ea
887 2418 1051 2465 regione,

389 2484 484 2521 quae
525 2484 620 2509 nunc
668 2478 817 2509 vocatur
855 2472 1050 2519 Schisma,

388 2527 576 2578 planitiem
610 2528 655 2565 ab
686 2528 877 2565 Herodoto
914 2531 1051 2566 indica-

388 2588 463 2621 tam
504 2585 751 2633 quaerendam
788 2597 869 2622 esse
908 2599 1050 2623 censeo.

388 2640 463 2677 Ubi
483 2641 627 2677 ssuvium
650 2641 844 2686 Hirmeml,
875 2642 935 2690 qui
957 2646 1048 2679 Aces

388 2700 467 2743 est,
505 2710 599 2733 nunc
618 2702 777 2745 tangunt
805 2696 881 2734 loca
905 2698 1049 2735 deserta

388 2751 591 2799 incuhave,
632 2752 714 2790 olim
746 2754 840 2790 bene
867 2753 962 2790 culta
993 2760 1049 2790 at-

388 2821 460 2857 que
487 2809 674 2856 habitata,
706 2822 784 2846 cum
812 2811 906 2845 fluvii
929 2823 1047 2859 aquae

388 2864 572 2903 canalibus
603 2870 680 2903 arte
710 2866 878 2903 deductis
905 2867 1047 2916 disper-

1088 343 1134 386 δέ
1173 344 1216 386 οἱ
1252 342 1340 386 ἐστὶ
1376 340 1518 397 ’'Amyg.
1576 336 1706 393 οὗτος

1081 413 1421 470 διαλελαμμένος
1468 416 1705 469 πενταχοῦ,

1102 560 1276 606 gerentur
1325 561 1494 606 terraque
1544 557 1763 594 redderetur

1103 614 1257 650 maxime
1280 614 1415 650 fertilis.
1475 613 1555 650 Hos
1576 613 1764 662 aquaedu-

1103 677 1182 707 ctus
1224 676 1259 706 et
1297 683 1441 707 omnem
1487 670 1580 706 hanc
1616 669 1764 716 molem,

1102 728 1175 776 quit
1230 727 1328 763 fluvii
1393 738 1513 774 aquae
1568 738 1634 775 per
1691 731 1763 762 ter-

1104 797 1162 820 ras
1233 783 1444 820 adiacentes
1501 782 1764 819 distribueren-

1103 845 1185 886 tur,
1215 852 1237 876 a
1259 840 1418 876 Temni-e
1443 843 1571 889 postea
1590 839 1641 875 ita
1660 851 1765 875 ever-

1104 909 1180 933 sam
1231 909 1312 933 esse
1361 895 1589 946 accepimus,
1640 899 1679 930 ut
1707 895 1765 931 vix

1104 953 1212 989 ullum
1282 956 1488 1002 superesset
1563 951 1766 1000 vestigium.

1103 1008 1252 1046 Consul.
1285 1009 1417 1045 Ritter.
1441 1007 1644 1044 Erdkunde
1676 1007 1703 1043 ll
1727 1020 1765 1057 p.

1105 1067 1156 1106 18
1175 1079 1280 1114 sqq.,
1312 1068 1365 1105 22
1385 1077 1490 1113 sqq.,
1518 1076 1561 1100 ac
1588 1064 1635 1101 de
1655 1063 1765 1100 ssuvio

1101 1122 1283 1159 Hirmend
1322 1122 1411 1158 ibid.
1447 1133 1532 1171 pag.
1580 1122 1654 1167 19,
1703 1119 1766 1156 ubi

1102 1183 1250 1229 praeter
1278 1177 1346 1214 alia
1369 1177 1436 1213 hoc
1457 1189 1604 1225 quoque
1625 1180 1763 1220 monet,

1101 1235 1225 1280 Acen,
1288 1247 1369 1270 cum
1408 1233 1526 1269 Ochus
1568 1234 1604 1268 in
1642 1232 1767 1281 lingua

1102 1291 1240 1327 Pelilwi
1268 1291 1414 1326 omnino
1442 1292 1577 1326 ssumen
1603 1289 1768 1337 denotet,

1103 1347 1171 1384 hac
1193 1360 1341 1396 quoque
1361 1345 1608 1397 appellatione
1628 1345 1767 1394 signifi-

1104 1404 1175 1441 cari
1201 1404 1372 1454 potuisse.
1420 1402 1575 1439 Multum
1597 1402 1633 1438 in
1655 1403 1768 1440 sacris

1105 1460 1297 1497 Persarum
1317 1459 1435 1505 libris,
1464 1459 1680 1495 carminibus
1692 1457 1771 1495 vul-

1106 1517 1218 1566 gique
1245 1528 1309 1553 ore
1338 1515 1429 1552 lianc
1462 1519 1595 1552 terram
1621 1515 1770 1563 praedi-

1108 1574 1200 1618 cari,
1243 1585 1338 1621 quae
1366 1571 1486 1608 multis
1516 1571 1686 1621 operibus
1719 1571 1767 1608 ad

1108 1629 1220 1665 solum
1246 1627 1365 1665 sterile
1390 1640 1432 1665 ac
1455 1628 1584 1664 siccum
1613 1628 1770 1675 irrigan-

1107 1686 1193 1722 dum
1221 1690 1300 1721 arte
1321 1685 1445 1729 sactis,
1487 1684 1608 1721 multis
1635 1684 1770 1720 canali-

1108 1743 1195 1789 bus,
1233 1741 1339 1777 fuerit
1363 1741 1534 1789 insignis,
1570 1741 1667 1777 idem
1688 1740 1769 1790 plu-

1107 1799 1206 1835 ribus
1243 1798 1413 1834 ostendit.
1491 1797 1556 1833 Est
1597 1797 1691 1833 enim
1729 1797 1768 1834 in

1107 1855 1321 1892 Ilerodoteti
1344 1853 1562 1900 narratione,
1591 1853 1692 1902 quod
1711 1854 1769 1890 vix

1108 1924 1328 1961 quemquam
1349 1909 1496 1956 latebit,
1527 1910 1573 1946 de
1594 1909 1771 1946 eiusmodi

1110 1981 1221 2018 opere
1257 1968 1513 2015 cogitandum,
1567 1967 1667 2014 quod
1702 1979 1769 2003 nos

1111 2025 1261 2061 dicimus
1319 2022 1613 2060 Sclolezcsenwerk.
1682 2023 1770 2061 Vid.

1109 2081 1269 2118 Heeren.
1292 2079 1312 2115 l.
1333 2080 1354 2116 l.
1378 2079 1412 2126 1,
1445 2083 1461 2119 1
1483 2092 1568 2129 pag.
1585 2079 1667 2129 482
1689 2091 1768 2128 seq.

1110 2137 1194 2181 Quo
1227 2136 1344 2185 magis
1374 2137 1483 2172 miror
1512 2134 1770 2184 Schlegelium,

1109 2195 1170 2242 qui
1202 2193 1224 2230 l.
1255 2192 1277 2229 1.
1316 2191 1446 2241 (quem
1480 2191 1545 2228 Cr.
1582 2190 1770 2242 indicavit)

1107 2249 1196 2286 hacc
1222 2249 1344 2286 omnia
1376 2249 1424 2285 de
1445 2246 1519 2285 Ace
1550 2249 1660 2285 fluvio
1687 2248 1771 2285 ficta

1105 2306 1221 2343 videri
1242 2305 1476 2356 pronuntiat!

1166 2414 1342 2467 ἄρδεσκε,
1372 2413 1692 2465 διαλελαμμένος]
1710 2414 1768 2452 Ad

1106 2474 1258 2510 sormam
1277 2472 1476 2521 imperfecti
1495 2468 1660 2522 ἄρδεσκε
1673 2473 1768 2509 conf.

1107 2531 1318 2566 Buttmann.
1339 2529 1500 2564 Graium.
1525 2528 1607 2565 mai.
1635 2528 1650 2564 Ι
1681 2540 1769 2578 pag.

1107 2588 1189 2627 393
1213 2589 1287 2621 not.
1318 2590 1355 2622 et
1383 2585 1431 2619 ad
1463 2583 1770 2635 διαλελαμμένος

1108 2646 1196 2678 nott.
1217 2642 1263 2677 ad
1287 2641 1311 2687 l,
1340 2643 1430 2681 190.
1454 2661 1510 2667 —
1536 2641 1649 2678 Paulo
1676 2642 1769 2678 infra

1106 2711 1172 2747 pro
1207 2693 1342 2744 ἐξόδου
1381 2710 1460 2733 cum
1493 2697 1697 2746 Schweigli.
1729 2700 1768 2734 et

1108 2754 1224 2790 Gaiss.
1244 2753 1361 2804 recepi
1383 2748 1571 2800 διεξόδου.
1602 2753 1706 2791 Conf.
1720 2752 1766 2800 11,

1106 2810 1170 2850 24.
1197 2831 1245 2835 —
1273 2810 1331 2846 Ad
1353 2805 1580 2857 ἐνδιδόντος
1604 2811 1649 2846 cf.
1675 2814 1764 2846 nott.

1104 2866 1152 2903 ad
1174 2865 1201 2912 l,
1224 2869 1262 2907 6.
