1904 3304
100 834 226 869 Scyhes,
269 834 378 860 amisso

102 877 217 903 regno,
244 867 379 902 profugit

102 903 140 929 ad
164 902 304 928 snalecm
332 909 372 926 rc-

102 944 171 970 gem
219 934 381 965 'shrael-”im

156 976 213 1004 qno
247 968 381 994 redditus

103 1001 291 1029 Octamnsadi
319 1001 381 1027 sra—

102 1036 160 1069 tri,
186 1035 274 1062 huius
289 1042 380 1063 mauu

103 1070 240 1098 moritur.

434 229 520 270 430

821 224 1282 265 HERODOTI

405 343 429 378 6
440 337 476 381 εἰ
504 336 551 380 δέ
580 352 656 392 μοι
686 333 928 385 ἀπιστέετε,
965 333 1143 387 ἕπεσθε,
1183 335 1257 378 καὶ
1284 333 1391 390 ὑμῖν
1416 333 1498 390 ἐγώ
1529 333 1694 385 &sige-05⁸

436 411 631 453 Εἵποντο
661 410 748 449 τῶν
770 404 987 448 Σκυθέων
1016 406 1060 448 οἷ
1087 409 1389 460 προεστεῶτες·
1430 405 1502 448 καὶ
1535 404 1697 456 αὐτούς

435 477 670 536 ἀναγαγών
717 475 742 519 ὁ
797 477 1168 532 Βορυσθενεΐτης,

1232 475 1374 532 λάθρη
1415 476 1482 519 ἐπὶ
1523 475 1751 531 πύργον75

403 559 426 593 7
436 555 613 595 κατεῖσε.
672 548 762 591 ἐπεί
797 562 840 589 τε
872 547 918 591 δὲ
947 546 1103 601 παρήϊε
1139 546 1220 589 σύν
1247 549 1308 602 τῷ
1337 545 1483 604 θιάσῳ
1524 547 1548 590 ὁ
1577 546 1696 590 Σκύ-

433 627 526 678 λης,
572 620 646 664 καὶ
675 616 796 662 εἶδόν
824 634 899 673 μιν
928 617 1198 674 βακχεύοντα
1236 618 1280 659 οἷ
1308 615 1512 669 Σκύθαι,
1555 615 1696 671 κάρτα

432 691 669 748 συμφορήν
698 689 888 745 μεγάλην
920 688 1199 744 ἐποιήσαντο·
1240 688 1484 740 ἐξελθόντες
1507 688 1573 739 δὲ,
1603 687 1696 744 ἐσή-

305 768 373 813 80
430 779 591 821 μαινον
629 761 744 818 πάσῃ
785 765 838 817 τῇ
877 764 1054 814 στρατιῇ
1093 759 1146 802 τά
1189 761 1340 802 ἴδοιεν.
1394 758 1469 809 Ὡς
1507 761 1551 802 δὲ
1591 759 1695 815 μετὰ

433 839 571 879 ταῦτα
609 832 815 889 ἐξήλαυνε
846 832 869 875 ὁ
900 830 1076 887 Σκύλης
1106 830 1148 881 ἐς
1183 829 1295 886 ἤθεα
1330 827 1381 872 τοὶ
1412 829 1604 881 ἑωυτοῦ,
1653 831 1754 873 οῑὸο

438 905 620 951 Σκύθαι
649 902 998 960 προστησάμενοι
1035 902 1112 945 τόν
1141 900 1353 955 ἀδελφεόν
1383 899 1522 945 αὐτοῦ
1549 899 1698 944 Ὀκτα-

438 976 664 1034 μασάδην,
713 974 923 1030 γεγονότα
953 974 998 1017 ἐκ
1027 977 1102 1030 τῆς
1133 973 1277 1028 Τήρεω
1306 971 1550 1026 θυγατρὸς,
1594 972 1698 1015 ἐπα-

408 1048 637 1093 Ξνιστέατο
667 1049 726 1101 τῷ
747 1042 912 1099 Σκύλῃ.
970 1043 994 1088 ὁ
1021 1044 1086 1093 δὲ,
1117 1043 1273 1099 μαθών
1298 1041 1347 1087 τὸ
1373 1042 1607 1098 γινόμενον
1627 1040 1695 1086 ἐπ’

437 1122 605 1172 ἑωυτῷ,
635 1117 709 1161 καὶ
737 1116 815 1172 τήν
840 1116 980 1172 αἰτίην
1010 1114 1068 1160 δι’
1100 1114 1156 1171 ἣν
1185 1115 1396 1163 ἐποιέετο,
1435 1113 1699 1170 καταφεύγει

378 1281 460 1324 find
498 1283 602 1321 θεοῦ
638 1279 841 1331 μαίνεται,
899 1276 1042 1315 Bacchi

376 1343 489 1379 sacris
511 1341 676 1389 operatur
694 1336 830 1385 Deique
854 1335 954 1385 furit
986 1336 1041 1370 ἰη-

376 1401 522 1436 stinctu.
577 1393 773 1431 Instz'uctus
796 1393 913 1429 (livino
933 1392 1039 1441 spiri-

380 1460 440 1503 tu,
491 1449 759 1503 ἒμπνευσθεὶς
803 1446 883 1488 ὑπό
921 1449 1037 1494 θεοῦ,

380 1511 526 1561 saepius
554 1508 596 1547 ἐκ
628 1509 731 1545 θεοῦ
762 1505 821 1543 vel
853 1504 895 1544 ἐκ
927 1506 1038 1542 θεῶν

379 1583 451 1607 του
470 1564 705 1615 κατέχεσθαι
723 1563 928 1599 dicebatur:
959 1561 1040 1597 iun-

381 1627 518 1674 guntur
539 1628 576 1659 et
595 1633 617 1657 a
633 1619 787 1656 Platone
807 1616 1040 1666 κατέχεσθαι

381 1679 450 1720 καὶ
473 1678 700 1729 μαίνεσθαι.
729 1675 872 1711 Dantur
889 1673 1042 1722 loquen-

384 1738 422 1774 di
442 1737 580 1773 formae
601 1733 765 1770 eiusdem
790 1732 903 1768 ferme
924 1729 1042 1778 signi-

384 1794 537 1838 fiemus,
585 1783 775 1840 Διονύσῳ
824 1787 1042 1837 μαίνεσθαι

385 1853 423 1888 et
470 1845 513 1886 ἐκ
552 1841 778 1890 Διονύσου,
832 1842 872 1890 ἐξ
898 1840 1042 1895 ’Ἀρεος

383 1904 621 1958 μαίνεσθαι,
667 1900 706 1949 ἐξ
739 1897 938 1950 ’Έρωτος,
997 1897 1040 1937 ἐκ

384 1961 586 2011 Νυμφῶν.
645 1958 773 1995 Verbis
800 1957 938 1994 neutris
957 1951 1038 1994 ὖπὸ

381 2018 494 2067 longe
514 2014 676 2067 plurimis
699 2013 910 2061 adiungitur
930 2011 1040 2060 [conf.

382 2073 519 2113 Matth.
539 2073 604 2109 Gr.
629 2071 694 2107 Gr.
715 2068 750 2122 ξ.
772 2069 867 2116 496,
891 2071 927 2108 3.
946 2069 1042 2115 592,

382 2129 455 2181 a.],
494 2129 608 2166 rarius
656 2129 766 2164 verbo
813 2126 1040 2176 μαίνεσθαι.

382 2186 536 2224 Lueian.
571 2183 666 2222 Dial.
704 2183 834 2221 Deorr.
872 2182 964 2230 XII,
1005 2185 1041 2224 1.

382 2242 526 2288 XVIII,
554 2241 626 2282 2.“
673 2238 891 2277 Valet-en.

440 2350 609 2402 κατεῖσε]
639 2352 662 2389 i.
684 2364 716 2389 e.
742 2350 934 2388 collocavit.
952 2349 1045 2387 Vul-

386 2423 435 2460 go
464 2405 628 2449 ἐκάτισε.
688 2408 861 2445 Valcken.
906 2407 1043 2457 primus

387 2467 491 2504 dedit
507 2468 676 2511 κατεῖσι,·
722 2464 781 2500 alii
814 2463 935 2513 scripti
963 2462 1043 2500 libri

386 2518 545 2568 κᾶτισε,
584 2533 676 2557 unus
698 2520 856 2556 Vindob.
879 2515 1042 2558 κᾶτεισε.

387 2580 450 2616 Sic
493 2574 572 2617 εἷσε
601 2577 671 2623 ΙΙΙ,
713 2578 765 2616 61
796 2581 831 2613 et
863 2588 958 2624 quae
988 2577 1044 2613 af-

388 2636 459 2673 fert
477 2634 651 2671 Valcken.
675 2632 841 2680 Thucyd.
858 2632 947 2678 vll,
976 2634 1042 2673 82.

388 2691 513 2741 Eurip.
534 2689 722 2727 Phoeniss.
749 2687 867 2729 1195.
923 2689 1045 2736 Atque

389 2747 419 2795 1,
445 2749 518 2794 88,
548 2748 609 2784 ubi
629 2745 738 2795 vulgo
762 2740 917 2791 κάτισε,
948 2744 1045 2781 haud

390 2804 463 2841 scio
495 2816 542 2840 an
573 2804 669 2841 idem
708 2802 982 2852 reponendum,
1023 2813 1045 2838 a

389 2860 557 2899 Mediceo
583 2866 697 2911 atque
715 2858 928 2897 Florentino
956 2856 1046 2895 alla-

1094 1280 1197 1323 tum,
1226 1288 1450 1326 quamquam
1473 1276 1512 1324 1,
1543 1277 1597 1318 89
1629 1287 1756 1314 omnes

1096 1334 1203 1371 codd.
1228 1330 1404 1372 κάτισον.

1151 1385 1278 1440 κάρτα
1325 1385 1539 1440 συμφορήν
1579 1383 1755 1439 μεγάλην

1097 1442 1352 1496 ἐποιήσαντο]
1383 1447 1406 1482 ἰ.
1429 1458 1459 1482 e.
1481 1447 1672 1482 maximam
1693 1458 1754 1483 ca-

1097 1504 1291 1540 lmm‘tatem
1316 1503 1385 1538 siha·
1404 1502 1626 1548 habuerunt,
1665 1514 1756 1551 gra-

1095 1561 1185 1596 viter
1205 1560 1390 1607 indignati
1412 1562 1506 1595 sunt.
1564 1559 1754 1608 Frequens

1096 1616 1186 1653 haee
1213 1616 1310 1666 apud
1330 1614 1502 1651 Nostrum
1522 1613 1678 1661 locutio,
1706 1614 1754 1660 V,

1099 1672 1135 1712 5.
1158 1671 1224 1712 35.
1262 1671 1341 1718 Vll,
1362 1673 1440 1710 117
1461 1676 1552 1717 etc.,
1591 1672 1756 1719 itemque

1098 1729 1287 1782 συμφορῇ
1308 1729 1494 1778 χρῆσθαι,
1524 1727 1571 1765 de
1591 1739 1663 1777 quo
1680 1727 1756 1765 vid.

1095 1789 1191 1823 nott.
1212 1785 1262 1822 ad
1281 1785 1319 1831 Ι,
1355 1784 1424 1825 35.

1281 1841 1388 1891 Cap.
1419 1837 1569 1876 LXXX.

1155 1895 1196 1943 ἐς
1218 1894 1339 1947 ἤθεα]
1373 1896 1481 1934 Conf.
1511 1895 1579 1943 IV,
1610 1897 1678 1936 76.
1698 1913 1755 1923 —-

1097 1954 1208 1998 Quod
1240 1955 1405 2002 sequitur
1433 1947 1756 2002 προστησάμενοι

1095 2010 1211 2057 valet,
1238 2013 1425 2061 postquam
1448 2009 1568 2045 ducem
1588 2009 1658 2045 sibi
1675 2021 1757 2045 con-

1095 2069 1310 2114 stituerunt,
1349 2079 1378 2103 s.
1409 2068 1582 2102 crearunt.
1611 2086 1668 2092 --
1696 2064 1757 2102 De

1101 2123 1204 2161 Terz‘s
1235 2123 1383 2161 nomine
1411 2121 1586 2159 Valcken.
1626 2122 1756 2172 dispu-

1097 2185 1199 2227 tans,
1230 2179 1338 2217 affert
1355 2178 1562 2228 Thucydid.
1582 2177 1628 2225 II,
1649 2180 1703 2218 29
1719 2179 1758 2214 et

1097 2237 1218 2274 Schol.
1232 2235 1413 2286 Aristoph.
1437 2236 1473 2272 in
1484 2234 1639 2287 Acharn.
1662 2232 1756 2274 145.

1096 2313 1149 2321 —
1174 2293 1232 2330 Ad
1257 2293 1411 2329 formam
1435 2287 1686 2330 ἐπανιστέατο
1709 2289 1755 2329 cf.

1098 2348 1233 2386 Matth.
1254 2349 1319 2386 Gr.
1341 2348 1407 2385 Gr.
1425 2361 1461 2398 p.
1481 2348 1562 2387 378
1579 2350 1617 2383 et
1634 2346 1683 2383 ad
1701 2345 1756 2382 lo-

1100 2406 1283 2444 cutionem
1302 2404 1365 2449 111,
1386 2407 1451 2445 61.
1471 2405 1536 2444 62.
1561 2403 1625 2442 63.

1157 2458 1201 2501 τό
1243 2456 1457 2511 γινόμενον
1495 2453 1560 2497 ἐπ’
1602 2456 1754 2510 ἑωυτῷ]

1101 2518 1123 2555 ἱ.
1142 2531 1175 2555 e.
1203 2519 1266 2554 ubi
1287 2516 1372 2566 quid
1392 2519 1513 2552 contra
1539 2516 1652 2563 ipsum
1668 2527 1758 2563 age-

1100 2578 1219 2622 retur,
1248 2574 1418 2621 cognovit.
1455 2571 1542 2609 Non
1559 2571 1662 2608 aliter
1679 2573 1757 2609 sere

1101 2629 1187 2678 ἐπὶ,
1225 2631 1396 2667 adiuncto
1442 2628 1565 2665 dativo
1606 2628 1642 2673 l,
1680 2629 1755 2668 61:

1102 2682 1246 2738 μαθών
1265 2682 1311 2724 ro}
1334 2680 1553 2734 ποιεύμενα
1572 2681 1639 2722 ἐπ’
1660 2682 1757 2722 ἕωυ-

1101 2745 1164 2795 τῷ.
1204 2742 1298 2779 Add.
1320 2741 1379 2788 lV,
1410 2740 1499 2782 154.
1523 2740 1625 2790 [ibiq.
1645 2736 1755 2790 nott]

1100 2800 1172 2845 vl,
1204 2800 1268 2839 88.
1291 2798 1355 2838 74.
1387 2798 1474 2845 vll,
1504 2797 1598 2838 235.
1629 2796 1665 2843 1,
1687 2799 1757 2837 27.

1100 2855 1259 2895 Fischer.
1277 2855 1325 2894 ad
1344 2854 1489 2893 Weller.
1510 2854 1575 2891 Gr.
1598 2852 1665 2892 Gr.
1692 2851 1757 2900 111,

1761 1047 1844 1087 319
