1904 3304
473 240 556 280 640

642 237 974 277 HERODOTl
1034 237 1450 277 MELPOMENE.
1503 240 1564 276 lv.

158 353 214 405 ⁸¹¹¹„
249 353 304 405 ζ’ζ,
333 353 416 407 52ng
473 347 552 403 τήν
583 345 686 403 ζόην
715 345 952 398 κατέπλεξε.
1006 343 1064 396 ὠς
1089 345 1174 401 γάρ
1206 347 1257 402 δὴ
1286 345 1461 403 τάχιστα
1491 347 1537 391 ἐκ
1564 351 1639 403 τῆς
1659 352 1735 392 Λι-

468 414 599 472 βύης,
628 413 833 470 τισαμένη
859 412 964 463 τούς
981 415 1258 467 Βαρκαίους,
1298 412 1558 470 ἀπενόστησε
1586 415 1629 466 ἐς
1655 415 1735 471 τὴν

472 486 719 538 Αἴγυπτον,
757 481 950 525 ἀπέθανε
979 485 1142 532 κακῶς·
1196 486 1310 535 ζῶσα
1339 482 1421 536 γὰρ
1452 481 1613 527 εὐλέων
1644 482 1732 535 ἐξὲ-

443 555 580 603 Ξζεσε.
631 549 686 601 ὣς
716 548 800 604 ἄρα
831 547 1108 604 ἀνθρώποισι
1140 551 1185 592 αἱ
1213 551 1312 606 λίην
1342 551 1513 605 ἰσχυραὶ
1531 552 1793 606 τιμωρίαιδο

471 615 583 670 πρὸς
612 621 732 660 θεῶν
763 618 1000 673 ἐπίφθονοι
1033 619 1245 673 γίνονται.
1301 618 1329 673 ἡ
1370 618 1448 673 μὲν
1483 617 1535 673 δὴ
1568 619 1735 671 Φερετί-

468 702 550 740 μης
587 689 662 740 τῆς
704 685 876 728 Βάττεω
917 685 1098 742 τοιαύτη
1138 701 1182 729 τε
1213 684 1286 728 καὶ
1326 683 1515 741 τοσαύτη
1550 687 1734 742 τιμωρίη

470 752 635 808 ἐγένετο
666 752 707 803 ἐς
739 754 999 807 Βαρκαίους.

417 865 665 902 turi-[ulicam.
684 864 715 901 ll
731 878 766 914 p.
780 867 873 906 209.
891 863 954 915 [Ἰ
977 865 1023 901 Vl
1039 879 1075 915 p.

415 921 499 962 774
511 921 652 970 Reisk.]
675 922 857 958 Herodoti
871 922 1076 959 Pheretima

418 979 523 1024 ζῶσα
545 973 690 1016 δυ’λὲων
711 976 864 1025 ἐξέζεσε.
916 978 987 1022 Qui
1009 978 1076 1014 hoc

417 1047 552 1084 genere
590 1035 707 1072 morbi
746 1034 918 1084 perierint
954 1033 1075 1084 plures

417 1096 704 1128 enumerantura
716 1091 888 1140 Menagio
899 1091 945 1127 ad
955 1091 1076 1127 Laert.

416 1147 488 1193 lv,
529 1145 554 1186 4
594 1152 632 1184 et
670 1147 819 1184 Kuhnio
859 1148 906 1183 ad
936 1147 1076 1183 Aelian.

416 1204 460 1240 V.
489 1203 533 1239 H.
564 1203 632 1250 lV,
663 1204 716 1242 28
752 1201 873 1252 [Add.
893 1202 1076 1239 Plutarch.

416 1258 505 1308 Syll.
531 1260 599 1300 36.
648 1260 772 1296 Sturz.
799 1259 846 1296 ad
875 1258 1074 1307 Pherecyd.

414 1316 580 1365 fragmm.
612 1329 647 1365 p.
674 1317 724 1356 17
748 1328 824 1364 seq.
855 1316 921 1356 23.
954 1315 1077 1351 Boui-

415 1385 490 1419 ger.
528 1373 575 1409 de
604 1371 755 1409 Nemesi
787 1372 1002 1409 Herodotea
1039 1372 1075 1407 in

412 1428 570 1478 Ruperti
589 1433 626 1465 et
639 1428 914 1465 Sehlichthorst.
928 1427 1076 1476 Magaz.

414 1485 488 1530 ΙΙΙ,
523 1487 544 1525 1
567 1497 603 1535 p.
626 1484 691 1526 64.
719 1484 867 1522 Koeler.
889 1485 936 1521 ad
959 1485 1078 1521 Hera-

414 1541 500 1578 clid.
530 1540 638 1578 Pont.
667 1555 704 1592 p.
731 1540 824 1590 41].
864 1541 904 1577 1η
927 1540 1077 1578 Aethio-

413 1598 499 1648 piae
520 1604 631 1646 gente
649 1593 974 1648 Ἀκριδοφάγοις,
1015 1597 1077 1646 qui

417 1655 615 1692 secundum
645 1653 795 1691 Diodor.
829 1654 901 1698 ΙΙΙ,
943 1655 994 1693 29
1024 1658 1079 1690 te-

419 1711 567 1747 terrimo
587 1711 656 1747 hoe
672 1711 798 1747 morbo
818 1710 951 1760 passim
973 1710 1078 1746 adfe-

417 1768 466 1803 cti
495 1767 763 1813 moriebantur,
794 1779 867 1803 non
896 1767 1014 1816 potuit
1036 1765 1079 1801 il-

417 1822 480 1859 lud
519 1827 558 1859 ut
593 1836 712 1873 poena
742 1823 913 1859 divinitus
944 1822 1079 1858 inssicta

418 1880 661 1925 considerari3
691 1879 776 1916 mihi
800 1880 846 1916 de
868 1879 1002 1915 morbis
1025 1879 1078 1914 si-

418 1935 634 1984 milibusque
662 1948 735 1971 non
756 1935 952 1971 absurdum
976 1935 1079 1971 vide-

418 1996 478 2029 tur
504 1991 684 2028 Hieroclis
722 1991 892 2028 iudicium
923 1992 960 2027 in
991 1991 1079 2026 Sto-

419 2048 499 2085 baei
527 2047 602 2085 Eel.
637 2048 746 2097 Phys.
778 2060 860 2099 pag.
891 2050 955 2088 10.
1007 2047 1081 2084 Se-

416 2105 574 2142 cundum
631 2104 862 2140 Herodotum
920 2104 1081 2153 pessima

416 2160 544 2199 mulier
582 2161 663 2198 viva
699 2173 721 2197 a
754 2161 935 2197 vermibus
974 2173 1080 2198 erosa

417 2217 627 2254 mortalibus
658 2217 727 2253 fuit
749 2217 993 2262 documento,
1025 2214 1080 2262 ὥς

418 2271 495 2324 ἄρα
517 2268 776 2325 ἀνθρώποισι
798 2273 843 2311 αἱ
863 2273 952 2323 λίην
973 2273 1079 2323 ἰσχυ-

418 2329 484 2381 ραὶ
514 2332 697 2381 τιμωρίαι
726 2327 828 2380 πρός
854 2332 965 2368 θεῶν
996 2328 1079 2368 ἐντί-

419 2389 574 2436 φθονοι
611 2387 800 2437 γίνονται.
850 2387 910 2423 Ob
942 2386 1078 2423 Dircen

417 2442 610 2480 crudeliter
668 2447 847 2492 raptatam
896 2442 1078 2493 Antiopae

417 2500 574 2536 furorem
593 2499 764 2535 divinitus
786 2499 997 2542 immissum,
1019 2500 1079 2535 ubi

419 2556 540 2592 scribit
570 2555 726 2592 Pausan.
754 2554 816 2600 lX,
847 2558 896 2595 17
929 2553 981 2605 [ἓ.
1000 2554 1079 2604 IVJ,

419 2613 599 2661 expressit
623 2611 712 2649 haee
746 2612 854 2647 etiam
885 2611 1079 2655 Herodoti,

419 2669 490 2704 ista
508 2669 744 2705 interserens:
774 2666 995 2715 ἐπίφθονοι
1017 2663 1079 2705 olel

420 2739 505 2770 πως
533 2721 639 2775 παροῖ
669 2725 780 2762 θεῶν
801 2723 845 2761 αἱ
860 2722 1079 2774 ὑπερβολαὶ

420 2782 500 2819 ταῖν
531 2782 732 2833 τιμωριῶν
763 2779 849 2819 εἰσι.
891 2781 1078 2829 Superbos

1133 868 1172 902 et
1194 863 1357 901 crudeles
1387 863 1418 899 si
1447 862 1548 900 lento
1571 864 1669 913 pede
1692 863 1792 902 Deus

1133 921 1295 969 sequitur
1334 919 1451 966 ultor,
1491 925 1614 957 tamen
1641 917 1661 960 ὁ
1691 916 1793 966 Ζεὺς

1132 977 1287 1016 κατεῖδε
1305 972 1464 1027 χρόνιος
1488 975 1543 1022 εἰς
1560 972 1631 1023 τοὶς
1651 975 1795 1026 διφθέ-

1134 1035 1254 1084 ρας.“
1293 1033 1352 1070 Tu
1383 1033 1456 1069 vid.
1479 1037 1571 1069 nott.
1594 1033 1642 1069 ad
1669 1033 1709 1079 Ι,
1739 1035 1792 1073 32

1134 1091 1203 1135 ΙΙΙ,
1230 1092 1297 1130 40.

1190 1147 1293 1191 ζῶσα
1313 1141 1387 1194 γάρ
1409 1139 1552 1182 εὐλέων
1575 1142 1742 1195 ἐξέζεσε]
1769 1145 1793 1182 i.

1132 1215 1164 1239 e.
1180 1203 1371 1238 etiamnum
1388 1202 1507 1236 vivens
1523 1203 1653 1237 scatuz't
1670 1203 1795 1238 vermi-

1132 1258 1214 1304 bus,
1244 1258 1374 1307 quibus
1405 1256 1478 1293 scil.
1505 1258 1624 1306 periit.
1679 1256 1794 1294 Adhi-

1133 1315 1215 1351 buit
1262 1312 1414 1350 Wessel.
1455 1312 1669 1350 Tertulliani
1706 1313 1795 1350 illud

1133 1370 1190 1407 Ad
1209 1369 1356 1419 Scapul.
1379 1371 1422 1408 3:
1466 1381 1542 1405 cum
1564 1371 1648 1406 viva
1669 1371 1797 1406 vermi-

1134 1428 1197 1463 bus
1214 1427 1400 1463 ebullisset.
1437 1424 1496 1462 Ad
1514 1425 1670 1462 Pausan.
1684 1427 1747 1472 lx,
1768 1427 1796 1465 7

1134 1480 1171 1534 §.
1193 1486 1230 1523 2.
1255 1485 1301 1529 3,
1332 1482 1393 1519 ubi
1415 1482 1510 1519 idem
1529 1483 1678 1520 morbus
1697 1494 1796 1519 com-

1134 1544 1367 1577 memoratur.
1399 1538 1470 1575 Pro
1494 1537 1638 1586 ἐξέζεσε
1658 1538 1693 1575 in
1710 1539 1798 1576 Flo-

1133 1597 1275 1633 rentino
1320 1596 1473 1644 aliisque
1522 1595 1645 1641 ἔξεσε,
1694 1595 1797 1644 quod

1134 1652 1230 1689 idem
1254 1652 1353 1701 apud
1369 1651 1519 1688 Lucian.
1541 1652 1577 1688 in
1599 1651 1795 1688 Alexandr.

1135 1708 1271 1745 Pseud.
1294 1708 1346 1747 59
1377 1706 1445 1753 (Τ.
1466 1708 1499 1743 V
1528 1720 1565 1758 p.
1589 1709 1668 1747 117
1690 1707 1796 1756 Bip.)

1135 1768 1172 1802 et
1191 1765 1309 1801 Exod.
1330 1762 1434 1807 XVI,
1465 1766 1531 1804 20.
1574 1763 1684 1814 Apud
1701 1762 1796 1801 Dio-

1134 1834 1220 1870 gen.
1251 1820 1375 1858 Laert.
1398 1819 1469 1866 lv,
1499 1818 1525 1859 4
1553 1823 1672 1857 exstat
1697 1817 1796 1865 ἐκζέ-

1136 1889 1213 1915 σαι.
1234 1899 1279 1904 -
1306 1876 1347 1912 ln
1368 1878 1530 1926 proxime
1550 1888 1630 1925 sqq.
1651 1888 1718 1925 pro
1741 1873 1796 1922 ω”ς

1135 1930 1228 1983 ἄρα,
1249 1937 1287 1969 ut
1305 1931 1425 1981 vulgo,
1438 1932 1524 1969 dedi
1535 1945 1613 1969 cum
1625 1932 1794 1981 Schwgh.

1135 1995 1173 2026 et
1191 1990 1307 2026 Gaisf.
1333 1984 1386 2034 ὥς
1412 1985 1452 2040 (i.
1471 2001 1503 2026 e.
1524 1984 1672 2036 οὕτως)
1695 1985 1794 2039 ἄρας

1137 2059 1220 2082 nam
1239 2058 1364 2082 sensus
1385 2051 1457 2082 est:
1475 2044 1536 2081 Ita
1555 2047 1719 2082 nimirum
1739 2046 1795 2080 ηἰ-

1136 2104 1209 2139 mia
1241 2102 1331 2138 ultio
1353 2102 1558 2138 mortalibus
1586 2104 1626 2138 in
1662 2100 1794 2138 malum

1138 2159 1244 2205 cellit,
1269 2171 1305 2194 eo
1323 2159 1413 2208 quod
1427 2159 1566 2195 deorum
1588 2159 1721 2195 excitat
1738 2158 1795 2194 in-

1136 2216 1282 2254 vidiam.
1328 2214 1390 2252 Tu
1408 2217 1505 2252 conf.
1526 2228 1636 2265 supra
1657 2217 1793 2251 notata.

1173 2270 1202 2323 ’ἡ
1221 2270 1292 2321 μὲν
1313 2268 1363 2321 δή
1380 2272 1597 2322 Φερετίμης
1613 2272 1686 2320 τῆς
1695 2265 1795 2307 Βάτ-

1136 2328 1225 2379 τεω]
1256 2327 1375 2376 Vulgo
1399 2328 1596 2378 accipiunt:
1637 2326 1794 2363 Phereti-

1136 2399 1223 2431 mae,
1244 2384 1490 2434 Buttlfiliae3
1521 2384 1621 2433 quod
1644 2382 1795 2420 Wesse·

1137 2443 1248 2490 lingio
1266 2454 1307 2478 ac
1318 2440 1502 2478 Larchero
1519 2438 1699 2489 displicet,
1713 2451 1792 2475 cum

1135 2499 1237 2536 Batti
1255 2497 1313 2533 illa
1327 2498 1434 2534 suerit
1444 2509 1545 2541 uxor,
1558 2508 1631 2532 non
1642 2495 1743 2544 filia,
1754 2499 1794 2532 ut

1799 0 1904 397 2⁷2³

1898 869 1904 912 ἆ

1137 2568 1180 2592 ex
1205 2553 1264 2599 Ν,
1292 2556 1370 2593 162
1390 2557 1526 2602 pateat.
1578 2552 1625 2588 At
1642 2551 1791 2601 poterit,
1834 2585 1840 2591 ,

1136 2624 1231 2660 quae
1247 2610 1358 2646 Batto
1384 2610 1491 2645 fuerit
1522 2612 1637 2658 nupta
1649 2636 1659 2653 ‚
1701 2607 1791 2644 alius

1136 2668 1286 2715 eiusque
1294 2665 1422 2715 prioris
1434 2665 1533 2701 Batti
1543 2678 1562 2702 e
1575 2664 1793 2713 regiaCyre-

1136 2735 1307 2760 naeorum
1322 2721 1434 2771 stirpe
1451 2721 1631 2771 perhiberi
1644 2719 1727 2758 filia.
1739 2740 1790 2747 -

1137 2780 1208 2816 Pro
1223 2773 1376 2816 Ba'rrsm
1397 2782 1471 2815 tres
1494 2778 1573 2815 libri
1584 2776 1790 2815 Βατταίου.

687 2845 995 2890 ἹΣΤΟΡΙιΩΝ
1043 2845 1388 2890 ἩΡΟΔΟΤΟΓ
1440 2844 1506 2887 Δ.
