1904 3304
64 894 162 939 120

608 206 964 247 THALIA.
1025 206 1084 246 111.
1390 207 1475 247 217

206 320 367 369 ἐθέλοι,
398 319 470 361 καὶ
500 318 629 362 τέκνα
661 318 794 367 ἄλλα,
827 319 863 362 εἰ
893 321 1029 361 ταῦτα
1062 313 1350 370 ἀποβάλοιμι·
1396 330 1476 357 πα-

204 389 304 446 τρὸς
335 389 379 433 δὲ
408 390 480 433 καὶ
510 390 672 446 μητρὸς
705 388 788 433 οὐκ
820 390 880 433 ἔτι
902 405 982 445 μευ
1012 386 1234 442 ζωόντων,
1266 384 1532 440 ἀδελφεὸς4ο

206 462 261 504 ἂν
289 460 420 513 ἄλλος
458 460 605 505 οὐδενὶ
644 461 792 520 τρόπῳ
834 461 1017 516 γένοιτο.
1076 456 1212 514 ταύτῃ
1244 460 1297 514 τῇ
1326 455 1476 513 γνώμῃ

175 533 452 589 9χρεωμὲνη,
497 533 614 586 ἔλεξα
653 538 799 576 ταῦτα.
817 539 840 557 “
899 526 968 575 Εὖ
996 547 1039 574 τε
1071 529 1122 586 δὴ
1155 529 1270 580 ἔδοξε
1299 532 1360 585 τῷ
1388 532 1476 570 Δα-

205 605 305 661 ρείῳ
346 606 481 647 εἰπεῖν
521 603 546 660 ἡ
586 605 722 660 γυνὴ,
768 606 841 648 καί
879 605 922 646 οἱ
963 601 1099 658 ἀπῆκε
1129 599 1289 644 τοῦτόν
1318 615 1362 642 τε
1401 599 1479 642 τὸν

204 676 474 730 παραιτέετο,
502 677 575 720 καὶ
593 681 679 721 τῶν
699 678 868 720 παίδων
890 674 968 719 τὸν
987 672 1298 728 πρεσβύτατον,
1328 670 1479 728 ἡσθεὶς

208 745 346 801 αὐτῇ·
392 747 497 799 τοὺς
529 749 574 792 δὲ
605 748 763 799 ἄλλους
794 745 1015 790 ἀπέκτεινε
1047 743 1225 795 πάντας.
1282 747 1372 786 τῶν
1402 742 1533 798 μὲν45

210 817 261 874 δή
292 817 395 861 ἑπτὰ
428 816 485 870 εἷς
516 817 670 862 αὐτίκα
699 819 846 875 τρόπῳ
878 821 939 875 τῷ
968 816 1175 874 εἶρημὲνῳ
1208 813 1439 858 ἀπολώλεε.

319 889 442 933 Κατὰ
485 889 530 933 δέ
568 907 651 933 κου
693 889 880 946 μάλιστα
917 887 998 944 τὴν
1028 885 1272 942 Καμβύσεω
1314 889 1480 929 νοῦσον
1539 885 1641 912 θῐοθῑῑ
1700 883 1814 911 Persae

1560 919 1692 946 raefecto
1742 917 1813 943 Sar-

209 959 370 1014 ἒγὲνετο
401 960 514 1004 τάδε.
551 960 662 1004 ‘Yazd
695 961 850 1016 Κύρου
880 959 1166 1008 κατασταθεὶς
1194 953 1252 1014 ἦν
1273 958 1480 1009 Σαρδίων
1559 950 1814 980 “¹¹¹¹¹¹¹V³³¹¹⁸¹'⁰‘

1538 989 1689 1022 moratos,
1709 993 1743 1012 ex
1763 992 1814 1018 op-

1537 1020 1679 1056 probrio,
1735 1017 1815 1053 quod

183 1031 412 1087 Ωὕπαρχος
438 1031 654 1090 Ὀροίτης,
685 1031 796 1089 ἀνὴρ
830 1031 1016 1087 Πέρσης.
1078 1024 1207 1080 οὗτος
1235 1026 1479 1083 ἐπεθύμησε
1537 1055 1592 1090 ipsi
1616 1055 1731 1081 fecerat
1757 1051 1816 1078 Mi-

1544 1088 1674 1116 trnbates
1729 1093 1802 1121 prae
1809 1100 1816 1105 -

209 1101 457 1159 πρήγματος
496 1103 580 1147 οὐκ
624 1102 773 1148 ὁσίου·
828 1103 927 1147 οὔτε
965 1101 1049 1158 γάρ
1090 1118 1131 1144 τι
1175 1099 1336 1144 παθών
1376 1098 1801 1155 013't550s001usngsc5111‚

211 1171 406 1225 ἀκούσας
435 1174 621 1231 μάταιον
663 1176 765 1226 ἔπος
802 1174 915 1229 πρὸς
948 1170 1253 1226 Πολυκράτεος
1284 1174 1365 1215 τοῦ
1394 1174 1485 1213 Ea·

212 1246 339 1300 μίου,
384 1247 484 1290 οὔτε
516 1247 622 1291 ἰδών
652 1246 885 1302 πρότερον,
928 1243 1137 1301 ἐπεθύμεε
1166 1243 1317 1300 λαβὼν
1348 1240 1483 1285 αὐτόν

158 1377 204 1414 D.
232 1377 318 1413 furti
347 1377 448 1414 istius
488 1377 719 1414 Herodotum
760 1389 819 1414 ar-

159 1433 282 1482 guit.“
327 1433 368 1469 ln
408 1434 562 1471 eandem
600 1434 819 1470 sententiam

158 1491 321 1538 disputat
337 1490 430 1526 adh.
452 1490 472 1526 l.
494 1489 604 1526 Italus
627 1491 817 1539 interpres.

160 1546 267 1582 conf.
287 1546 509 1594 wesseling.
529 1546 627 1583 Diss.
652 1546 818 1582 Herodd.

158 1615 244 1653 pag.
270 1603 348 1643 175
368 1615 445 1651 seq.
476 1607 512 1640 et
539 1616 650 1653 supra
672 1603 718 1639 ad
744 1602 771 1648 l,
793 1606 818 1642 2

160 1664 253 1695 nott.
285 1680 340 1686 —
372 1658 430 1695 Ad
473 1654 655 1706 ζωόντων
694 1660 819 1696 confer

159 1713 292 1752 Matth.
315 1715 382 1752 Gr.
401 1716 467 1752 Gr.
491 1728 576 1767 pag.
597 1714 690 1756 824.

216 1768 311 1817 τούς
350 1769 393 1810 δὲ
433 1769 576 1818 ἄλλους
614 1767 819 1811 οἷπὲκτεινε

161 1823 328 1877 πάντας]
363 1828 448 1874 „De
460 1829 529 1866 hnc
548 1830 641 1865 duro
655 1842 754 1866 more
774 1829 821 1865 cf.

161 1884 413 1932 Lindenbrog.
443 1890 479 1922 et
504 1885 626 1922 Vales.
660 1886 708 1922 ad
736 1884 824 1921 Am-

164 1942 272 1977 mian.
308 1940 506 1978 Marcellin.
536 1941 673 1987 xxm,
701 1944 737 1982 6.
767 1943 816 1981 81

165 1997 211 2034 Τ.
239 1996 271 2032 11
301 2009 337 2046 p.
359 1999 410 2038 61
436 2010 513 2047 seq.
540 1998 597 2034 ed.
625 1998 760 2047 Wagn.
784 2002 821 2035 et

165 2053 269 2090 Erf.“
300 2052 367 2089 Cr.

361 2143 392 2180 C
406 2157 427 2181 a
438 2158 473 2195 p.
509 2144 624 2181 CXX.

221 2221 386 2275 ἐγένετο]
417 2222 564 2272 Aliquot
594 2223 674 2260 libri
701 2221 824 2273 ἐγίνε-

166 2295 221 2318 το.
251 2279 436 2317 Aoristum
467 2281 626 2330 praefert
655 2279 824 2328 Schwgh.

166 2336 233 2373 hoe
253 2349 382 2374 sensu:
413 2337 606 2374 acciderat.

229 2393 411 2443 Σαρδίων
465 2389 722 2444 ὕπαρχος]
769 2392 828 2431 De

170 2452 340 2499 satrapa,
371 2450 511 2500 opinor,
541 2450 826 2499 intelligendum.

171 2506 276 2542 conf.
307 2506 378 2554 lii,
418 2509 509 2546 126.
544 2509 634 2548 128.
668 2507 828 2544 Heeren.

173 2560 283 2598 ldeen
306 2561 334 2608 l,
357 2566 375 2602 1
405 2576 492 2613 pag.
516 2563 597 2605 492
618 2564 702 2609 aiia,
733 2575 828 2612 quae

173 2617 222 2652 ud
257 2617 404 2656 etesiae
433 2621 599 2670 fragmm.
630 2633 715 2672 pag.
749 2621 823 2660 121

175 2684 252 2720 seq.
272 2675 407 2712 notavi.

227 2724 415 2779 Ὀροίτης]
436 2732 540 2769 Unus
557 2732 649 2769 liber
663 2725 827 2782 Ὀρίτης.

174 2783 285 2834 Apud
320 2785 407 2822 alios
437 2789 627 2838 scriptores
653 2789 830 2838 reperitur

172 2836 372 2893 Ὀρόντης,
388 2843 435 2881 de
454 2856 526 2893 qua
545 2845 721 2895 scriptura
742 2857 829 2881 con-

876 1375 1011 1413 sulatur
1034 1373 1288 1411 Hemsterhus.
1318 1372 1366 1409 ad
1388 1370 1539 1408 Lucidn.

877 1430 1085 1482 Contempl.
1118 1429 1169 1470 14
1199 1430 1247 1467 Τ.
1269 1429 1320 1465 ΙΙΙ
1349 1441 1434 1479 pag.
1458 1428 1540 1467 396

875 1490 978 1539 Bip.‚
1009 1488 1069 1537 qui
1096 1491 1290 1535 utramque
1326 1485 1542 1535 scripturam

876 1546 912 1581 in
938 1544 1089 1582 diversis
1119 1543 1356 1592 scriptoribus
1382 1541 1543 1578 retinen-

876 1602 960 1638 dam
983 1614 1064 1638 esse
1074 1598 1435 1649 censet‚praesertim
1458 1609 1538 1633 cum

875 1657 1078 1706 Polycratis
1112 1656 1263 1692 historia
1291 1667 1365 1691 non
1390 1666 1540 1704 prorsus

877 1714 981 1751 simili
997 1714 1106 1750 modo
1130 1714 1176 1749 ab
1194 1712 1362 1749 omnibus
1377 1711 1542 1747 videatur

879 1784 959 1808 esse
981 1773 1164 1807 enarrata.
1203 1769 1262 1805 Ad
1289 1780 1412 1805 vocem
1434 1762 1544 1812 Γόσιος

879 1829 915 1864 in
945 1840 1049 1876 seqq.
1075 1825 1141 1865 Cr.
1179 1825 1315 1862 consuli
1344 1824 1419 1861 vult
1445 1823 1543 1860 Dor-

881 1883 963 1920 v‘zlle
991 1884 1038 1919 ad
1069 1882 1258 1920 Chariton.
1289 1894 1372 1931 pag.
1396 1881 1478 1921 267
1504 1882 1543 1917 et

879 1940 1041 1978 Bekker.
1068 1937 1233 1976 Anccdd.
1257 1951 1341 1989 pag.
1365 1939 1461 1978 288.

937 1992 1028 2034 οὔτε
1064 1991 1139 2046 γάρ
1169 2010 1204 2033 τι
1226 1991 1374 2033 παθών
1394 2015 1447 2020 -—
1469 1986 1544 2042 μοί-

878 2066 992 2091 ταιον
1025 2050 1141 2100 ἔπος]
1186 2052 1210 2088 i.
1238 2064 1270 2088 e.
1300 2063 1409 2098 neque
1440 2048 1545 2098 sacto

880 2109 953 2145 ullo
977 2121 1084 2157 neque
1111 2108 1210 2144 verbo
1238 2107 1447 2155 (conviciis)
1471 2105 1545 2141 lae-

882 2179 941 2202 sus
965 2178 988 2200 α
1012 2163 1213 2214 Polycrate.
1245 2162 1304 2199 Ad
1321 2175 1445 2200 vocem
1470 2156 1546 2213 μοῖ-

882 2236 990 2268 ταιος
1006 2222 1101 2258 conf.
1116 2221 1195 2267 vn,
1211 2222 1273 2262 15.
1294 2219 1373 2256 coll.
1398 2221 1462 2265 13,
1487 2217 1547 2254 ubi

882 2291 949 2330 pro
981 2290 1024 2315 eo
1052 2278 1235 2315 invenitur
1260 2271 1408 2324 οἷεικής.
1446 2274 1545 2311 Add.

883 2335 929 2382 ll,
955 2333 1125 2381 118.111‚
1149 2336 1211 2375 10.
1237 2335 1302 2375 56.
1325 2332 1392 2374 65.
1415 2330 1475 2368 Ad
1487 2344 1547 2368 ar—

883 2395 1096 2441 gumentum
1124 2391 1218 2428 conf.
1243 2389 1395 2428 Diodor.
1419 2387 1548 2435 (XXI)

884 2448 931 2486 T.
952 2448 985 2485 II
1006 2461 1041 2498 p.
1064 2447 1146 2488 557
1163 2447 1331 2493 wessel„
1354 2445 1453 2482 unde
1474 2444 1548 2481 Po-

885 2505 1059 2554 lycratem
1085 2517 1174 2541 sane
1206 2503 1295 2553 quid
1327 2501 1549 2540 commisisse

887 2561 1070 2598 discimus.
1092 2559 1190 2598 Nam
1202 2559 1342 2608 Lydos,
1352 2559 1413 2608 qui
1423 2558 1547 2595 Oron-

884 2619 931 2655 tis
950 2617 1140 2667 imperinm
1164 2617 1253 2653 satis
1277 2628 1389 2665 grave
1409 2627 1482 2663 quo
1495 2614 1550 2650 ef-

884 2675 1067 2723 fugerent,
1089 2674 1236 2709 Samum
1258 2685 1298 2710 se
1320 2672 1548 2720 receperant,

885 2730 1088 2767 humaniter
1097 2729 1243 2778 quidem
1260 2728 1453 2778 recepisse,
1467 2736 1549 2762 mox

885 2800 972 2824 vero
1005 2799 1068 2824 eos
1096 2786 1322 2823 interfecisse
1351 2793 1549 2831 eorumque

887 2843 1018 2894 opibus
1038 2843 1174 2893 potitus
1195 2854 1276 2880 esse
1301 2841 1440 2878 dicitur.
