1904 3304
558 233 905 272 THALIA.
966 234 1027 272 lll.

129 351 150 385 3
160 345 303 399 θῆναι.

1341 236 1425 277 227

372 340 631 394 ἀποκτείνας
670 344 717 387 δέ
757 360 833 399 μιν
881 341 967 387 οὐκ
1008 342 1137 396 ἀξίως
1185 341 1480 401 ἄπηγήσιος35

148 412 367 468 Ὀροίτης,
404 411 720 470 ἀνεσταύρωσε.
779 419 868 458 τῶν
906 415 952 458 δέ
995 416 1039 458 οἱ
1070 413 1295 470 ἑπομένων
1325 414 1424 460 ὅσοι

150 486 228 542 μὲν
265 479 379 541 ἦσαν
420 484 609 540 Σάμιοι,
661 484 821 543 οἷπῆκε,
867 485 1060 530 κελεύων
1099 486 1236 543 σφέας
1277 486 1425 545 ἑωυτῷ

148 554 278 611 χάριν
323 554 507 604 εἰδέναι,
556 557 710 609 ἐόντας
754 557 1037 613 ἐλευθέρους·
1087 557 1187 601 ὅσοι
1227 557 1274 602 δὲ
1313 553 1425 614 ἦσαν

149 627 283 679 ξεῖνοί
310 641 354 669 τε
383 627 458 670 καὶ
488 629 641 672 δοῦλοι
670 633 758 673 τῶν
787 627 1027 684 ἑπομένων,
1055 625 1102 669 ἐν
1132 625 1424 683 ἀνδραπόδων

118 695 263 754 4λόγῳ
301 697 561 755 ποιεύμενος
600 698 693 757 εἶχε.

766 697 1057 754 Πολυκράτης
1096 698 1142 742 δὲ
1181 697 1425 757 ἀνακρεμά-

149 784 304 825 μενος,
366 771 553 816 ἐπετέλεε
599 775 744 816 πᾶσαν
790 771 871 828 τήν
915 769 1021 819 ὄψιν
1066 773 1143 825 τῆς
1183 771 1481 828 &maneos-40

149 842 304 886 ἐλοῦτο
337 841 416 898 μὲν
443 842 527 899 γαρ
556 841 644 886 ὑπὸ
674 847 757 888 τοῦ
777 842 885 895 Διὸς
916 841 1030 893 ὅκως
1057 840 1154 893 ὕοι,
1184 841 1347 898 ἐχρίετο
1378 843 1424 888 ὁὲ

94 1010 220 1060 S)lb.:
251 1005 563 1073 μεγαλοπρέπεια
584 1006 640 1056 δὲ,
666 1004 757 1061 οἷρε-

95 1082 143 1118 τη
183 1066 226 1106 ἐν
266 1061 526 1117 δαπανήμασι
563 1064 760 1118 μεγέθους

94 1121 305 1175 ποιητικὴ,
347 1123 593 1189 μικροψυχία
623 1121 665 1162 δὲ
692 1122 760 1162 καὶ

97 1179 382 1232 μικροπρέπεια
404 1175 604 1218 τοῖναντία.
655 1180 761 1224 Quae

97 1249 169 1274 una
192 1251 270 1274 cum
289 1237 367 1274 aliis
386 1235 507 1273 attulit
519 1236 691 1273 Creuzer.
713 1237 761 1272 ad

99 1293 230 1330 Plotin.
250 1295 296 1330 de
313 1293 455 1344 pulerit.
479 1305 563 1342 pag.
582 1294 677 1332 239.
709 1292 762 1330 Ut

99 1350 211 1398 igitur
256 1347 541 1401 μικροπρέπεια
574 1349 763 1385 illiberali-

100 1410 168 1453 Ῡαε,
202 1406 250 1442 ita
270 1403 583 1458 μεγαλοπρέπεια
602 1405 762 1442 liberale·-

99 1467 156 1498 tas
186 1475 228 1499 ea
258 1468 338 1510 est,
370 1475 464 1512 quae
492 1462 529 1498 in
558 1462 762 1511 magnificis

96 1518 201 1556 sactis
226 1518 379 1556 dictisve
407 1517 524 1556 elucet
545 1518 763 1568 magnisque

97 1576 135 1612 in
158 1575 462 1624 cogitationibus·‚
492 1575 623 1623 quibus
652 1588 759 1612 nemo

96 1630 324 1680 Polycratem
377 1632 597 1679 antecessit,
662 1636 761 1669 teste

97 1687 305 1735 Herodoto,
336 1689 434 1725 cuius
457 1688 627 1725 iudicium
650 1688 761 1725 veris-

99 1745 226 1780 simum
254 1757 334 1782 esse
362 1746 577 1795 pronuntiat
594 1745 762 1782 Panoska

99 1801 271 1837 Samiorr.
301 1801 376 1838 Res
413 1814 497 1851 pag.
529 1799 597 1847 43,
629 1801 658 1838 si
686 1801 762 1838 scil.

99 1858 253 1893 virtutes
277 1857 343 1893 viri
374 1858 588 1906 animusque
619 1862 658 1895 et
686 1859 760 1894 for-

103 1913 261 1948 tissimus
285 1916 321 1949 et
346 1913 663 1962 prudentissimus,
699 1913 763 1950 ali-

100 1972 239 2017 quanto
260 1969 405 2016 quidem
432 1970 539 2007 etiam
561 1970 678 2006 minus
707 1970 762 2006 iu-

103 2028 192 2071 stus,
222 2025 287 2061 sed
313 2029 483 2061 constans
505 2026 542 2062 in
563 2026 762 2077 propositis

101 2079 303 2117 consiliisve
324 2082 603 2119 contendantur.

159 2131 233 2175 οὐκ
264 2132 383 2184 α’ξίως
414 2133 657 2190 ἆπηγήσιος]
689 2137 764 2175 Lo-

102 2194 285 2231 cutionem
321 2194 480 2231 imitatus
515 2199 570 2232 est
600 2195 762 2232 Pausan.

101 2249 165 2296 lll,
189 2252 236 2289 11
273 2248 310 2300 §.
335 2252 368 2296 l,
401 2251 460 2287 ubi
491 2252 564 2288 vid.
597 2251 763 2289 Siebelis.

103 2306 239 2343 Auctor
265 2310 321 2344 est
348 2308 482 2343 Strabo
502 2308 600 2355 XIV,
625 2311 644 2348 1
676 2321 762 2358 pag.

105 2364 185 2401 638
207 2376 233 2398 s.
253 2362 335 2403 945
356 2364 397 2400 C.
430 2363 654 2413 Polycratem
678 2365 762 2401 dolo

105 2423 251 2468 captum
264 2419 490 2457 aPersarum
513 2425 660 2471 satrapa
683 2433 764 2458 sus-

105 2486 255 2523 pensum
283 2488 375 2513 esse.
433 2476 482 2513 At
497 2477 591 2514 cruci
617 2478 764 2515 affixum

108 2541 187 2566 esse
226 2525 660 2585 (ἀνασκολοπισθῆναι)
690 2534 764 2571 Po·

107 2584 142 2634 ly
146 2590 280 2623 cratem
300 2592 336 2624 et
356 2588 534 2627 Lucianus
555 2590 764 2640 Contempl.

108 2639 143 2690 ἓ.
169 2640 218 2681 14
245 2655 280 2692 p
301 2644 348 2682 51
381 2644 429 2681 T.
450 2646 498 2682 lll
526 2647 608 2696 Bip.
634 2651 671 2684 et
692 2647 764 2684 Dio

109 2696 271 2746 ΟΙπ)505
273 2703 359 2735 tom.
393 2700 459 2738 Or.
484 2702 587 2739 XVII
618 2716 652 2753 p.
681 2704 760 2744 251

107 2754 269 2790 tradunt.
359 2755 480 2804 Ipsum
541 2759 766 2809 supplicium,

109 2810 208 2857 quod
237 2810 450 2849 Herodotus
476 2813 589 2850 relatu
613 2816 766 2864 dignum

109 2870 235 2915 negat,
266 2867 417 2916 insignis
441 2869 550 2907 fuisse
571 2872 767 2910 crudelita-

814 1009 881 1055 tis,
911 1008 969 1046 vix
996 1007 1109 1046 dubio
1137 1011 1247 1046 caret.
1309 1007 1480 1046 Excoria-

814 1067 951 1104 tionem
972 1066 1084 1103 fuisse
1101 1066 1305 1116 suspicatur
1324 1065 1480 1103 lVessel.

817 1136 896 1160 cum
919 1123 991 1159 Cas
995 1123 1127 1159 aubon.
1150 1121 1321 1159 Exercitt.
1344 1122 1392 1158 ad
1404 1120 1482 1159 An-

817 1179 898 1217 nall
931 1179 1066 1215 Baton.
1096 1179 1183 1215 XVI
1214 1191 1250 1228 p.
1277 1178 1379 1224 6153
1409 1192 1482 1228 qua

818 1236 966 1285 quidem
995 1235 1031 1272 in
1061 1234 1289 1284 Polycratem
1315 1235 1388 1272 sint
1417 1236 1482 1272 ab·

818 1293 897 1338 usi,
928 1293 1065 1342 quippe
1101 1305 1180 1329 cum
1220 1290 1355 1329 Persae
1387 1293 1482 1329 cruci

820 1349 1035 1396 suffigendis
1090 1349 1211 1398 capita
1269 1352 1482 1398 amputasse

819 1409 881 1442 aut
903 1404 1032 1455 pellem
1055 1405 1255 1442 detraxisse
1279 1404 1482 1442 videantur

820 1461 959 1505 Quod
951 1473 988 1497 in
1011 1461 1207 1511 Bagapate
1232 1461 1367 1498 sactum
1387 1474 1482 1515 esse,

819 1518 964 1555 Ctesias
987 1517 1074 1554 Exc.
1094 1518 1214 1554 Perss.
1236 1514 1273 1567 ἓ.
1296 1516 1349 1556 59
1375 1530 1483 1555 enar-

818 1578 887 1611 rat.
946 1573 1028 1611 Alia
1045 1574 1146 1610 dabit
1158 1574 1322 1610 Brisson.
1334 1573 1381 1611 de
1401 1587 1481 1623 reg.

817 1631 920 1668 Pers.
940 1630 1094 1681 princip.
1114 1630 1160 1677 ll,
1186 1629 1280 1672 215.
1300 1633 1394 1671 217.
1424 1631 1483 1670 De

816 1692 1007 1737 tempore,
1039 1700 1111 1736 quo
1142 1686 1352 1737 Polycrates
1379 1687 1482 1736 obiit,

818 1744 971 1781 diximus
994 1744 1041 1780 ad
1064 1743 1125 1792 ill,
1150 1745 1242 1784 121,

875 1823 962 1867 ’ὅσοι
984 1824 1056 1878 μὲν
1075 1820 1179 1876 ἦσαν
1192 1822 1355 1879 Σάμιοι]
1377 1822 1484 1880 ἦσαν

818 1885 905 1935 (pro
930 1883 1043 1933 ἔσαν)
1063 1889 1099 1921 et
1120 1884 1155 1920 h.
1177 1883 1197 1920 l.
1222 1890 1257 1922 et
1279 1885 1386 1934 paulo
1397 1891 1483 1936 post

819 1941 1000 1991 rescripsi,
1029 1941 1214 1977 codicibus
1245 1940 1294 1978 sic
1324 1942 1482 1980 iubenti-

820 1997 898 2034 bus.
957 1997 1015 2034 De
1044 2009 1109 2033 usu
1139 1997 1322 2047 participii
1342 1999 1378 2035 in
1403 2012 1484 2037 ver-

820 2054 895 2090 bis:
928 2048 1064 2099 ἐόντας
1089 2051 1325 2103 ἒλευθέρους
1345 2055 1482 2092 consul.

821 2110 1001 2147 Matthiae
1022 2109 1088 2145 Gr.
1110 2109 1176 2145 Gr.
1198 2112 1416 2159 pag.1088
1428 2133 1484 2138 —

821 2166 879 2202 Ad
897 2164 1043 2203 verba'
1026 2180 1068 2204 εν
1091 2160 1357 2215 α’νὸραπόὸων
1377 2163 1483 2222 λόγῳ

821 2222 896 2259 vid.
917 2227 1010 2259 nott.
1030 2222 1078 2259 ad
1097 2221 1163 2266 ΙΙΙ,
1194 2224 1279 2262 121.

879 2303 1122 2356 ἐπετέλεε]
1151 2307 1286 2353 „Confi
1299 2319 1407 2357 supra
1419 2306 1483 2354 Ill,

825 2363 924 2405 124:
946 2361 1119 2402 ἐπιτελέα
1131 2367 1169 2400 et
1188 2363 1215 2409 l,
1227 2361 1299 2404 43:
1325 2362 1484 2414 ἐξέπλη-

822 2432 864 2459 σε
882 2422 955 2459 τοῦ
973 2414 1133 2472 ὀνείρου
1152 2415 1225 2469 τήν
1246 2415 1400 2471 φήμην.
1425 2421 1483 2457 Cf.

820 2477 871 2513 Vl
886 2505 897 2523 ‚
939 2476 1020 2517 140
1061 2481 1097 2514 et
1133 2476 1267 2514 adhibe
1307 2476 1483 2514 Valcken.

821 2532 957 2570 scholia
984 2533 1022 2569 in
1048 2532 1095 2570 N.
1119 2532 1166 2570 T.
1200 2530 1263 2583 (A.
1285 2532 1328 2570 A.
1355 2546 1433 2583 cap.
1461 2536 1480 2573 1

820 2603 871 2626 vs.
896 2590 947 2630 15
966 2602 1055 2639 pag.
1070 2589 1173 2636 321)
1194 2589 1317 2639 ibique
1340 2590 1387 2627 de
1403 2588 1486 2628 ε’πι-

821 2644 1036 2694 τελέεσθαι,
1055 2644 1163 2691 τέλος
1188 2658 1216 2683 5.
1236 2645 1360 2697 πέρας
1371 2644 1484 2696 ἔχειν,

822 2702 1022 2750 ἐξελθεῖν,
1051 2698 1226 2752 ἐξήκειν,
1256 2701 1484 2750 ἐκπεραίνε-

823 2763 922 2798 σθαι
946 2764 984 2797 et
1004 2761 1322 2809 πληρωθῆναι.“
1355 2759 1485 2796 creu-

823 2829 911 2853 zer.
959 2815 1017 2852 Ad
1042 2815 1152 2852 verba
1173 2810 1277 2862 ὅκως
1299 2810 1368 2854 ὕοι
1387 2815 1483 2852 conf,

823 2877 913 2910 nott.
941 2871 1033 2918 adl,
1060 2874 1121 2913 11.

1119 2924 1206 2967 15*
