1904 3304
606 222 949 266 THALIA.

76 343 142 390 95
200 354 252 381 τοι
290 336 527 393 ψήγματος.
584 334 722 391 νομὸς
766 336 960 387 εἰκοστὸς
997 328 1138 384 οὗτος.
1202 332 1261 376 Τὸ
1300 332 1379 390 μὲν
1418 332 1473 390 δὴ

1008 223 1071 262 111.
1392 223 1476 265 175

202 405 414 462 ἀργύριον
443 406 491 450 τὸ
522 405 812 463 Βαβυλώνιον
851 406 961 462 πρὸς
999 407 1048 450 τὸ
1080 403 1326 462 Εὐβοεικόν
1373 415 1479 461 συμ-

145 553 335 591 vehebant.
394 553 453 590 De
474 552 577 588 India
605 552 681 589 auri
703 551 809 588 ditis-

146 611 235 647 sima
260 614 414 647 testatur
440 609 583 646 Ctesias
614 609 698 645 Exe.
727 609 806 645 lnd.

144 666 180 721 ς.
204 668 268 713 12,
300 667 360 703 ubi
387 666 460 703 vid.
484 671 577 702 nott.
599 679 685 715 pag.
711 668 805 705 300.

352 724 458 773 Cap.
490 721 602 760 XCV.

207 776 257 818 Td
277 777 347 830 μὲν
369 778 419 830 δ’)
443 774 633 829 ἀργύριον
654 794 689 817 κ.
709 793 739 816 τ.
756 775 805 827 L]

143 835 202 874 Ad
223 837 374 873 formam
394 832 739 886 συμβαλλεόμενον
759 836 804 871 cf-

143 898 235 930 nott.
261 895 308 930 ad
336 893 362 938 l,
385 895 450 934 68.
511 892 597 929 Mox
618 905 684 941 pro
705 888 808 930 εἶναι

144 963 223 986 cum
236 949 439 998 Schweigh.
461 954 496 986 et
509 949 624 986 Gaisf.
644 949 729 986 dedi
749 947 806 999 714-

144 1020 265 1052 νεται,
298 1007 435 1043 dudum
456 1007 506 1042 sic
532 1007 683 1043 iubente
701 1006 807 1042 Reiz·

145 1063 182 1099 in
203 1063 322 1100 Praef.
345 1075 430 1112 pag.
455 1063 554 1099 xlx.
586 1063 807 1099 Benedictus

144 1119 319 1156 maluerat
338 1119 397 1169 εἴη
413 1116 475 1157 ἄν.
507 1119 639 1159 Matth.
658 1118 809 1156 retinuit

146 1172 259 1215 εἶναι.
274 1199 323 1203 -
336 1176 599 1226 Babylonicum
619 1175 808 1220 talentum,

143 1233 243 1282 quod
267 1245 377 1282 supra
405 1234 556 1269 vidimus
586 1233 633 1269 ad
655 1233 719 1278 111,
741 1234 808 1278 893

145 1288 284 1325 LXXll
308 1289 447 1325 Atticas
468 1290 584 1325 minas
608 1290 807 1334 continere,

145 1346 196 1381 ita
230 1346 418 1382 conveniet
443 1358 522 1382 cum
557 1345 741 1392 Euboico,
771 1349 810 1381 ut

145 1414 316 1438 numerus
358 1403 495 1442 26938
533 1414 612 1438 cum
658 1415 807 1438 numero

147 1458 286 1498 3142ss
328 1459 404 1495 sive
440 1471 612 1495 numerus
646 1458 808 1495 senarius

145 1527 227 1551 cum
263 1515 482 1564 septenario.
540 1515 634 1551 Cum
658 1528 744 1552 vero
771 1515 807 1551 h.

145 1569 168 1606 l.
193 1570 405 1607 Herodotus
436 1570 546 1610 9540
574 1570 711 1608 talenta
731 1571 808 1607 Eu-

143 1626 250 1663 boica
277 1627 371 1664 effici
402 1627 498 1663 dicat
525 1626 634 1668 7740
659 1627 806 1664 talentis

143 1683 376 1732 Babylonicis
397 1683 478 1733 (qui
499 1697 668 1722 numerus
687 1685 808 1722 existit

144 1740 366 1789 computatis
404 1740 553 1788 singulis
584 1740 806 1790 singularum

145 1797 386 1846 satrapiarum
414 1798 600 1847 tributis),
630 1799 806 1847 sequitur,

145 1851 197 1893 43
216 1852 357 1888 talenta
374 1853 595 1901 Babylonica
617 1854 807 1892 convenire

145 1921 224 1944 cum
246 1908 297 1947 53
317 1908 501 1955 Euboicis,
522 1911 572 1947 ita
594 1915 633 1947 ut
650 1916 808 1959 quatuor

145 1963 370 2011 Babylonica
382 1965 483 2013 paria
495 1967 609 2003 ferme
620 1968 692 2004 sint
703 1968 808 2015 quin-

146 2032 219 2068 que
238 2020 418 2057 Euboicis.
457 2022 568 2058 Haud
590 2023 683 2071 fugit
703 2023 807 2060 Ren-

144 2075 297 2112 neliuml
320 2076 340 2112 l.
351 2091 385 2127 p.
397 2077 492 2118 525.
506 2078 682 2127 Equidem
694 2092 809 2115 anno-

144 2136 242 2169 tasse
267 2133 352 2169 satis
372 2133 511 2180 habe03
541 2148 625 2171 nam
647 2136 708 2184 qui
721 2136 809 2173 talia

144 2201 240 2225 nunc
258 2189 325 2226 rite
339 2203 555 2240 componere
575 2191 693 2229 velit?
718 2191 807 2229 Mox

143 2257 210 2295 pro
226 2241 511 2297 τεσσεράκοντα
532 2247 599 2286 καὶ
617 2244 807 2287 πεντακό-

144 2313 211 2339 σια
235 2300 301 2340 καὶ
343 2302 602 2355 εἰνακισχίλια
633 2301 807 2344 τάλαντα

143 2358 179 2394 in
200 2359 380 2396 Sancrofti
399 2360 491 2397 libro
516 2362 714 2399 imenitur:
742 2362 805 2414 ὀγ-

145 2413 325 2453 δώκοντα
347 2415 413 2454 καὶ
434 2412 660 2465 ὀκτακόσια,
692 2420 744 2455 ita
767 2424 807 2456 ut

143 2472 282 2508 oriatur
298 2484 466 2510 numerus
486 2477 610 2522 9880,
626 2476 686 2524 qui
701 2488 808 2513 sane-

145 2539 252 2574 quam
278 2530 502 2567 necessarius
533 2536 589 2568 est
617 2533 664 2569 ad
693 2533 807 2569 confi-

145 2583 307 2620 ciendam
340 2597 418 2622 eam
451 2600 628 2625 summam
669 2588 805 2630 14560

145 2637 385 2688 talentorum,
416 2655 523 2691 quam
546 2644 683 2683 Noster
712 2646 805 2682 infra

145 2694 314 2743 protulit,
360 2710 439 2735 cum
485 2701 621 2738 talenta
664 2702 806 2751 argenti

147 2749 257 2789 9540
270 2752 420 2801 aurique
431 2755 542 2796 4680
553 2758 713 2795 efficiant
725 2763 806 2795 tan-

144 2810 223 2842 tum
235 2819 410 2846 summam
422 2810 635 2850 talentorum
657 2816 804 2855 14220.

144 2860 347 2901 Larcherus
368 2865 549 2904 Sancrosti
575 2869 655 2908 libri
676 2870 804 2909 lectio-

866 563 969 598 nem,
1000 552 1036 588 in
1060 564 1133 601 qua
1154 551 1366 601 recipienda
1387 551 1532 588 dubita-

866 608 929 644 bat
939 609 1090 645 Reizius
1110 609 1268 646 Praefat.
1290 621 1325 658 p.
1347 607 1447 654 XlX,
1471 620 1531 644 ar·-

864 665 988 714 ripuit,
1011 679 1078 702 nec
1090 665 1438 714 Schweighaeusero
1456 665 1533 701 dis-

864 721 975 772 plicet
996 717 1216 768 ὄκτακόσια,
1249 735 1269 759 e
1289 722 1388 758 cuius
1411 734 1530 758 anno-

864 778 1002 816 tatione
1021 779 1108 816 haec
1121 779 1385 816 transscribere
1404 778 1529 815 liceat:

862 834 932 880 „ln
953 848 1062 872 unum
1076 835 1231 873 collectis
1245 836 1402 873 numeris
1414 834 1530 872 omni-

864 892 953 937 bus,
986 892 1046 940 qui
1071 893 1106 928 in
1131 905 1282 929 recensu
1310 893 1528 929 tributorum

865 961 908 986 ex
929 948 1017 984 xlx
1044 950 1279 998 praefecturis
1299 950 1527 986 redeuntium

864 1005 1002 1042 diserte
1025 1006 1249 1051 indicantur,
1280 1006 1402 1056 prodit
1432 1019 1530 1042 sum-

864 1075 924 1099 ma
934 1061 1044 1102 7740
1062 1062 1281 1099 talentorum
1304 1062 1530 1110 Babylonio-

864 1131 966 1164 rum3
1005 1132 1100 1168 quae
1126 1132 1193 1170 pro
1221 1120 1364 1156 ratione
1393 1120 1446 1159 60
1477 1119 1529 1156 ad

866 1178 933 1223 70,
945 1188 1052 1224 quam
1074 1189 1153 1226 cap.
1173 1177 1225 1216 89
1245 1176 1370 1213 docuit
1387 1180 1528 1223 auctor,

865 1233 1059 1270 conficiunt
1069 1233 1234 1270 Euboica
1245 1233 1383 1271 talenta
1397 1235 1507 1274 9030
1518 1246 1528 1279 3

867 1289 998 1338 quibus
1027 1290 1055 1325 si
1076 1290 1252 1327 adieceris
1271 1290 1382 1331 4680
1404 1303 1447 1327 ex
1470 1290 1533 1326 ln-

868 1346 928 1382 dia
947 1346 1150 1392 redeuntia,
1180 1346 1333 1384 habebis
1353 1359 1530 1383 summam

870 1404 1016 1442 13710.
1048 1402 1219 1452 Denique
1250 1403 1305 1440 his
1341 1405 1476 1444 13710
1502 1403 1533 1440 si

865 1460 1039 1496 adieceris
1061 1458 1142 1500 240
1162 1461 1238 1497 fere
1259 1459 1412 1507 talenta,
1435 1473 1532 1509 quae

867 1528 910 1552 ex
935 1516 1102 1553 Moeride
1128 1515 1207 1553 lacu
1238 1516 1337 1567 (cap.
1368 1519 1417 1558 91
1451 1516 1531 1554 coll.

863 1585 942 1608 cum
958 1572 1005 1618 ll,
1025 1573 1101 1612 149
1115 1573 1226 1621 extr.)
1244 1574 1424 1620 redibant,
1445 1587 1533 1610 con-

865 1628 1033 1665 ficiuntur
1050 1630 1185 1670 13950
1205 1630 1355 1667 talenta.
1387 1630 1530 1679 Itaque,

864 1685 933 1721 nisi
952 1686 987 1722 in
1001 1699 1151 1722 numero
1166 1684 1303 1728 14560
1321 1687 1408 1735 (sub
1420 1687 1530 1725 tinem

863 1741 967 1779 huius
990 1744 1091 1792 cap.)
1110 1748 1268 1780 erratum
1286 1744 1406 1791 fuerit,
1420 1743 1529 1781 intel-

862 1797 927 1847 ligi
952 1812 1018 1849 par
1042 1804 1117 1845 est,
1147 1804 1211 1836 aut
1242 1800 1277 1837 in
1300 1802 1529 1851 superiorum

862 1868 1095 1893 numerorum
1114 1857 1382 1906 particularium
1403 1857 1528 1906 aliquo

865 1911 940 1949 sive
969 1912 1149 1961 aliquibus
1181 1918 1369 1963 peccatum
1400 1914 1527 1961 fuisse,

864 1972 925 2004 aut
943 1972 1024 2009 610
1047 1969 1106 2006 illa
1129 1969 1281 2017 talenta,
1313 1983 1409 2019 quae
1430 1984 1529 2007 com-

863 2024 1019 2074 plendae
1040 2039 1202 2064 summae
1224 2026 1361 2068 14560
1382 2028 1528 2074 desunt,

865 2081 914 2117 ad
950 2081 1127 2130 reliquam
1160 2095 1338 2120 summam
1383 2084 1528 2120 adiecta

864 2149 945 2174 esse
969 2141 1142 2187 tanquam
1169 2140 1325 2188 pretium
1345 2140 1529 2187 frumenti,

864 2194 910 2230 ab
934 2193 1125 2244 Aegyptiis
1146 2208 1344 2245 eorumque
1365 2196 1528 2233 finitimis

864 2250 912 2286 ad
931 2249 1064 2287 alenda
1090 2256 1237 2290 centum
1258 2259 1294 2290 et
1313 2253 1442 2301 viginti
1461 2253 1528 2289 ho—

862 2306 997 2344 minum
1017 2307 1123 2345 millia
1144 2310 1368 2356 conferendi,
1391 2310 1437 2347 de
1454 2322 1527 2359 quo

865 2376 944 2413 cap.
974 2366 1071 2406 91.“
1101 2387 1157 2392 —
1188 2365 1316 2403 Gallus
1347 2367 1527 2418 interpres

864 2420 960 2457 Miot
996 2421 1231 2460 Herodoteos
1270 2436 1442 2461 numeros
1479 2423 1530 2461 sic

864 2476 1042 2527 explicare
1071 2480 1206 2526 studet,
1236 2484 1277 2516 ut
1296 2480 1363 2517 hac
1387 2493 1529 2517 summa

864 2546 938 2570 non
969 2534 1084 2571 solum
1120 2537 1349 2573 contineatur
1388 2549 1527 2573 summa

862 2590 1080 2628 tributorum
1092 2620 1102 2637 ‚
1134 2605 1229 2641 quae
1247 2592 1398 2641 singulis
1414 2606 1525 2643 prae-

862 2647 1009 2684 fecturis
1032 2649 1203 2698 imposita
1228 2650 1348 2696 fuerit,
1378 2650 1443 2686 sed
1465 2649 1526 2686 alii

864 2716 1014 2753 quoque
1027 2705 1179 2752 reditus,
1197 2710 1239 2742 ut
1255 2718 1288 2742 v·
1308 2716 1336 2743 c.
1348 2719 1391 2743 ex
1405 2707 1524 2757 pisca-

863 2764 901 2796 tu
925 2760 960 2796 in
980 2760 1059 2798 lacu
1081 2762 1271 2799 Moeridis.
1330 2763 1405 2800 Sed
1424 2761 1523 2799 haud

863 2816 938 2853 scio
955 2830 1002 2854 au
1018 2818 1130 2854 verba
1147 2819 1388 2857 adversentur
1400 2818 1522 2856 Hero-

863 2872 943 2910 doti
986 2874 1267 2924 subsequentia:
1308 2870 1352 2914 τό
1392 2869 1433 2913 δ’
1466 2871 1522 2913 ἔτι

1535 336 1699 369 Argentum
1712 341 1746 362 ex
1756 334 1812 363 trt-

1532 368 1610 395 butin
1622 389 1630 403 ‚
1678 368 1813 396 Euboica

1535 403 1649 429 talenta
1658 402 1743 430 9b80:
1758 411 1811 429 au-

1536 437 1562 464 ri
1588 436 1627 465 ad
1651 440 1811 472 argentum
