1904 3304
312 983 410 1029 181

472 308 493 329 ‚-

471 309 554 349 096

469 419 544 471 τῆς
574 414 834 469 Τριτωνίδος
862 414 1014 470 λίμνης
1025 430 1034 439 ·

859 304 1317 345 HERODOTI

1093 415 1166 457 καί
1195 430 1269 470 μιν
1297 414 1570 469 μεμφθεῖσάν
1600 431 1640 457 τι
1668 417 1728 469 τῷ

469 486 622 539 πατρὶ,
655 486 813 527 δοῦναι
846 484 1012 539 ἑωυτὴν
1040 488 1101 541 τῷ
1131 487 1229 527 Διΐ·
1265 484 1341 529 τόν
1373 487 1418 528 ὁὲ
1448 488 1533 528 Δία
1562 485 1786 529 ἑωυτοῦ4ο

441 563 548 610 9μιν
575 555 846 610 ποιήσασθαι
873 554 1107 610 θυγατέρα.
1139 559 1276 598 ταῦτα
1303 556 1380 610 μὲν
1409 557 1592 610 λέγουσι.
1634 557 1728 598 Μί-

469 627 535 677 ξιν
564 626 609 669 δὲ
639 625 861 669 ἐπίκοινον
890 631 977 668 τῶν
995 631 1213 682 γυναικῶν
1231 626 1476 678 ποιέονται,
1509 627 1607 669 οὔτε
1626 640 1728 670 συν-

416 704 460 737 10
474 697 710 749 οικέοντες,
747 697 966 753 κτηνηδόν
1000 713 1043 739 τε
1082 696 1347 752 μισγόμενοι.

472 768 590 810 ναικὶ
629 768 678 810 τὸ
717 770 894 811 παιδίον
929 766 1067 821 ἁδρὸν

1405 696 1533 739 ἐπεὰν
1569 698 1615 740 δὲ
1653 714 1728 752 γυ-

1104 768 1301 824 γένηται,
1343 768 1657 823 συμφοιτέουσι
1687 767 1730 818 ἐς

471 835 612 881 τώυτό
662 840 706 881 οἱ
749 838 906 892 ἄνδρες
944 840 1093 892 τρίτου
1130 838 1285 894 μηνός,
1330 839 1402 882 καὶ
1442 842 1502 895 τῷ
1541 837 1595 880 ἂν
1633 840 1731 894 οἴκῃ

470 914 559 953 τῶν
590 907 766 963 ἀνδρῶν
793 909 842 953 τό
875 910 1074 962 παιδίον,

1105 911 1267 953 τούτου
1297 915 1397 960 παῖς
1427 911 1656 963 νομίζεται.
1742 912 1786 948 45

590 975 724 1023 Οὗτοι
753 980 833 1036 μὲν
864 982 907 1024 οἱ
935 980 1286 1036 παραθαλάσσιοι
1305 985 1393 1024 τῶν
1412 981 1639 1036 Νομάδων
1656 982 1732 1022 Λι-

417 1139 532 1189 ipsius
552 1137 748 1186 virginitati
768 1137 997 1175 insidiantem
1019 1138 1074 1174 id-

418 1207 537 1243 eoque
566 1195 613 1230 ab
640 1195 718 1243 ipsa
737 1194 902 1230 Minerva
928 1194 1078 1230 interse-

419 1256 527 1287 ctum.
586 1250 705 1292 Quem
748 1249 932 1286 Palladem
980 1250 1078 1286 haud

419 1306 529 1343 alium
550 1318 630 1342 esse
657 1310 768 1354 atque
790 1306 908 1355 ipsum
933 1305 1078 1356 Neptu-

420 1375 506 1399 num
546 1363 687 1398 monuit
721 1361 904 1406 Creuzer3
953 1374 975 1398 a
1004 1375 1077 1411 quo

419 1418 594 1469 Neptuno
633 1430 677 1455 ex
716 1417 908 1455 Tritonide
938 1417 1077 1455 Miner-

419 1486 503 1512 vam
524 1475 625 1524 quod
643 1475 802 1523 genitam
823 1474 971 1521 dicunt,
1008 1475 1077 1511 hoc

418 1531 539 1582 prisca
567 1530 626 1567 illa
649 1543 693 1568 ex
718 1531 883 1567 doctrina
905 1535 1078 1579 repeten-

420 1588 532 1634 dum,
571 1588 643 1636 qua
672 1587 839 1624 Oceanus
869 1599 910 1624 ac
935 1586 1076 1635 Tethys

419 1644 462 1690 (i.
483 1657 515 1681 e.
537 1657 631 1693 aqua
653 1647 689 1680 et
706 1646 820 1688 terra)
841 1643 999 1680 omnium
1020 1656 1077 1679 re-

420 1713 501 1737 rum
519 1700 680 1737 ferantur
696 1703 879 1749 parentes.
910 1699 1079 1736 Minerva

420 1761 557 1801 autem,
580 1768 675 1804 quae
690 1761 746 1792 est
762 1756 873 1805 ipsius
886 1760 1015 1792 natura
1029 1755 1077 1791 ad

418 1811 541 1849 lunam
549 1811 904 1859 lucemquelunarem
915 1811 1078 1861 proxime

422 1872 615 1918 spectans3
646 1880 724 1904 cum
743 1880 863 1917 neque
875 1869 923 1904 ad
941 1872 1077 1905 terram

421 1936 543 1972 neque
573 1924 621 1960 ad
644 1936 776 1971 aquam
799 1925 997 1972 pertineat,
1027 1924 1076 1961 ad

419 1980 538 2025 lovis,
565 1980 587 2016 i.
610 1992 641 2016 e.
661 1979 756 2015 Solis
777 1980 921 2028 igneam
942 1981 1012 2016 vim
1032 1992 1076 2016 ac

419 2035 576 2073 lucidam
597 2048 636 2072 se
655 2036 816 2083 confert,
845 2039 881 2072 et
901 2037 935 2072 in
963 2048 1006 2073 ea
1025 2037 1076 2072 ita

421 2092 642 2141 acquiescit,
679 2092 807 2128 utiam
829 2092 1002 2129 coelestia
1023 2091 1076 2128 lu-

421 2149 540 2195 mina,
571 2152 607 2185 et
626 2147 689 2184 Sol
713 2152 750 2185 et
768 2147 897 2194 Luna,
927 2149 1077 2185 coniun-

420 2209 479 2242 cta
501 2205 794 2254 quodammodo,
844 2208 885 2240 ut
913 2217 978 2254 par
1006 2209 1075 2250 est,

419 2262 655 2311 reperiantur.
686 2261 838 2310 Spectat
849 2261 960 2309 igitur
971 2261 1076 2298 fabu-

419 2316 477 2363 la,
513 2316 792 2354 reconditiorem
821 2318 898 2353 eius
931 2330 1076 2354 sensum

420 2373 452 2409 si
482 2373 652 2418 sectaris,
694 2373 741 2408 ad
764 2374 966 2410 doctrinam
996 2386 1076 2410 cos-

421 2429 649 2476 mogonicam
700 2430 868 2478 adeoque
915 2429 1077 2478 philoso-

420 2485 529 2534 pham
556 2485 602 2521 de
621 2483 728 2530 Sole,
764 2484 871 2522 Luna
896 2486 1075 2534 astrisque

419 2553 606 2590 nunquam
624 2540 882 2577 intereuntibus
895 2554 961 2578 nec
973 2554 1074 2578 suam

420 2597 492 2633 vim
532 2596 770 2646 perdentibus
808 2598 951 2645 igneam
983 2597 1075 2634 luci-

419 2653 602 2701 dumque,
638 2664 747 2701 quam
770 2652 942 2690 illibatam
964 2659 1075 2701 atque

421 2709 603 2756 integram
651 2708 786 2745 servari
826 2709 980 2746 maxime
1020 2715 1076 2746 est

420 2765 651 2802 conveniens.
717 2764 819 2801 Idem
861 2764 890 2800 C
907 2777 933 2801 r.
977 2778 1074 2802 nunc

421 2819 531 2866 haec,
579 2833 673 2870 quae
711 2821 964 2864 conserantur,
1010 2823 1077 2858 ad-

419 2877 580 2926 scripsit:
610 2875 801 2924 Millingen
813 2876 968 2914 Ancient
987 2890 1076 2915 une-

417 2932 521 2970 dited
530 2933 765 2971 Monuments
775 2932 955 2971 —Vases.
966 2933 1031 2971 lNr.
1044 2934 1073 2971 Ι.

1133 1137 1186 1175 Pl.
1210 1141 1244 1177 1.
1264 1139 1303 1177 2.
1324 1139 1347 1176 3
1368 1150 1403 1186 p.
1421 1138 1458 1177 3.
1486 1136 1682 1184 inghirami
1704 1135 1787 1173 Μο-

1133 1197 1295 1230 numenti
1307 1193 1472 1229 Etruschi
1486 1195 1533 1228 ad
1546 1194 1618 1229 tab.
1631 1192 1787 1229 XXXIII

1134 1250 1190 1287 de'
1211 1250 1297 1286 Vasi
1317 1249 1408 1284 finili
1431 1262 1513 1298 pag.
1537 1248 1629 1288 348.

1189 1302 1256 1345 τὸν
1275 1302 1405 1343 ὄὲΛία
1419 1303 1568 1342 ἑωυτοῦ
1585 1318 1653 1354 μιν
1669 1298 1788 1354 ποιή-

1135 1366 1285 1400 σασθαι
1311 1359 1531 1412 θυγατέρα]
1574 1360 1789 1410 „Adoptare

1133 1419 1202 1455 sibi
1223 1418 1345 1469 fillum
1370 1415 1463 1456 ύιον
1494 1414 1582 1455 τινὰ
1618 1429 1789 1464 ποιησα-

1134 1479 1231 1514 σθαι
1263 1476 1436 1523 frequens
1467 1474 1567 1524 apud
1589 1474 1788 1519 Oratores3

1133 1529 1334 1582 θυγατέρα
1387 1525 1658 1580 ποιήσασθαι,
1726 1529 1789 1579 qui

1133 1592 1278 1638 praeter
1298 1587 1525 1624 Herodotum
1550 1587 1703 1633 dixerit,
1724 1599 1789 1623 ne-

1134 1645 1266 1680 minem
1285 1643 1392 1689 novi,
1423 1643 1490 1678 nisi
1513 1642 1653 1679 Isaeum
1669 1656 1706 1692 p.
1719 1640 1786 1688 84,

1137 1703 1190 1740 12
1220 1697 1272 1749 [p.
1295 1699 1376 1739 274
1404 1699 1496 1734 infra
1514 1696 1578 1748 R]
1611 1702 1649 1735 et
1672 1712 1708 1748 p.
1732 1700 1786 1738 88

1137 1754 1188 1796 15
1211 1754 1267 1804 [p.
1288 1757 1369 1795 292
1385 1753 1466 1804 R.].
1505 1754 1679 1791 lunonem
1700 1767 1787 1804 per-

1135 1812 1247 1848 movit
1287 1811 1429 1848 adulter
1466 1805 1788 1860 ὑιοποιήσασθαι

1134 1864 1200 1906 τὸν
1224 1865 1437 1917 ”Ηρακλέα;
1475 1866 1660 1903 ridiculum
1687 1879 1787 1904 com-

1134 1927 1313 1961 memorat
1332 1922 1485 1960 Diodor.
1506 1923 1646 1960 Siculus
1668 1923 1788 1969 ritum,

1132 1993 1205 2028 quo
1247 1979 1316 2016 hoc
1357 1980 1393 2015 in
1443 1978 1542 2017 coelo
1589 1979 1788 2027 fingeretur

1132 2039 1320 2086 peractum
1338 2035 1401 2081 IV,
1423 2037 1524 2076 39.“
1578 2035 1786 2072 Valcken.

1132 2092 1193 2128 Ad
1220 2092 1329 2128 verba
1361 2104 1462 2140 seqq.
1496 2091 1602 2142 μίξιν
1626 2089 1667 2130 δὲ
1695 2091 1786 2130 ἐπί-

1132 2162 1270 2186 κοινον
1299 2162 1334 2186 κ.
1361 2162 1392 2185 τ.
1422 2151 1453 2186 λ.
1493 2149 1588 2185 conf.
1619 2153 1712 2185 nott.
1736 2148 1785 2185 ad

1132 2204 1196 2251 IV,
1223 2207 1302 2245 172
1333 2208 1369 2241 et
1398 2205 1444 2241 ad
1473 2204 1666 2253 particulas
1694 2202 1785 2243 οὔτε

1132 2281 1186 2288 -
1206 2275 1245 2299 τε
1264 2264 1355 2297 nott.
1378 2261 1426 2296 ad
1448 2261 1518 2307 IV,
1549 2260 1614 2300 94.
1662 2260 1783 2298 Verba

1132 2317 1264 2367 τρίτου
1304 2313 1430 2365 μηνός
1473 2318 1606 2363 (tertio
1652 2329 1783 2366 quoque

1132 2374 1270 2421 mense)
1310 2373 1510 2421 Schweigh.
1551 2373 1679 2422 accipit
1714 2385 1782 2422 pro

1133 2426 1199 2468 διεὶ
1218 2430 1349 2480 τρίτου
1368 2426 1502 2478 μηνός.
1532 2429 1588 2464 Ad
1607 2427 1696 2480 οἴκῃ
1710 2429 1782 2465 vid.

1131 2485 1291 2523 Fischer.
1312 2486 1360 2522 ad
1372 2484 1519 2521 weller.
1533 2484 1593 2528 lll,
1616 2498 1647 2520 a.
1666 2498 1703 2534 p.
1717 2484 1783 2525 85.

1281 2541 1393 2591 Cap.
1425 2540 1625 2577 CLXXXI.

1213 2591 1334 2636 Οὗτοι
1387 2592 1458 2645 μὲν
1510 2595 1551 2634 οῖ
1598 2599 1782 2646 παραθα-

1131 2648 1288 2692 λάσσιοι
1307 2672 1360 2680 —
1377 2650 1560 2701 εἰρέαται]
1603 2653 1661 2689 Ad
1685 2653 1784 2690 locu-

1130 2711 1263 2746 tionem
1284 2709 1329 2744 u
1334 2721 1390 2745 ess
1376 2708 1436 2746 61.
1459 2710 1597 2746 confert
1616 2708 1678 2756 lv,
1702 2711 1782 2749 196

1134 2759 1242 2804 οὗτοι
1265 2779 1309 2814 με
1302 2763 1335 2801 ’ν
1357 2777 1430 2802 εισι
1449 2780 1542 2810 τους
1562 2762 1674 2814 ἡμεῖς
1699 2764 1782 2814 ἔχο-

1132 2835 1203 2871 μεν
1222 2815 1390 2869 Λιβυων
1412 2816 1616 2871 ὀνομάσαι.
1675 2821 1782 2865 Quae

1130 2890 1216 2914 vero
1245 2878 1291 2913 ab
1318 2877 1512 2914 Herodoto
1538 2877 1622 2914 inde
1652 2890 1673 2915 a
1702 2890 1781 2927 cap.

1133 2935 1212 2973 168
1249 2938 1485 2972 recensentur
1521 2938 1671 2983 gente5‚
1719 2945 1781 2971 eas
