1904 3304
410 282 466 322 42

381 388 520 443 3λερά
549 388 594 432 δὲ
626 387 772 431 αὐτῶν
800 387 853 431 τά
880 390 1045 444 εἵματα.
1086 388 1265 442 δεύτερα
1285 388 1350 437 δὲ,
1379 388 1457 434 τόν
1480 393 1678 444 χρυσοῦν
1743 398 1824 439 205

808 279 1278 318 HERODOTI

410 459 567 515 εἰρώτα
604 459 815 514 στρεπτόν
850 459 929 503 τόν
966 460 1293 514 περιαυχένιον,
1341 460 1414 503 καὶ
1453 459 1505 503 τὰ
1539 460 1677 511 ψέλια.

408 532 701 588 ἐξηγεομένων
738 533 783 575 δὲ
820 535 909 574 τῶν
940 529 1244 587 Ἰχθυοφάγων
1282 530 1358 574 τὸν
1396 530 1564 587 κόσμον
1603 532 1678 576 αὕ-

407 607 519 653 τῶν,
556 603 739 658 γελάσας
769 601 792 645 ὁ
824 601 1049 658 βασιλεύς,
1101 602 1173 645 καὶ
1209 604 1395 657 νομίσας
1425 600 1537 646 εἶναί
1567 615 1679 658 σφεα

406 673 559 726 πέδας,
611 671 701 717 εἶπε
743 672 800 724 ώς
839 671 943 729 παρ’
989 674 1190 717 ἑωυτοῖσί
1232 675 1314 716 εἰσι
1353 672 1680 729 ῥωμαλεώτεραι

378 749 402 786 4
412 744 584 789 τούτων
637 745 776 788 πέδαι.

859 746 1008 800 τρίτον
1058 744 1102 788 δὲ
1124 776 1135 796 ,

1209 743 1362 799 εἰρώτα
1417 744 1465 788 td
1521 745 1676 801 μύρον.

377 815 625 859 5εἰπάντων
658 815 703 858 δὲ
742 819 818 872 τῆς
853 815 1054 872 ποιήσιος
1089 816 1188 871 πέρι
1225 816 1299 860 καὶ
1337 814 1554 868 ἀλείψιος,
1597 816 1703 860 τὸνΙ

377 893 399 926 6
410 884 548 930 αὐτὸν
577 885 712 941 λόγον
739 889 818 930 τὸν
847 888 922 931 καὶ
951 888 1049 942 περὶ
1079 892 1162 931 τοῦ
1191 890 1366 943 εἵματος
1398 885 1502 931 εἶπε.
1553 885 1610 939 ώς
1632 888 1678 932 δὲ

404 957 447 1008 ἐς
476 957 554 1002 τόν
584 955 709 1001 οἶνον
740 956 935 1011 ἀπίκετο,
967 960 1039 1002 καὶ
1069 958 1254 1003 ἐπύθετο
1281 957 1421 1003 αὐτοῦ
1451 958 1530 1016 τήν
1558 960 1679 1016 ποίη-

404 1041 476 1072 σιν
495 1061 506 1081 ,
536 1029 798 1085 ὑπερησθεὶς
828 1034 891 1089 τῷ
919 1028 1097 1086 πόματι,
1126 1030 1315 1086 ἐπείρετο
1348 1031 1372 1075 ὅ
1402 1049 1443 1074 τι
1471 1046 1516 1073 τε
1545 1032 1705 1074 σιτέε-5

402 1116 474 1143 ται
495 1098 518 1144 ὁ
550 1101 774 1157 βασιλεὺς,
804 1102 877 1145 καὶ
895 1101 1058 1157 χρόνον
1080 1101 1242 1146 ὁκόσον
1261 1102 1539 1159 μακρότατον
1563 1100 1676 1158 άνήρ

374 1172 581 1228 7Πέρσης
615 1171 722 1224 ζώει.
764 1174 807 1216 οῖ
838 1173 884 1217 δὲ
914 1173 1129 1217 σιτέεσθαι
1159 1174 1238 1230 μὲν
1266 1173 1345 1217 τόν
1375 1171 1676 1235 ἄρτονέζπαν,

403 1241 715 1299 ἐξηγησάμενοι
749 1247 838 1286 τῶν
868 1248 1024 1297 πυρῶν
1047 1246 1125 1301 τὴν
1153 1245 1313 1300 φύσιν·
1358 1244 1608 1301 ὀγδώκοντα
1639 1244 1675 1289 δ’

402 1314 496 1358 ἔτεα
533 1313 629 1370 ζόης
664 1313 877 1370 πλήρωμα
919 1315 1050 1370 α’νδρὶ
1089 1315 1369 1372 μακρότατον
1398 1315 1675 1369 προκέεσθαι.

373 1384 517 1438 ὃπρὸς
546 1389 683 1428 ταῦτα
714 1383 737 1428 ὁ
757 1387 925 1437 Αἰθίοψ
956 1386 1061 1442 ἔφη,
1093 1385 1224 1431 οὐδὲν
1243 1386 1517 1443 θωυμάζειν,
1550 1388 1587 1429 εἰ
1617 1398 1676 1430 σι-
1689 1396 1732 1428 10
1779 1382 1781 1385 ¹

401 1455 599 1512 τεόμενοι
629 1455 821 1512 κόπρον,
860 1457 955 1501 ἔτεα
986 1456 1110 1514 ὀλίγα
1142 1458 1320 1513 ζώουσι·
1372 1457 1478 1502 οὐδὲ
1505 1457 1589 1515 γάρ
1620 1457 1676 1502 ἂν

399 1532 590 1571 τοσαῦτα
621 1527 842 1571 δύνασθαι
883 1529 1006 1581 ζώειν
1044 1531 1198 1586 σφέας,
1244 1532 1280 1573 εἰ
1321 1531 1379 1587 μὴ
1415 1534 1476 1587 τῷ
1513 1531 1675 1587 πόματι

344 1682 471 1719 xandr.
522 1681 697 1718 Stromat.
742 1681 756 1717 Ι
796 1693 882 1730 pag.
913 1679 1007 1720 344.

343 1738 562 1788 „Expressit
577 1738 787 1774 Plutarchus
808 1739 843 1774 in
855 1738 1007 1781 Qnaest.

342 1796 487 1833 Romm.
518 1793 575 1844 [p.
597 1796 679 1833 270
703 1792 772 1843 D.]
805 1792 842 1843 ἓ.
874 1795 1007 1842 xxvi,

343 1852 392 1887 ad
413 1864 521 1900 quem
542 1852 610 1887 vid.
630 1851 890 1899 Wyttenbacli.
918 1852 1007 1888 Ani-

343 1908 541 1945 madverss.
569 1908 615 1944 T.
646 1908 694 1942 lll
736 1920 822 1957 pag.
849 1910 900 1948 31
932 1907 1007 1957 [nbi

342 1963 434 2000 alios
463 1965 642 2013 quosdam
668 1964 801 2000 similes
821 1964 1004 2001 Plutarchi

342 2020 439 2057 locos
468 2019 645 2070 excitat],
692 2025 729 2057 et
754 2022 848 2057 conf.
880 2021 1005 2057 lacobs

343 2077 392 2113 ad
431 2077 628 2125 Antholog.
667 2077 732 2113 Gr.
764 2077 843 2113 Vol.
870 2078 903 2113 X
938 2077 1005 2122 (ad

341 2133 465 2169 Rufini
486 2134 608 2182 Epigr.
622 2134 727 2180 xlv)
746 2147 781 2183 p.
799 2135 915 2174 163ss
939 2134 1012 2170 Cr.>

343 2190 453 2232 Quod
498 2190 668 2226 Reiskius
716 2204 781 2240 pro
820 2187 1005 2241 χρώματα

342 2247 448 2282 scribi
472 2246 547 2282 vult
574 2241 812 2296 εἷλείμματα,
841 2260 908 2284 nce
929 2261 1003 2283 rna-

342 2303 399 2349 gis
421 2303 662 2339 necessarium
681 2315 790 2350 quam
811 2304 909 2351 qnod
934 2304 1004 2339 lta-

341 2358 396 2394 lns
417 2359 594 2407 interpres
626 2360 795 2395 substitui
821 2359 895 2395 vult
923 2361 1005 2408 χρί-

342 2426 482 2464 σματα.
506 2435 560 2441 -
584 2414 640 2450 Ad
661 2419 880 2451 structuram
902 2416 1003 2452 verbi

341 2469 493 2523 ἐρωτᾷν
521 2471 557 2506 in
580 2483 682 2519 seqq.
714 2473 759 2507 cl'.
781 2472 910 2507 Manli.
937 2472 1001 2507 Gr.

341 2528 408 2563 Gr.
440 2527 476 2577 ᾗ.
509 2526 590 2566 417
621 2540 649 2562 c.
711 2527 804 2564 Vide
836 2541 946 2577 supra
978 2528 1004 2574 l,

341 2586 407 2622 32.
427 2604 482 2610 —
521 2584 644 2632 τρίτο
660 2597 680 2620 v
715 2581 756 2621 δὲ
784 2585 1004 2620 restituimus

341 2653 421 2677 cum
441 2639 557 2675 Gaiss.
580 2645 615 2677 et
638 2639 766 2676 Matth.
788 2641 844 2676 Cf.
867 2640 891 2685 l,
910 2639 1002 2680 204.

341 2697 388 2743 ΙΙ,
407 2697 471 2734 22.
502 2699 589 2735 137.
611 2695 674 2742 lll,
695 2697 759 2736 31.
799 2697 850 2732 Ac
867 2696 947 2733 libri
968 2697 1002 2733 in

340 2752 489 2800 vulgata
508 2765 633 2789 onmes
649 2753 868 2802 conspirant.
892 2774 907 2780 —
923 2775 945 2779 -
964 2753 1002 2789 ln

341 2822 445 2857 seqq.
467 2810 514 2845 ad
537 2807 711 2858 ἐπείρετο
734 2810 828 2845 conf.
844 2810 1002 2857 Gregor.

341 2865 507 2902 Corinth.
528 2865 573 2902 (le
592 2865 687 2902 Dial.
714 2865 792 2902 lon.
811 2864 848 2916 ᾗ.
863 2868 914 2906 73
937 2867 1004 2903 ibi-

341 2935 412 2972 que
432 2922 553 2960 Koen.
570 2935 655 2972 pag.
672 2920 768 2961 483.

1123 1681 1160 1721 εἰ
1178 1677 1398 1732 σιτεόμενοι
1419 1678 1569 1734 κόπρον
1589 1681 1726 1732 κ.τ.λ.]

1065 1738 1195 1777 Monet
1227 1740 1385 1778 Heeren.
1415 1739 1437 1777 l.
1472 1739 1494 1776 l.
1527 1751 1612 1789 pag.
1646 1741 1728 1779 339

1066 1796 1158 1833 hunc
1188 1797 1291 1846 panis
1320 1801 1543 1833 contemtum
1566 1796 1730 1834 reseren-

1065 1853 1152 1889 du-
1184 1853 1295 1890 videri
1327 1853 1373 1889 ad
1407 1853 1504 1889 istud
1529 1852 1633 1902 panis
1663 1865 1729 1901 ge.-

1064 1922 1152 1955 nus,
1183 1910 1284 1958 quod
1304 1910 1339 1945 in
1362 1908 1427 1945 illis
1451 1908 1592 1946 Africae
1607 1909 1729 1958 regio-

1064 1966 1170 2002 nibus
1191 1979 1234 2003 ex
1245 1966 1367 2002 Durra
1387 1965 1729 2014 conficiaturquod-

1064 2035 1135 2071 qne
1155 2023 1252 2059 brevi
1271 2026 1541 2071 corrumpatur,
1572 2025 1613 2058 ut
1631 2022 1729 2060 vesci

1063 2092 1240 2127 nequeas.
1274 2079 1355 2115 lure
1374 2084 1494 2115 autem
1515 2079 1608 2115 idem
1626 2078 1728 2117 Hee-

1063 2149 1137 2171 ren.
1161 2135 1184 2172 l.
1207 2135 1228 2171 l.
1260 2149 1295 2185 p.
1324 2135 1403 2174 335
1428 2135 1510 2170 hinc
1530 2134 1727 2181 concludit,

1062 2192 1270 2228 Macrobios
1295 2193 1391 2239 agris
1412 2190 1574 2227 colendis
1596 2203 1728 2240 opera-

1062 2256 1121 2284 tos
1143 2260 1218 2284 nou
1249 2261 1342 2293 esse,
1372 2260 1439 2284 nec
1461 2248 1606 2282 omnino
1628 2247 1727 2295 agri-

1061 2304 1234 2340 culturam
1266 2305 1432 2348 nmisse‚
1479 2304 1643 2351 quamvis
1673 2304 1726 2340 vi-

1061 2365 1134 2395 tam
1170 2361 1256 2396 satis
1287 2359 1415 2395 cultam
1447 2359 1594 2407 degisse
1623 2360 1725 2398 vide-

1060 2421 1175 2451 antur.

1119 2471 1154 2509 εἰ
1183 2467 1237 2521 μή
1266 2492 1323 2498 -
1351 2465 1628 2522 α’νέφερον]
1668 2471 1723 2508 lta

1060 2528 1225 2565 meliores
1262 2528 1361 2573 libri,
1413 2540 1505 2575 qnos
1545 2541 1624 2564 cum
1665 2541 1724 2565 re-

1060 2590 1170 2621 ccntt.
1193 2585 1275 2622 edd.
1296 2591 1441 2620 secutus
1461 2597 1550 2620 sinn.
1589 2584 1720 2621 Matth.

1061 2641 1208 2677 retinuit
1230 2635 1456 2688 α’νὲφυρον,
1492 2645 1532 2677 ut
1561 2640 1643 2676 olim
1672 2640 1723 2678 le-

1061 2698 1228 2746 gebatur.
1282 2697 1348 2733 Est
1365 2698 1459 2734 enim
1480 2697 1535 2734 hic
1555 2699 1631 2734 sere
1654 2697 1722 2735 loci

1061 2766 1208 2791 sensus:
1256 2751 1419 2802 Namque.
1448 2752 1575 2790 Persas
1599 2767 1640 2790 ne
1671 2757 1722 2791 tot

1061 2810 1194 2859 quidem
1225 2823 1330 2846 annos
1362 2812 1478 2846 vivere
1503 2823 1602 2860 posse
1627 2811 1722 2848 ‹lice-

1060 2867 1119 2902 bat
1148 2868 1219 2902 nisi
1246 2869 1322 2902 vini
1335 2870 1420 2915 potu
1449 2881 1484 2903 se
1512 2870 1718 2913 recrearent,

1061 2927 1251 2960 monstrans
1279 2923 1411 2960 scilicet
1442 2922 1720 2975 Iclctliyopliagis
