1904 3304
592 218 940 262 THALIA.
998 219 1063 258 111.

1376 216 1460 259 187

191 333 262 379 διὰ
277 332 357 390 τήν
372 331 576 389 ψάμμον·
617 330 664 375 ἐν
696 331 748 388 δὴ
781 327 843 375 ὦν
872 333 926 387 τῇ
954 328 1107 385 ἐρημίῃ
1137 325 1274 384 ταύτῃ
1304 326 1376 370 καὶ
1405 330 1458 383 τῇ
1471 326 1797 398 8οᾗῑέξῑωξθὲῐῧῗῃέἰᾞὲ

184 405 345 463 ψάμμῳ
375 405 572 460 γίνονται
601 402 847 460 μύρμηκες,
891 400 1084 458 μεγάθεα
1115 399 1284 456 ἔχοντες
1313 402 1461 442 κυνῶν
1649 392 1654 396 ’

1517 397 1742 431 superantium:
1765 403 1797 421 e-

1519 435 1636 465 gestam
1673 429 1712 457 ab
1751 428 1798 456 his

131 565 244 603 fuisse
273 563 382 600 docet
409 562 570 599 Heeren.
598 560 620 598 l.
654 562 678 598 l.
737 560 796 598 De

132 623 221 672 ipsis
243 620 395 657 desertis
415 618 550 655 consul.
572 617 797 654 Wahl.Erd-

133 678 273 715 beschr.
295 689 328 713 v.
352 676 501 713 Ostind.
531 688 569 725 p.
592 674 668 715 481
692 686 796 723 seqq.

132 734 214 775 744
232 746 309 782 seq.

190 790 366 843 γίνονται
396 784 621 838 μύρμηκες]
653 784 711 823 Ad
740 798 798 822 se-

132 861 247 898 quens
273 841 451 898 μεγάθεα
474 844 566 881 conf.
589 843 634 888 ΙΙ,
662 843 711 883 10
731 842 797 878 ibi-

133 918 205 955 que
219 909 310 940 nott.
327 924 375 930 —
397 902 456 938 Ad
468 913 542 938 rem
565 900 702 950 optime
719 911 797 934 mo-

132 961 211 999 nuit
231 960 390 997 Heeren.
413 958 523 995 ldeen
543 957 572 1004 I,
600 960 615 996 1
642 968 678 1006 p.
699 956 796 1001 342,

135 1018 210 1054 sive
235 1016 307 1054 veri
336 1015 424 1065 quid
446 1014 566 1051 inesse
594 1017 795 1049 statuamus

132 1074 170 1110 in
200 1073 268 1110 hac
303 1073 351 1109 de
381 1071 540 1108 formicis
569 1069 794 1115 narratione,

138 1130 194 1167 cui
217 1128 391 1175 bestiola,
407 1140 501 1177 quae
522 1127 569 1163 ad
589 1127 704 1162 instar
727 1125 796 1162 cri-

134 1187 206 1224 ceti
225 1187 262 1223 in
293 1191 429 1222 terram
461 1197 500 1221 se
529 1182 663 1228 abdat,
694 1193 798 1218 occa-

137 1244 275 1280 sionem
296 1241 451 1287 dederit,
482 1240 558 1276 sive
576 1238 696 1276 omnia
717 1237 797 1288 pla-

135 1312 183 1337 ne
223 1298 306 1335 ficta
346 1298 571 1340 iudicemus,
611 1295 699 1332 certi
740 1295 799 1330 vix

137 1356 335 1405 quidquam
365 1353 469 1390 nobis
485 1357 606 1390 terrae
626 1352 737 1401 ipsius
760 1354 797 1388 et

135 1410 363 1457 animalium,
393 1422 488 1459 quae
513 1408 598 1455 alat,
628 1413 798 1444 naturam

135 1467 387 1516 ignorantibus
409 1465 516 1502 statui
539 1477 669 1515 posse,
691 1476 798 1514 prae-

137 1525 259 1561 sertim
280 1536 359 1559 cum
384 1523 566 1571 regiones,
597 1522 643 1558 de
666 1521 798 1569 quibus

134 1580 193 1617 hic
227 1592 368 1625 serm0,
409 1577 636 1615 orientalium
666 1576 796 1613 fabulis

135 1637 290 1674 maxime
329 1635 533 1672 celebratae
570 1634 642 1670 sint
683 1633 797 1680 (conf.

135 1692 283 1730 Excurs.
306 1693 354 1729 ad
376 1691 446 1738 ΙΙΙ,
470 1691 566 1738 98),
596 1702 692 1739 quae
711 1690 798 1726 inde

134 1762 201 1800 per
218 1762 362 1786 omnem
376 1749 568 1785 Orientem
585 1747 799 1783 Graeciam-

137 1819 209 1855 que
240 1807 333 1842 adeo
360 1809 587 1855 propagatae
617 1804 797 1840 fluxerint.

135 1861 268 1911 Neque
298 1866 421 1898 tamen
451 1873 594 1897 omnem
620 1860 800 1896 narratio-

136 1930 220 1955 nem
252 1930 398 1967 prorsus
418 1917 539 1953 fictam
568 1916 798 1962 crediderim,

139 1987 220 2010 cum
252 1973 461 2011 Herodotus
491 1974 526 2009 iu
558 1972 639 2009 aula
664 1971 800 2010 Persa-

137 2042 217 2066 rum
248 2042 374 2077 regum
403 2030 548 2076 (Susis,
577 2029 708 2074 credo,
738 2028 800 2064 ubi

137 2085 368 2123 Herodotum
409 2086 526 2135 ipsum
567 2085 678 2121 fuisse
718 2098 800 2121 cum

137 2141 367 2179 Dahlmanuo
395 2142 431 2178 in
458 2139 598 2179 Herod.
633 2153 718 2190 pag.
744 2143 797 2181 77

139 2203 297 2235 statuere
327 2198 464 2248 placet)
492 2197 697 2234 huiusmodi
726 2198 800 2234 sor-

138 2255 247 2291 micas
276 2256 313 2291 in
349 2256 453 2291 India
485 2259 611 2304 captas
647 2258 684 2290 et
714 2254 800 2291 inde

139 2312 308 2349 advectas
337 2311 383 2348 ali
404 2310 546 2348 scribat.
607 2310 676 2346 Cui
701 2310 800 2348 aliud

853 559 1064 597 recentioris
1084 556 1259 609 temporis
1270 554 1518 593 testimonium

854 616 958 652 addit
987 616 1158 653 Larcher.
1189 627 1233 652 ex
1259 612 1405 649 Thuan.
1434 611 1518 649 hist.

853 672 977 709 XXIII
1002 686 1038 722 p.
1062 673 1137 713 461
1164 676 1200 709 et
1218 670 1399 718 Busbecq.
1419 668 1516 719 Epp.

855 728 968 766 Ture.
1000 728 1039 775 4,
1069 741 1091 765 a
1124 728 1315 766 Persarum
1346 739 1395 763 sc.
1427 738 1518 774 rege

854 798 951 822 auno
972 784 1139 822 MDLIX
1163 790 1344 821 oratorem
1374 782 1422 819 ad
1446 783 1518 818 So-.

853 841 1022 878 linianum
1044 842 1191 877 missum
1205 841 1316 877 fuisse
1336 852 1416 876 cum
1438 851 1519 875 1nu-

852 898 997 936 nerIbus
1009 912 1018 943 3
1031 898 1124 934 inter
1135 910 1229 946 quae
1240 897 1318 946 ipsa
1327 895 1437 932 fuisse
1446 896 1521 932 for-

852 955 979 992 micam
990 951 1521 1001 Indicammagnitudinecanis

854 1012 1058 1058 mediocris,
1068 1010 1201 1047 animal
1219 1009 1372 1047 mordax
1386 1021 1428 1044 ac
1440 1021 1523 1046 sae-

853 1081 937 1105 vum
958 1067 1007 1118 ²⁸).
1066 1066 1200 1116 Neque
1221 1079 1306 1103 vero
1337 1065 1521 1109 formicas,

854 1138 949 1174 quae
976 1124 1086 1173 vulgo
1113 1124 1302 1169 dicuntur,
1332 1121 1392 1159 hic
1413 1121 1521 1159 intel-

854 1181 916 1230 ligi
938 1182 1086 1227 debere,
1107 1181 1172 1218 sed
1192 1180 1332 1217 maiora
1350 1177 1522 1215 animalia

854 1237 1009 1289 pellibus
1046 1238 1197 1283 induta,
1227 1249 1300 1272 non
1328 1235 1446 1272 minus
1478 1247 1523 1272 ex

855 1295 969 1344 ipsius
1010 1293 1193 1330 Herodoti
1241 1291 1364 1330 verbis
1404 1295 1521 1341 patet,

857 1364 967 1399 quam
983 1349 1236 1399 Megasthenis
1257 1362 1277 1387 e
1295 1348 1521 1394 testimonio,

855 1408 917 1456 qui
937 1407 1016 1457 ipse
1044 1408 1081 1443 in
1102 1406 1206 1442 India
1231 1405 1343 1456 pelles
1365 1404 1522 1454 vulpinis

855 1464 1008 1501 maiores
1027 1476 1066 1500 se
1085 1463 1221 1499 vidisse
1248 1462 1404 1498 affirmat
1423 1460 1522 1510 apud

856 1520 1001 1557 Arrian.
1026 1520 1104 1556 Ind.
1137 1519 1201 1564 15,
1233 1520 1289 1555 cui
1311 1518 1397 1555 add.
1419 1518 1523 1554 Stra-

857 1578 941 1614 bon.
965 1576 1034 1614 XV
1061 1590 1098 1626 p.
1121 1577 1202 1616 706
1233 1588 1260 1611 s,
1284 1575 1402 1615 1032.
1426 1573 1457 1610 II
1483 1587 1523 1623 p.

857 1636 911 1674 70
931 1647 959 1670 5.
985 1635 1076 1674 121.
1106 1630 1248 1669 Aelian.
1268 1631 1317 1668 H.
1338 1629 1383 1667 A.
1402 1630 1465 1677 III,
1484 1628 1521 1669 4.

855 1691 1036 1740 Pompon.
1057 1687 1144 1726 Mel.
1165 1688 1227 1733 111,
1247 1691 1272 1729 7
1303 1685 1340 1738 ᾖ.
1360 1690 1398 1727 2.
1428 1686 1522 1723 Plin.

855 1747 904 1784 H.
920 1747 968 1784 N.
982 1746 1048 1792 XI,
1061 1747 1127 1786 36.
1139 1744 1311 1791 XXXIII,
1323 1747 1387 1784 21.
1400 1741 1523 1780 Schol.

857 1803 905 1841 ad
926 1801 1100 1853 Sophocl.
1129 1800 1253 1850 Antig.
1276 1803 1396 1841 1037.
1420 1799 1523 1837 The-

855 1860 954 1897 mist.
983 1860 1048 1896 Or.
1069 1858 1210 1895 XXVII
1234 1871 1271 1908 p.
1297 1858 1378 1898 337
1402 1856 1446 1893 C.
1474 1856 1525 1894 D.

857 1916 964 1959 Quae
995 1929 1073 1952 cum
1100 1916 1154 1951 ita
1177 1915 1273 1960 sint,
1305 1914 1439 1950 Comes
1473 1913 1520 1950 de

856 1971 1047 2010 Veltheim.
1075 1971 1112 2008 in
1141 1970 1399 2016 Commentat.‚
1426 1982 1522 2018 quae

855 2028 1085 2065 inscribitur:
1115 2027 1224 2073 „Von
1248 2027 1320 2063 den
1346 2025 1523 2074 goldgra-

856 2085 1003 2121 benden
1018 2084 1186 2121 Ameisen
1204 2084 1279 2119 und
1290 2083 1442 2119 Greisen
1456 2082 1523 2118 der

856 2139 992 2177 Alten“
1011 2139 1255 2187 (Vermischte
1267 2138 1369 2175 Aufs.
1385 2137 1470 2174 T.11
1486 2151 1521 2187 p.

856 2199 939 2237 267
949 2197 1089 2246 seqq.),
1100 2196 1284 2233 Herodoti
1294 2195 1429 2231 hancce
1440 2207 1524 2231 nar-

855 2254 1034 2291 rationem
1051 2252 1204 2289 relatam
1219 2251 1294 2288 vult
1312 2252 1360 2288 ad
1382 2251 1458 2287 auri
1472 2250 1526 2287 lo-

856 2311 994 2348 tionem
1022 2309 1207 2359 quandam
1229 2309 1266 2345 in
1291 2308 1346 2345 his
1369 2307 1524 2345 desertis

231 2412 264 2447 *)
288 2413 322 2443 In
344 2412 453 2443 codice
473 2411 657 2450 Misniensi,
693 2412 744 2450 qui
775 2411 943 2451 epistolam
971 2411 1097 2443 Ioannis
1126 2410 1304 2451 presbyteri
1329 2410 1368 2440 de
1388 2409 1525 2440 miracu-

140 2458 178 2488 lis
211 2459 318 2489 Indiae
353 2460 510 2491 continet.
556 2459 635 2488 haec
674 2458 840 2497 leguntur:

888 2481 907 2495 ‚‚
921 2459 954 2488 In
979 2458 1112 2496 quadam
1140 2457 1303 2497 provincia
1325 2459 1433 2486 nostra
1453 2458 1526 2485 sunt

140 2505 289 2534 formicae
312 2505 341 2534 in
363 2505 576 2544 magnitudine
596 2504 783 2541 catulorum,
811 2504 966 2533 habentes
983 2503 1038 2533 Vll
1059 2503 1156 2543 pedes
1180 2506 1212 2532 et
1233 2503 1301 2532 alas
1316 2502 1422 2534 lv.—
1437 2502 1525 2532 Istae

141 2550 291 2580 formicae
310 2551 349 2579 ab
371 2560 484 2580 occasu
501 2551 576 2580 solis
595 2550 635 2579 ad
655 2553 755 2579 ortum
776 2553 936 2580 morantur
955 2550 1010 2579 sub
1032 2553 1119 2579 terra
1137 2552 1169 2579 et
1189 2548 1309 2579 fodiunt
1331 2547 1526 2587 purissimum

143 2604 250 2624 aurum
279 2600 347 2625 tota
372 2599 466 2626 nocte
492 2612 533 2619 —
562 2599 717 2634 quaerunt
745 2593 859 2625 xictum
886 2605 972 2625 suum
1002 2598 1069 2625 tota
1095 2595 1157 2625 die.
1176 2611 1220 2616 —
1247 2595 1279 2624 In
1303 2597 1396 2623 nocte
1419 2596 1526 2623 autem

144 2641 272 2669 xeniunt
298 2641 436 2671 homines
467 2642 506 2671 de
533 2642 653 2672 cunctis
676 2642 858 2671 cixitatibus
882 2641 923 2670 ad
943 2641 1151 2680 colligendum
1172 2641 1274 2680 ipsum
1288 2649 1396 2669 aurum
1420 2642 1452 2669 et
1469 2639 1527 2668 im-

144 2689 261 2724 ponunt
279 2687 506 2725 elephantibus.
528 2704 571 2709 —
597 2688 728 2719 Quando
748 2687 898 2717 formicae
917 2691 990 2717 sunt
1009 2696 1103 2726 supra
1122 2690 1258 2724 terram,
1289 2686 1389 2715 nullus
1408 2685 1450 2714 ibi
1470 2693 1527 2714 au-

144 2731 198 2759 det
220 2731 393 2767 accedere,
430 2735 559 2772 propter
581 2734 800 2763 crudelitatem
822 2735 854 2762 et
870 2733 1070 2763 ferocitatem
1090 2733 1262 2772 ipsarum.“
1309 2730 1423 2761 Attulit
1445 2730 1526 2760 haec

144 2776 321 2806 'sut-buck.
338 2777 378 2806 ad
397 2777 545 2818 Pompon.
568 2779 642 2809 Mel.
667 2779 727 2814 111,
757 2782 774 2808 7
801 2778 833 2817 ἓ.
850 2781 867 2808 2
896 2788 970 2818 pag.
990 2781 1075 2816 245,
1110 2779 1163 2808 ubi
1187 2778 1247 2807 hoc
1274 2786 1396 2816 quoque
1425 2775 1526 2812 addit,

144 2822 297 2852 Arabicos
319 2822 493 2861 scriptores
516 2824 646 2862 eadem,
676 2834 757 2863 quae
779 2824 964 2855 Herodotus
981 2824 1106 2864 prodit,
1138 2823 1314 2862 iisdemque
1343 2822 1448 2852 verbis
1475 2829 1528 2851 re-

145 2867 239 2898 ferre.
288 2867 379 2898 Cons.
402 2869 499 2902 notio.
519 2873 551 2899 et
570 2873 652 2900 extr.
677 2870 709 2902 d.
728 2870 886 2902 Manuscr.
906 2870 946 2901 de
965 2871 996 2901 la
1017 2870 1094 2900 bibl.
1113 2869 1153 2899 du
1171 2869 1246 2900 Roi.
1267 2869 1296 2900 ΙΙ
1315 2877 1345 2908 p.
1368 2869 1445 2897 420.
