1904 3304
624 232 971 273 THALIA.
1030 235 1093 272 ΙΙΙ.

1411 238 1493 277 151

221 348 381 397 ταῦτα,
430 342 497 387 ὅτι
535 342 766 399 ἐβούλευσέ
806 360 850 387 τε
890 347 1062 397 πρῶτος
1098 344 1146 387 τὸ
1177 347 1377 399 πρῆγμα,
1420 345 1493 387 καὶ

220 415 450 472 συνέστησε
487 414 665 466 αὐτούς.

190 487 338 531 ὃΤοέδε
370 487 415 531 δὲ
452 487 495 538 ἐς
523 488 571 530 τὸ
601 487 755 530 κοινὸν
787 486 1073 542 ἐβούλευσαν·

724 419 861 459 ταῦτα
897 415 975 471 μὲν
1006 415 1058 471 δή
1096 413 1254 470 Ὀτάνῃ
1286 414 1491 468 ἐξαίρετα.

1130 485 1334 539 παριέναι
1365 485 1408 536 ἐς
1437 485 1490 528 τὰ
1502 492 1548 525 3ο

216 559 423 616 βασιλήια
471 558 611 602 πάντα
657 557 737 602 τόν
782 557 1054 614 βουλόμενον
1101 561 1190 600 τῶν
1231 556 1335 599 ἑπτὰ
1385 556 1490 599 ἄνευ

218 631 489 686 ἐσαγγελέος,
536 630 592 686 ἦν
630 630 688 686 μὴ
726 628 918 685 τυγχάνῃ
958 629 1100 672 εὕδων
1137 627 1241 685 μετὰ
1278 627 1490 684 γυναικὸς

217 702 423 759 βασιλεύς
436 717 446 726 ·

189 774 289 818 4λέῐ
316 774 345 831 ἢ
373 775 419 817 ἐκ
448 778 537 816 τῶν
567 771 998 817 συνεπαναστάντων.

214 847 337 901 ληΐης
378 844 644 900 ἐβούλευσαν
680 843 877 888 τοιόνδε·

160 1023 217 1053 το,
232 1007 331 1057 quod
352 1006 622 1057 amplectuntur
632 1006 822 1053 Valcken.‚

160 1065 243 1113 (qui
274 1065 555 1113 interpretatur:
595 1077 631 1100 ¹re
662 1065 754 1100 inter
789 1078 822 1100 se

160 1121 355 1158 deliberata
373 1122 648 1169 constituerunt)
673 1121 825 1158 lVesse-

158 1177 244 1226 ling.
288 1182 324 1214 et
363 1177 554 1214 Matthiae.
640 1177 822 1226 Equidem

159 1233 361 1282 Scliweigh.
385 1237 422 1270 et
441 1234 556 1270 Gaisf.
578 1234 681 1282 sequi
700 1234 821 1271 malui.

160 1291 266 1328 Conf.
294 1291 322 1336 l,
351 1292 402 1329 73
425 1291 512 1338 ibiq.
542 1295 636 1326 nott.
697 1290 822 1334 Quare

160 1348 267 1384 etiam
294 1347 388 1383 infra
413 1346 557 1383 exhibui
579 1342 821 1397 ἐβούλευσαν

160 1403 242 1453 (pro
264 1398 572 1454 ἐβουλεύσαντο)
597 1398 761 1442 τοιόνδε.

216 1456 314 1498 ἄνευ
350 1458 597 1511 ἐσαγγελέος]
645 1461 752 1497 Conf.
791 1460 822 1506 I,

160 1515 240 1557 114-
265 1516 350 1564 ibiq.
373 1522 462 1553 nott.
492 1515 558 1553 Cr.
581 1517 628 1552 ad
647 1516 681 1553 h.
704 1516 726 1554 l.
757 1530 819 1554 ex-

156 1573 265 1610 citat:
283 1572 527 1621 „WVesseling
538 1573 585 1610 ad
597 1573 750 1610 Diodor.
763 1573 820 1609 Si-

155 1628 220 1666 cul.
244 1628 351 1675 XVI,
375 1628 428 1668 47
459 1643 495 1679 p.
531 1632 619 1670 118.
670 1630 817 1667 Sainte-

155 1685 266 1722 Croix
286 1685 448 1723 Examen
469 1687 584 1734 critiq.
607 1687 672 1723 des
692 1687 815 1724 histor.

154 1741 387 1779 d'Alexandr.
412 1755 496 1793 pag.
519 1744 572 1782 39
600 1747 636 1779 et
659 1743 814 1780 Cora'em

154 1799 202 1835 ad
222 1798 410 1835 Heliodor.
429 1799 599 1849 Aethiop.
616 1799 651 1835 X
676 1799 711 1836 in
723 1799 813 1836 Ani-

153 1855 353 1891 madverss.
376 1868 461 1904 pag.
484 1854 607 1896 348.κ
631 1876 686 1883 --
725 1856 816 1893 Per-

155 1924 263 1959 quam
283 1911 411 1947 similia
430 1912 483 1947 his
502 1916 600 1957 sunt,
623 1925 719 1960 quae
740 1912 816 1949 Lu-

155 1967 246 2003 cian.
268 1967 327 2004 De
346 1967 427 2016 Syr.
447 1968 515 2005 dea
537 1966 573 2018 §.
591 1970 644 2008 25
672 1982 707 2018 p.
735 1972 814 2010 110

154 2023 201 2060 T.
231 2022 280 2059 lX
311 2024 369 2059 ed.
395 2024 478 2073 Bip.
508 2024 632 2070 habet,
662 2025 722 2060 ubi
751 2038 814 2062 rex

154 2079 201 2116 ad
219 2079 463 2116 Combabum:
484 2074 640 2126 α’πίξεαι
659 2078 701 2118 δὲ
718 2076 814 2132 παρ’

152 2133 277 2183 ’ἡμέας
291 2132 386 2174 α’νευ
405 2135 627 2188 ἐσαγγελέος
647 2132 739 2175 ου’ὄέ
756 2152 814 2182 τις

152 2188 312 2243 ἀπέρξει
325 2204 364 2231 σε
376 2189 566 2258 ἡμετέρης
578 2190 632 2241 όψ
637 2208 709 2241 tog,
721 2189 813 2233 οὐδ’

151 2245 205 2299 ἢν
226 2248 383 2299 γυναικὶ
407 2245 489 2300 α’μα
509 2246 745 2299 εὐνάζωμαι.

207 2304 367 2357 γαμέειν
387 2303 429 2344 δὲ
447 2322 501 2357 μη
524 2305 683 2356 ἐξεῖναι]
715 2306 811 2344 Nam

150 2367 298 2412 praeter
313 2363 473 2412 pellices,
487 2376 576 2412 quas
600 2365 730 2400 multas
747 2363 812 2400 ha-

150 2419 261 2456 buere
281 2419 473 2456 Persarum
490 2433 609 2469 reges,
625 2433 708 2456 suas
729 2420 809 2469 qui-

151 2487 223 2523 que
248 2475 433 2513 habebant
462 2489 592 2514 uxores
617 2476 809 2525 legitimas,

151 2532 280 2579 quibus
294 2533 370 2569 nati
391 2532 457 2569 soli
476 2534 525 2569 ad
543 2534 809 2570 successionem

152 2587 271 2624 idonei
293 2594 423 2626 essent.
464 2590 547 2627 vid.
571 2590 598 2636 Ι,
620 2590 698 2630 135
721 2590 808 2638 ibiq.

151 2648 243 2679 nott.
253 2643 412 2681 Brisson.
423 2646 468 2683 de
490 2659 566 2694 reg.
580 2647 697 2683 Perss.
710 2647 811 2695 prin·

151 2699 219 2749 cip.
233 2699 260 2744 l,
278 2702 352 2740 106
374 2714 449 2750 seq.
476 2701 564 2739 Mox
576 2704 675 2752 apud
688 2703 806 2739 Gaisf.

148 2755 292 2793 invenio
341 2755 696 2797 συνεπαναστάτων
738 2772 806 2809 pro

149 2809 550 2864 συνεπαναστάντων,
608 2815 710 2865 quod
749 2829 807 2854 re-

147 2869 244 2906 duxi.

496 701 672 758 γαμέειν
706 702 752 745 δὲ
781 700 838 757 μὴ
867 700 1023 752 ἐξεῖναι
1055 698 1243 743 ἄλλοθεν
1278 703 1339 756 τῷ
1369 702 1490 755 βασι-

1056 773 1155 827 περὶ
1186 773 1231 815 δὲ
1268 775 1343 827 τῆς
1372 774 1550 827 βασι-35

923 842 1024 886 ὅτευ
1056 843 1112 886 ἂν
1146 842 1169 887 ὁ
1206 845 1337 893 ἵππος
1364 841 1494 898 ἡλίου

935 1001 1024 1045 ’ὅτευ
1056 1001 1108 1044 ἂν
1133 1001 1154 1044 ὁ
1181 1002 1328 1054 ἵππος]
1361 1002 1543 1053 „Augurii

881 1075 924 1100 ex
959 1063 1062 1111 equis
1099 1062 1197 1111 capti
1237 1062 1337 1111 apud
1376 1061 1541 1098 Graecos

879 1120 1079 1169 exemplum
1101 1119 1173 1155 vid.
1200 1131 1258 1167 ap.
1280 1118 1391 1154 Hom.
1406 1118 1543 1166 Hymn.

879 1177 916 1213 in
936 1175 1056 1226 Apoll.
1083 1177 1177 1216 ⁶231.
1206 1187 1283 1223 seq.
1306 1175 1428 1223 ibique
1451 1175 1546 1210 Bot-

878 1233 985 1281 tiger.
1009 1233 1045 1269 in
1068 1232 1246 1269 Matthiae
1269 1230 1543 1268 Animadversa

878 1290 914 1326 in
941 1290 1073 1338 Hymn.
1097 1289 1247 1325 Homer.
1269 1301 1305 1337 p.
1332 1287 1411 1327 157
1438 1289 1542 1336 seq.“

881 1345 946 1383 Cr.
980 1345 1199 1393 Wesseling.
1222 1345 1406 1389 observat,
1429 1344 1544 1381 videri

878 1402 1009 1440 Persas
1035 1402 1250 1438 matutinum
1281 1400 1416 1448 legisse
1446 1405 1541 1436 tem-

877 1472 958 1509 pus,
980 1459 1079 1508 quod
1099 1458 1212 1495 solem
1235 1457 1409 1494 orientem
1433 1469 1543 1494 vene-

876 1524 1063 1561 rarentur,
1095 1514 1175 1551 coll.
1196 1514 1351 1563 Procop.
1375 1513 1419 1549 B.
1440 1513 1480 1550 P.
1510 1513 1541 1559 Ι,

876 1573 915 1612 3.
931 1593 982 1600 —
1017 1571 1214 1608 Caeterum
1233 1570 1269 1606 in
1291 1569 1346 1606 his
1368 1582 1543 1606 enarran-

876 1628 931 1665 dis
955 1628 1139 1666 consentit
1153 1627 1298 1664 Ctesias
1323 1639 1401 1662 cum
1422 1626 1542 1662 Hero-

875 1685 977 1722 doto.
1037 1684 1093 1721 lta
1116 1684 1210 1722 enirn
1240 1683 1302 1720 Ille
1322 1682 1442 1721 Perss.
1465 1682 1538 1718 Ex-

873 1746 1002 1792 cerptt.
1025 1739 1060 1792 ἓ.
1079 1741 1147 1781 15:
1180 1734 1382 1791 βασιλεύει
1402 1735 1445 1777 δὲ
1456 1741 1538 1777 ταῖν

874 1795 969 1837 {mo}
1005 1796 1028 1836 ὁ
1063 1801 1256 1863 Δαρεῖος,
1285 1798 1358 1834 τοῦ
1393 1795 1536 1841 ἵππου,

872 1852 982 1894 καθα
1002 1852 1200 1893 συνέκειτο
1213 1848 1412 1902 αλληλοις,
1429 1848 1538 1902 πρώ-

871 1927 942 1951 του
963 1908 1334 1963 μηχανῇτινικαὶτε
1319 1907 1425 1962 έχνῃ,
1437 1907 1538 1947 ἐπει·

873 1965 924 2019 δη
949 1984 968 2007 ο
993 1965 1106 2018 η’λιος
1126 1982 1225 2017 προς
1246 1962 1441 2011 α’νατολας
1457 1964 1536 2016 ε’γέ-

871 2039 973 2071 νετο,
1003 2024 1313 2074 γρεμετίσειντος.
1362 2023 1536 2072 „Respe-

871 2086 1000 2118 xerunt
1028 2081 1123 2117 hunc
1144 2085 1180 2116 et
1196 2079 1329 2116 similes
1350 2078 1448 2114 locos
1472 2078 1534 2126 qui

873 2139 919 2175 de
937 2138 1084 2173 vocibus
1105 2135 1313 2173 animalium
1337 2140 1535 2184 praecepta

871 2194 1136 2242 consignarunt
1147 2191 1398 2236 Grammatici,
1411 2191 1470 2239 qui
1480 2191 1535 2227 fe-

870 2264 927 2288 re:
950 2245 1020 2299 e'qo'
1038 2249 1173 2288 ἵππων
1191 2248 1436 2299 χρεμετίζειν.
1451 2246 1534 2283 vid.

870 2312 1039 2344 Ammon.
1060 2305 1122 2351 Ill,
1139 2307 1189 2345 18
1210 2305 1337 2355 p-228
1355 2303 1530 2340 Valcken.

870 2363 1077 2400 Tittmanni
1113 2362 1233 2399 Praef.
1276 2361 1324 2398 ad
1362 2361 1533 2396 Zonarae

869 2419 959 2457 Lex.
978 2433 1013 2469 p.
1029 2418 1129 2465 Xlll,
1161 2423 1200 2456 et
1219 2430 1314 2467 quos
1341 2418 1429 2454 alios
1453 2415 1532 2452 lau-

868 2477 951 2513 davi
968 2477 1003 2512 in
1016 2475 1240 2513 Meletemm.
1261 2487 1281 2511 e
1300 2473 1438 2523 discipl.
1455 2473 1532 2509 An-

868 2533 934 2582 tiq.
958 2533 973 2568 Ι
1001 2546 1035 2582 p.
1059 2535 1109 2572 10
1128 2545 1210 2581 sqq.
1245 2530 1531 2581 Olympiodorus

867 2590 904 2626 in
930 2588 1095 2626 Platonis
1116 2588 1230 2625 Alcib.
1261 2599 1316 2638 pr.
1344 2599 1430 2638 pag·
1453 2585 1528 2625 46:

866 2641 996 2691 Αὐτὸς
1026 2645 1227 2693 (Δαρεῖος)
1257 2640 1322 2682 &ml
1355 2656 1530 2694 χρειιετι-

866 2704 969 2766 σμοῦ
988 2704 1058 2740 τοῦ
1087 2701 1214 2740 ι’ππου
1237 2695 1428 2750 ἐκτησατο
1454 2695 1528 2747 τὴν

865 2753 1005 2810 α’ρχήν,
1024 2759 1085 2795 ubi
1104 2757 1337 2795 Herodotum
1362 2756 1513 2792 laudat!
1505 2755 1529 2773 ‘⁴

868 2815 935 2852 Cr.
956 2837 1011 2842 -—
1028 2814 1087 2852 De
1098 2827 1195 2864 eques
1212 2814 1280 2850 soli
1300 2814 1412 2849 sacris
1432 2811 1527 2848 conf.

863 2871 894 2919 I,
915 2874 994 2914 189
1016 2870 1102 2920 ibiq.
1120 2875 1215 2908 nott.
1262 2867 1318 2907 Ae
1338 2872 1469 2920 sponte
1492 2867 1528 2903 in
