1904 3304
442 275 1005 317 MELPOMENE.
1061 275 1124 314 IV.
1337 279 1421 320 545

161 392 234 435 καὶ
272 387 460 445 ἡγεμόνα
497 386 569 430 καὶ
609 385 784 442 βασιλέα
823 384 1005 429 Βάττον.
1066 384 1182 429 οὕτω
1217 387 1269 443 δή
1308 387 1420 431 στέλ·

160 467 284 505 λουσι
314 458 394 502 δύο
424 457 792 512 πεντηκοντέρους
821 457 864 507 ἐς
893 456 972 513 τὴν
1003 457 1212 500 Πλατέαν.

17 530 115 581 154
273 533 419 572 Ταῦτα
450 527 493 570 δὲ
519 531 704 583 Θηραῖοι
734 528 923 582 λέγουσι·
955 528 1006 570 τα
1037 526 1078 571 δ’
1111 528 1310 571 ἐπίλοιπα
1339 532 1417 571 τοῦ

159 600 293 656 λόγου
324 597 622 653 συμφέρονται
652 598 733 654 ἤδη
768 602 954 653 Θηραῖοι
987 601 1288 654 Κυρηναίοισι.
1333 603 1420 642 Κυ-

1430 466 1476 500 50

1476 514 1698 549 Cyrenaeorum
1716 518 1752 545 de

1473 548 1565 576 Batto
1597 553 1751 578 narratio:

1492 582 1736 644 ῗὲῗῖξὴῖ-ἶρΐέ·

160 676 333 727 ρηυαῖοι
370 669 452 725 γὰρ
489 687 540 712 ‘ca
571 670 670 724 πέρὶ
699 669 869 712 Battov
899 668 1105 724 Ουδαμως
1134 670 1419 726 ΟμΟλΟγὲΟυσι
1475 649 1753 725 ξῗῗυῐῦςῧέἶῑῑλῗωὲᾘξῗῐὲ

1475 715 1607 744 'lberam
1627 718 1753 745 venerit.

129 749 152 782 2
165 742 406 797 Θηραίοισι.

156 809 278 863 Ἀξὸς
305 812 448 862 πόλις,

472 741 648 795 λέγουσι
691 740 772 794 γὰρ
813 738 950 781 οὕτω·

488 811 535 854 ἐν
564 829 614 868 τη
645 811 809 866 ἐγένετο
839 808 1057 865 Ἐτέαρχος
1086 812 1312 866 βασιλεύς

1009 740 1097 783 ἔστι
1133 744 1209 796 τῆς
1248 741 1422 825 Κρήτης

1372 830 1422 864 09

160 883 229 926 ἐπὶ
258 883 447 938 θυγατρὶ
477 881 681 937 οἷμήτορι,
721 886 773 937 τῇ
805 879 973 934 οὕνομα
1001 883 1057 936 ἠν
1089 884 1312 938 Φρονίμη,
1354 885 1423 926 ἐπὶ
1437 889 1479 926 55

132 954 296 1010 3ταύτῃ
328 955 453 1009 ἔγημε
483 951 616 1008 ἄλλην
644 968 846 1007 γυναικα.
886 949 912 1006 ἡ
945 952 990 994 δὲ
1019 950 1312 995 ἐπεσελθοῦσα
1340 954 1423 997 ἐδι-

160 1027 284 1068 καίευ
334 1023 445 1067 εἶναι
492 1024 565 1067 καὶ
611 1027 671 1080 τῷ
720 1023 832 1078 ἔργῳ
882 1022 1067 1078 μητρυιὴ
1112 1027 1167 1078 τῇ
1209 1026 1423 1081 Φρονίμῃ,

161 1094 410 1151 παρέχουσά
440 1110 484 1138 τε
513 1093 648 1147 κακοὶ,
674 1095 747 1138 καὶ
774 1098 865 1137 πᾶν
893 1092 960 1137 ἐπ’
983 1092 1095 1150 αὐτῇ
1114 1095 1420 1152 μηχανωμένη·

109 1294 166 1318 res
180 1309 191 1326 ‚
222 1293 374 1329 quorum
392 1280 600 1317 testimonia
621 1281 766 1318 adducit

109 1337 251 1384 Thrige
271 1336 365 1373 Hist.
388 1337 520 1386 (ἶμ-εῃ.
538 1349 621 1387 pag.
634 1335 699 1377 35.
711 1359 766 1364 -

108 1392 197 1429 Mox
227 1405 304 1429 cum
335 1398 487 1430 recentt.
524 1394 607 1430 edd.
640 1394 766 1444 scripsi

111 1448 175 1487 καὶ
192 1463 370 1500 ηγεμονα
392 1464 457 1487 και
478 1448 651 1499 βασιλέα,
673 1463 766 1498 quae

109 1505 246 1553 vulgo,
276 1505 481 1542 melioribus
511 1505 607 1541 libris
633 1507 765 1554 imnis,

111 1561 324 1610 legebantur
341 1563 483 1598 inverso
501 1561 638 1598 ordine.

168 1612 272 1655 οὕτω
290 1614 338 1666 δὴ
362 1616 560 1656 στέλλουσι
578 1614 650 1656 δύο
671 1632 764 1656 πεν-

110 1671 383 1723 τηκοντέρους]
423 1674 446 1709 i.
476 1687 507 1711 e.
541 1674 633 1710 (luas
660 1688 765 1711 naves

109 1733 366 1780 pentecouteros
390 1731 544 1766 mittunt.
590 1732 648 1767 Cf.
668 1736 762 1768 nott.

109 1787 158 1823 ad
179 1786 238 1832 ΙΙΙ,
260 1787 325 1827 52.
368 1785 484 1822 Unam
507 1787 615 1823 modo
634 1799 764 1824 navem

108 1842 189 1879 illos
221 1841 427 1892 implevisse
456 1843 580 1880 scribit
610 1843 764 1880 Iustinus

109 1898 216 1944 XIII,
247 1901 285 1939 7.

297 1954 362 1991 Ca
376 1968 412 2004 p.
445 1955 573 1992 CLIV.

169 2008 452 2062 συμφέρονται]
484 2013 592 2048 Conf.
611 2017 701 2049 nott.
720 2013 768 2049 ad

112 2067 174 2113 IV,
200 2068 263 2107 13.

169 2122 249 2161 ἔστι
277 2124 349 2170 τῆς
374 2118 533 2171 Κρήτης
558 2118 670 2169 Ἀξός
696 2121 767 2162 πό-

113 2177 188 2228 λις]
244 2178 429 2226 „Epicum
463 2180 624 2224 initium
673 2181 767 2216 conf.

114 2236 248 2282 Odyss.
270 2235 370 2279 xlx,
395 2238 474 2275 172
497 2241 532 2272 et
549 2237 701 2283 Kriiger.
720 2237 767 2273 ad

111 2290 265 2338 Dionys.
285 2291 402 2327 Halic.
425 2291 765 2343 Historiographp.

114 2347 218 2387 85.“
251 2346 315 2383 Cr.
355 2367 410 2373 —
448 2347 556 2397 Apud
594 2349 768 2398 Stephan.

113 2402 205 2452 Byz.
230 2416 316 2453 pag.
349 2404 426 2442 601
469 2410 767 2441 commemoratur

117 2459 247 2496 Cretae
275 2459 357 2495 urbs
371 2456 536 2507 ’Όαξος,
574 2461 672 2509 quod
700 2473 768 2497 no-

117 2527 197 2551 men
216 2516 319 2552 suere
344 2516 405 2564 qui
428 2528 449 2552 a
477 2517 555 2554 loco
579 2517 767 2566 praecipiti

117 2571 342 2617 derivarent,
390 2585 469 2608 cum
509 2578 602 2610 teste
639 2574 767 2610 eodem

117 2626 319 2675 StephanO,
339 2627 513 2665 eiusmodi
528 2629 607 2666 loca
629 2630 768 2679 praeci-

117 2682 208 2730 pitia
229 2687 357 2718 vocent
381 2679 510 2730 ὄξους.
561 2686 670 2730 Quod
692 2698 767 2722 non

116 2738 211 2785 fugit
223 2737 271 2773 ΙΙ
274 2737 502 2786 esselingium
520 2747 768 2790 quaerentem,

118 2805 204 2829 num
230 2794 358 2830 eadem
380 2795 426 2830 sit
455 2797 537 2833 urbs
556 2803 667 2847 atque
690 2802 769 2836 Σα-

822 1278 991 1329 Apollon.
1019 1280 1143 1318 Rhod.
1175 1281 1212 1325 I,
1248 1283 1351 1322 1131
1395 1282 1478 1322 coll.

823 1337 925 1375 Serv.
963 1337 1011 1373 ad
1040 1337 1167 1385 virgil.
1194 1337 1320 1386 Eciog.
1348 1337 1383 1384 I,
1410 1341 1476 1378 66.

823 1391 903 1429 Alia
932 1394 1032 1442 quod
1054 1393 1152 1430 nulla
1178 1393 1382 1430 inveniatur
1408 1408 1479 1445 op-

823 1449 899 1498 pidi
931 1450 1087 1495 mentio,
1138 1450 1176 1486 id
1220 1451 1305 1487 inde
1344 1453 1478 1501 repetit

823 1505 1006 1542 Mannert.
1029 1506 1114 1542 wll
1133 1519 1168 1555 p.
1190 1509 1285 1553 726,
1314 1508 1412 1555 qnod
1430 1508 1477 1544 ad

823 1561 1066 1599 Eleuthernae
1087 1563 1261 1599 ditionem
1279 1564 1479 1612 probabili-

822 1621 879 1654 ter
910 1618 1123 1666 pertinuerit
1157 1630 1231 1654 non
1273 1619 1397 1667 procul
1431 1620 1476 1656 ab

822 1686 866 1710 ea
910 1674 990 1722 ipsa
1038 1675 1127 1711 urbe
1167 1687 1283 1724 prope
1329 1676 1478 1712 fluvium

824 1730 971 1777 Oamm,
994 1730 1056 1778 qui
1068 1730 1263 1767 Mannerto
1283 1731 1378 1768 idem
1399 1745 1480 1770 esse

821 1787 964 1823 videtur
981 1793 1090 1835 atque
1109 1782 1234 1823 Petrea
1252 1788 1480 1826 occidentem

821 1855 945 1880 versus
960 1843 1006 1878 ab
1019 1843 1108 1880 urbe
1116 1842 1259 1880 Retimo
1272 1846 1480 1882 decurrens.
1497 1877 1503 1881 .

881 1896 925 1945 ὃς
945 1897 1008 1937 ἐστὶ
1033 1897 1203 1952 θυγατρὶ
1226 1921 1277 1927 —-
1301 1898 1365 1938 ἐπὶ
1383 1896 1479 1939 ταύ-

823 1970 869 2008 τῃ
891 1954 1022 2005 ἔγημε]
1064 1955 1084 1992 i.
1107 1969 1137 1993 e.
1160 1958 1222 2004 qui
1241 1957 1480 2006 qnumfilr‘am

825 2012 963 2047 haberet
993 2015 1103 2047 matre
1127 2013 1307 2057 orbatam,
1348 2013 1479 2049 alteras

825 2070 909 2104 iniit
941 2069 1101 2116 nuptias,
1150 2068 1244 2113 sive,
1292 2072 1332 2105 ut
1377 2069 1480 2105 Valla

823 2124 1001 2160 reddidit:
1033 2125 1191 2169 „amissa
1204 2137 1322 2171 uxore,
1336 2125 1479 2162 induxit

814 2180 920 2229 filiae
938 2180 1157 2216 novercamf‘
1206 2180 1281 2217 Ubi
1304 2181 1351 2218 de
1373 2194 1480 2231 prae-

823 2237 1010 2285 positionis
1030 2234 1093 2273 ἐπὶ
1113 2236 1380 2283 significatione
1400 2237 1478 2274 lau-

824 2292 932 2329 dasse
950 2291 1107 2328 sufficiat
1124 2292 1315 2330 Matthiae.
1335 2294 1399 2329 Gr.
1411 2294 1477 2331 Gr.

822 2360 907 2397 pag.
928 2350 1046 2388 1166.
1075 2348 1128 2385 Ac
1148 2349 1268 2386 similis
1287 2351 1478 2400 praeposi-

823 2405 931 2440 tionis
958 2405 1011 2441 vis
1043 2405 1079 2441 in
1101 2405 1211 2443 verbo
1242 2406 1476 2455 subsequenti

824 2459 1107 2500 ἐπεσελθοῦσα.
1174 2461 1233 2498 De
1266 2464 1479 2511 pronomine

825 2518 1110 2555 demonstrativo
1128 2518 1282 2567 repetito
1301 2520 1395 2555 conf.
1415 2519 1477 2566 lv,

827 2576 925 2619 122,
959 2587 1005 2610 ne
1025 2574 1138 2624 plura.
1183 2573 1343 2612 Nomina
1366 2575 1478 2611 Phro-

822 2631 930 2666 m'mes
961 2642 1003 2667 ac
1037 2630 1250 2667 Themisonis
1282 2631 1476 2679 allegorica

823 2698 904 2723 esse
945 2688 1132 2724 contendit
1171 2687 1213 2723 C.
1251 2687 1297 2724 O.
1327 2687 1474 2730 militer.

824 2741 1040 2780 Orchomen.
1060 2756 1145 2793 pag.
1169 2741 1263 2782 342

884 2800 966 2836 πᾶν
989 2794 1054 2837 ἐπ’
1076 2814 1175 2852 αυτῃ
1202 2799 1479 2850 μηχανωμένη]

120 2844 210 2895 ξός,
240 2850 338 2885 cuius
355 2849 491 2898 aliquot
510 2855 688 2903 supersint
704 2869 771 2892 nu-
826 2855 849 2892 i
872 2867 905 2892 e.
935 2856 1059 2904 quide·
1046 2869 1074 2891 ις
1101 2855 1266 2892 αιῖιενειιε
1289 2857 1388 2893 vllam
1411 2870 1481 2892 mo-

119 2905 178 2941 mi.
222 2904 395 2941 Osffldem
413 2907 575 2947 tellurem
595 2915 772 2949 memorat
830 2911 928 2948 [cens.
958 2910 1038 2950 Nec
1056 2910 1194 2950 aliter'
1178 2910 1242 2950 επὶ
1259 2925 1339 2949 cum
1358 2914 1481 2950 dativo

173 2960 380 2998 Hnnonor.
401 2961 446 2998 ΙΙ.

1153 2967 1206 3008 35
