1904 3304
512 201 1079 241 MELPOMENE.

1140 203 1199 240 lv,
1407 204 1490 244 279

217 309 469 365 ρεωμένοισι
498 310 722 367 ἐσβάλλειν
748 316 861 355 τοῖσι
881 311 1089 368 Σκύθῃσι
1117 309 1488 367 ἀντικατιζόμενοι

189 379 438 437 δέμάχοντο.
496 382 727 439 γινομένης
765 384 812 427 δὲ
854 382 991 440 μάχης
1035 380 1268 433 πολλάκις,
1321 383 1394 426 καὶ
1433 382 1486 426 οὐ

214 450 473 506 δυναμένων
494 453 628 497 οὐδὲν
646 455 779 497 πλέον
804 455 913 510 ἔχειν
934 457 1022 498 τῶν
1044 452 1262 496 Σκυθέων
1282 456 1336 509 τῇ
1358 452 1488 510 μάχῃ,

185 527 204 562 4
218 520 277 574 εἷς
291 521 439 566 αὐτῶν
454 525 562 577 ἔλεξε
581 524 694 569 τάδε·
737 524 847 578 ,,Οἷα
869 529 1094 580 ποιεῦμεν,
1115 524 1272 578 ἄνδρες
1284 523 1541 575 Σκύθαιςίιὸ

212 592 410 638 δούλοισι
438 601 550 639 τοῖσι
582 595 830 653 ἡμετέροισι
857 595 1117 652 μαχόμενοι,
1154 593 1283 639 αὐτοί
1298 610 1342 638 τε
1363 593 1485 638 ἐλάσ-
1520 601 1527 612 ’

209 677 335 716 σονες
355 667 629 723 κτεινόμενοι
657 666 883 724 γινόμεθα,
915 668 989 710 καὶ
1017 668 1212 718 ἐκείνους
1240 668 1482 719 κτείνοντες

179 736 464 780 σέλασσόνων
494 739 543 782 τὸ
573 740 730 782 λοιπὸν
769 738 966 793 ἄρξομεν.
1023 742 1109 782 νῦν
1140 733 1204 782 ὧν
1232 755 1308 793 μοι
1341 736 1482 782 δοκέει

207 807 362 863 αἰχμὰς
380 808 458 863 μὲν
477 809 548 852 καὶ
570 809 671 862 τόξα
688 815 889 866 μετεῖναι·
918 808 1110 865 λαβόντα
1133 809 1179 853 δὲ
1199 809 1383 852 ἕκαστον
1401 812 1484 853 τοῦ
1495 814 1540 849 50

178 881 347 923 6ἳππου
363 879 442 936 τὴν
463 881 659 936 μάστιγα,
681 881 792 925 ἰέναι
813 877 954 924 ἆσσον
973 879 1133 924 αὐτῶν.
1163 879 1285 936 μέχρι
1303 880 1382 936 μἐν
1394 878 1480 936 γὰρ

206 951 346 1005 ὥρεον
377 951 511 1008 ἡμέας
546 951 662 995 ὅπλα
696 952 897 1008 ἔχοντας,
940 954 984 995 οἷ
1021 952 1066 995 δὲ
1097 951 1296 1007 ἐνόμιζον
1332 949 1480 1007 ὁμοῖοί

204 1039 247 1066 τε
287 1023 360 1065 καὶ
408 1023 449 1075 ἐξ
495 1021 660 1078 ὁμοίων
699 1023 805 1080 ἡμῖν
846 1022 984 1067 εἶναι·
1041 1021 1171 1066 ἐπεάν
1211 1022 1257 1066 δὲ
1297 1024 1479 1067 ἴδωνται

201 1092 410 1150 μάστιγας
450 1093 549 1138 ἀντὶ
592 1094 740 1138 ὅπλων
785 1095 984 1152 ἔχοντας,
1037 1092 1254 1150 μαθόντες
1295 1093 1353 1146 ὥς
1395 1095 1477 1138 εἰσι

200 1164 399 1222 ἡμέτεροι
428 1168 603 1219 δοῦλοι,
635 1167 709 1210 καὶ
740 1166 1000 1223 συγγνόντες
1026 1170 1182 1219 τοῦτο,
1216 1162 1300 1209 οὐκ
1318 1162 1478 1220 ὑπομε-
1536 1169 1619 1207 282

108 1246 139 1289 -1,
198 1236 362 1281 νέουσι.
375 1241 400 1262 “

472 1241 621 1281 Ταῦτα
660 1236 927 1290 ἀκούσαντες
970 1239 1015 1281 οἱ
1042 1236 1246 1289 Σκύθαι,

1290 1236 1467 1280 ἐποίευν
1479 1242 1522 1276 55

198 1308 403 1352 ἐπιτελέα.
463 1310 506 1352 οἱ
536 1308 578 1353 δ’
610 1309 892 1366 ἐκπλαγέντες
919 1312 980 1364 τῷ
1011 1308 1254 1369 γινομένῳ,
1283 1312 1361 1365 τῆς
1389 1307 1473 1364 μά-

142 1494 254 1545 Apud
274 1495 509 1532 Herodotum
544 1497 717 1546 frequens
741 1495 807 1531 ob-

141 1552 258 1588 vium:
299 1553 504 1602 Μαιῆτις,
540 1553 576 1598 Ι,
615 1552 706 1593 104.
742 1551 807 1598 IV,

141 1609 194 1648 86
228 1607 310 1654 (nbi
333 1608 444 1645 Ponti
476 1614 593 1646 mater
627 1609 807 1656 vocatur),

142 1666 196 1705 20
220 1664 303 1709 (ubi
325 1663 405 1701 libri
424 1661 608 1716 variant),
651 1668 718 1705 21.
739 1665 804 1706 57.

145 1722 236 1762 100.
263 1723 354 1761 101.
384 1724 586 1762 11o.116.
611 1724 703 1769 120,
726 1721 804 1758 coll-

142 1776 206 1823 IV,
227 1775 294 1818 45·
330 1779 430 1823 1233
470 1779 570 1827 quod
593 1791 724 1816 nomen
745 1791 807 1815 au-

141 1837 243 1870 ctore
255 1833 404 1870 Rittero
418 1833 604 1884 (Vorhalle
621 1849 708 1885 pag.
726 1835 803 1875 151

144 1902 219 1937 seq.
241 1891 319 1929 161
347 1891 473 1938 seqq.)
502 1892 732 1928 referendum
757 1892 805 1928 ad

143 1957 279 1982 nomen
314 1944 453 1982 Matris
487 1945 652 1996 IlIagnae
691 1948 807 1984 Deam

141 1997 326 2052 (Μήτηρ,
350 2004 518 2052 libiz-tq),
539 2017 633 2052 quae
644 2006 803 2042 omnium

141 2059 177 2094 in
211 2059 342 2094 natura
371 2072 489 2096 rerum
510 2073 643 2110 parens
664 2073 706 2098 ac
737 2073 805 2097 nu-

140 2114 208 2150 trix
240 2114 455 2152 celebretur.
513 2116 562 2152 Et
597 2118 722 2154 confer
754 2118 802 2154 sis

139 2182 288 2219 quoque
310 2171 490 2208 Eustathii
513 2173 699 2223 disputata
721 2173 800 2210 loeo

138 2226 298 2264 laudato.
331 2227 361 2265 C
369 2242 396 2266 r.
416 2230 570 2265 conferri
590 2229 666 2266 vult
686 2230 801 2266 Schis-

139 2296 308 2321 nemann.
319 2284 458 2334 Geogr.
470 2285 671 2334 Argonaut.
685 2299 720 2336 p.
733 2289 798 2327 36.

195 2335 546 2392 εἷντικατιζόμενοι]
595 2342 711 2380 Valde
743 2343 800 2380 hic

136 2396 312 2434 fluctuant
330 2397 409 2434 libri
429 2399 567 2448 scripti,
593 2399 686 2436 inter
707 2412 798 2448 quos

138 2451 323 2490 Mediceus
334 2481 344 2500 ,
401 2454 633 2492 Florentinus
646 2468 655 2500 3
717 2456 774 2492 alii
788 2470 796 2493 :

141 2502 489 2560 α’ντικατιεύμενοι.
558 2511 629 2549 Alii
680 2511 793 2550 aliter.

139 2562 195 2622 Ajl
224 2564 441 2604 locutionem
460 2567 680 2617 W'esseling.
710 2568 796 2606 citat

139 2618 203 2684 wi
219 2622 283 2661 77.
314 2622 376 2669 IX,
398 2626 473 2664 26:
513 2620 644 2664 ἄντίοι
663 2625 793 2672 ἵζοντο

138 2688 220 2721 τοις
241 2691 431 2717 κατιουσι.

186 2727 330 2771 αὕτοί
366 2749 414 2773 τε
451 2732 660 2783 ἐλάσσονες
692 2751 791 2776 κτει-

139 2783 296 2838 νόμενοι
315 2785 522 2842 γινόμεθα]
568 2793 689 2832 Verba
716 2788 791 2832 αὕ-

136 2844 196 2883 roi
228 2860 288 2892 τε,
337 2859 433 2896 quae
475 2849 583 2898 vulgo
622 2851 788 2897 deerant,

865 1508 945 1532 cum
972 1498 1123 1533 recentt.
1157 1494 1260 1532 editt.
1287 1494 1445 1540 inserui3
1484 1493 1525 1530 li-

865 1552 940 1588 bris
962 1551 1107 1601 scriptis
1126 1551 1401 1588 fluctuantibus.

920 1603 1097 1659 λαβόντα
1117 1605 1160 1646 δὲ
1183 1606 1347 1646 ἕκαστον
1366 1608 1440 1645 τοῦ
1459 1606 1524 1645 ἵπ-

864 1679 944 1703 που
968 1661 1043 1715 τὴν
1069 1660 1237 1716 μάστιγα
1263 1678 1298 1702 κ.
1316 1678 1348 1701 τ.
1366 1663 1413 1712 λ.]
1448 1665 1522 1701 Re—

863 1722 969 1771 spicit
992 1721 1081 1758 haec
1100 1721 1271 1758 Eustath.
1301 1721 1349 1756 ad
1369 1720 1522 1770 Dionys.

863 1777 1007 1827 Perieg.
1029 1777 1123 1818 364.
1166 1776 1221 1814 Ac
1250 1781 1440 1827 praeterea
1467 1777 1523 1814 hic

863 1834 1018 1872 conferri
1061 1833 1190 1871 volunt
1234 1834 1359 1870 lustin.
1397 1834 1445 1879 ΙΙ,
1485 1833 1522 1873 5,

863 1891 1055 1928 Claudian.
1072 1891 1108 1927 in
1121 1891 1273 1940 Eutrop.
1289 1890 1318 1937 l,
1331 1891 1426 1937 508,
1438 1889 1519 1926 coll.

862 1947 1059 1985 Menandr.
1079 1946 1204 1995 Eclog.
1226 1947 1358 1996 Legat.
1379 1960 1417 1997 p.
1441 1948 1521 1987 137

862 2004 1106 2049 ed.H0esch.,
1126 2004 1187 2040 ubi
1205 2003 1339 2041 similes
1351 2003 1520 2040 Turxan-

859 2061 911 2096 thi
939 2060 975 2097 in
996 2060 1148 2097 rebelles
1168 2061 1299 2096 minae.
1352 2060 1391 2096 In
1414 2071 1518 2107 seqq.

858 2116 987 2165 reliqui
1008 2112 1152 2167 ὥρεον,
1184 2128 1263 2152 cum
1284 2115 1410 2152 melius
1429 2115 1517 2163 quid

858 2172 938 2209 libri
961 2185 1034 2209 non
1054 2172 1239 2209 afferrent.
1287 2172 1396 2208 Conf.
1424 2175 1517 2208 nott.

858 2230 906 2267 ad
929 2229 992 2276 ΙΙΙ,
1015 2231 1104 2269 118.
1136 2228 1225 2265 Mox
1249 2228 1389 2266 restitui
1407 2227 1449 2266 οἷ
1462 2224 1518 2274 δὲ,

858 2298 880 2322 a
907 2286 1117 2322 Gaisfordio
1149 2290 1327 2322 mutatum
1355 2285 1392 2322 in
1435 2284 1518 2323 οἵδε

857 2346 894 2379 et
921 2342 1221 2380 antecedentibus
1243 2342 1361 2378 verbis
1385 2341 1516 2378 adiun-

855 2403 975 2436 ctum:
1015 2411 1035 2436 a
1059 2399 1189 2448 quibus
1209 2398 1380 2447 equidem
1408 2410 1514 2447 sepa-

854 2456 943 2503 ravi,
956 2469 1036 2492 cum
1055 2455 1102 2491 ad
1119 2450 1297 2505 ἐνόμιζον
1315 2455 1512 2505 pertineat,

853 2512 961 2562 plane
986 2516 1025 2548 ut
1051 2513 1087 2548 in
1118 2511 1221 2548 simili
1248 2513 1328 2549 loco
1356 2511 1410 2558 ΙΙ,
1443 2513 1511 2557 39,

854 2569 916 2605 ubi
934 2569 1008 2605 vid.
1026 2572 1168 2607 notata.

1081 2625 1192 2674 Cap.
1222 2624 1283 2661 IV.

906 2679 1067 2720 ἐποίευν
1098 2678 1286 2730 ἐπιτελέα]
1325 2679 1384 2718 De
1412 2680 1509 2716 locu-

849 2737 950 2776 tione
968 2739 1062 2774 conf.
1084 2741 1177 2774 nott.
1200 2738 1248 2774 ad
1270 2737 1333 2783 111,
1359 2739 1422 2778 16.
1470 2737 1511 2772 ln

850 2795 1012 2845 proxime
1033 2807 1115 2843 sqq.
1146 2807 1227 2831 cum
1250 2794 1336 2831 edd.
1358 2796 1511 2830 recentt.

850 2851 976 2901 scripsi
1014 2848 1307 2898 ἐξελασθέντες
1337 2863 1405 2900 pro
1435 2847 1509 2895 ἐξε-

1531 1233 1656 1267 sugatur
1678 1231 1807 1268 denique

1531 1266 1671 1302 flagellis.
