1904 3304
430 218 515 261 222

826 217 1299 256 HERODOTI

430 329 540 372 τὲειν
577 325 816 383 ἐπενοήθη,
859 325 993 380 πάρεξ
1033 327 1214 379 Μίνωός
1252 345 1296 372 τε
1337 333 1419 372 τοῦ
1455 330 1702 380 Κνωσσίου,

430 401 504 446 καὶ
542 401 577 443 εἰ
608 396 661 455 δή
692 415 756 449 τις
792 397 921 448 ἄλλος
950 396 1161 452 πρότερος
1189 398 1349 443 τούτου
1377 394 1478 457 ἦρξε
1507 404 1582 456 τῆς
1610 405 1703 443 θα·-

433 471 614 527 λάσσης·

673 474 748 525 τῆς
780 468 824 511 δὲ
855 466 1143 537 ἅνθρωπήΐης
1172 471 1401 527 λεγομένης
1434 475 1581 528 γενεῆς
1611 474 1703 514 Πο-
1715 477 1760 511 85

433 543 652 598 λυκροέτης
682 540 770 583 ἐστὶ
798 543 995 594 πρῶτος,
1027 539 1202 592 ἐλπίδας
1219 541 1382 593 πολλάς
1408 543 1516 598 ἔχων
1541 542 1704 599 Ἰωνίης
1766 555 1849 595 259

408 618 486 658 4τε
517 614 588 657 καὶ
625 613 770 669 νήσων
807 612 964 667 ἄρξειν.
1025 612 1183 667 μαθών
1221 607 1283 655 ὧν
1319 614 1455 657 ταῦτά
1490 631 1564 670 μιν
1602 617 1705 658 δια-

436 685 677 740 νοεύμενον
698 683 720 728 ὁ
744 682 966 740 Ὀροίτης,
995 681 1166 738 πέμψας
1195 682 1418 741 ἀγγελίην,
1450 686 1562 740 ἔλεγε
1582 684 1703 729 τάδε·

405 759 735 811 5,,ΟΡΟΙΤΗΣ
763 758 1152 800 ΠΟΛΤΚΡΑΤΕΙ
1177 755 1314 799 ὩΑΕ
1343 759 1536 800 ΛΕΓΕΙ.
1587 760 1705 799 Πυν-

432 829 630 885 θάνομαι
671 825 968 883 ἐπιβουλεύειν
1008 839 1054 871 σε
1095 826 1318 884 πρήγμασι
1348 827 1593 883 μεγάλοισι,
1632 827 1763 871 καὶ90

431 899 630 959 χρήματα
657 916 726 943 τοι
757 898 839 942 οὐκ
869 896 980 942 εἶναι
1009 901 1118 942 κατὰ
1147 900 1200 942 τὰ
1230 898 1502 955 φρονήματα.
1542 899 1597 942 σύ
1623 915 1708 942 νυν

433 967 516 1016 ὦδε
545 970 757 1027 ποιήσας,
790 969 1003 1024 ὀρθώσεις
1034 970 1112 1026 μὲν
1143 970 1353 1022 σεωυτὸν,
1385 969 1538 1021 σώσεις
1569 969 1614 1013 δὲ
1634 969 1707 1012 καὶ

403 1042 519 1100 δέμέ.
579 1043 675 1098 ἐμοὶ
706 1041 789 1098 γὰρ
822 1041 1025 1099 βασιλεύς
1053 1040 1295 1099 Καμβύσης
1328 1041 1598 1098 ἐπιβουλεύει
1626 1038 1708 1084 θά-

375 1218 584 1269 ptendecim
612 1216 777 1265 gentium
805 1218 1043 1253 recensentur

375 1273 727 1325 θαλασσοκρατίαι.

431 1383 557 1438 πάρεξ
572 1382 745 1433 Μίνωός
756 1399 797 1425 τε
817 1388 890 1426 τοῦ
904 1388 1044 1424 Κνωσ-

379 1443 483 1496 σίου]
496 1445 582 1482 Duo
594 1443 673 1481 libri
688 1443 798 1482 Μίν
811 1459 841 1482 ω
862 1457 920 1491 τε,
942 1443 1042 1492 quod

378 1515 452 1539 non
493 1501 739 1552 spernendum
786 1514 867 1537 esse
913 1500 1044 1537 statuit

379 1559 535 1597 wessel.
560 1559 750 1595 conferens
771 1556 930 1606 Etymol.
948 1569 1041 1605 m.p.

379 1616 477 1661 588,
493 1616 558 1656 28.
617 1614 698 1652 Nee
718 1614 927 1662 infrequens
951 1612 1044 1649 haec

379 1672 530 1720 genitivi
569 1672 706 1716 forma,
747 1671 795 1707 de
837 1671 909 1719 qua
948 1669 1041 1706 conf.

381 1728 515 1766 Matth.
540 1728 607 1764 Gr.
640 1728 705 1764 Gr.
730 1725 765 1777 ᾗ.
791 1729 844 1767 70
869 1730 936 1763 not
962 1728 986 1764 3
1007 1738 1041 1774 p.

384 1785 476 1826 153.
508 1784 647 1821 Herod.
674 1784 702 1830 I,
735 1785 827 1823 171.
850 1804 906 1810 —
934 1782 1040 1819 Cnos-

383 1843 457 1878 sius
477 1841 606 1877 dicitur
624 1840 760 1886 Minos,
792 1852 901 1889 quum
923 1840 1045 1876 Cnos-

383 1911 443 1934 sus
462 1898 546 1934 urbs
565 1898 715 1946 antiqua
734 1901 832 1934 esset
850 1896 951 1944 regia
971 1894 1045 1931 Mi-

382 1955 462 1992 nois
492 1954 620 1999 sedes,
660 1954 790 2003 opibus
825 1954 1045 2001 aediumque

381 2011 575 2061 splendore
604 2011 756 2059 insignis
783 2010 944 2058 indeque
969 2021 1047 2045 ma-

382 2069 478 2105 xime
490 2066 671 2104 celebrata
689 2080 757 2117 per
776 2066 1044 2115 antiquitatem.

383 2123 479 2161 Alibi
500 2136 569 2160 vox
591 2137 671 2161 cum
695 2135 766 2160 una
785 2127 820 2161 6*
841 2123 977 2173 scripta
990 2134 1047 2159 re-

381 2181 541 2232 peritur,
568 2181 615 2217 de
646 2193 719 2229 qua
752 2179 928 2230 scriptura
967 2192 1047 2215 mo-

379 2241 536 2275 nuerunt
554 2235 691 2274 Moser.
715 2241 752 2273 et
775 2236 907 2273 Creuz.
925 2235 1047 2272 adCi-

382 2306 454 2333 cer.
474 2294 520 2330 de
538 2292 657 2341 Legg.
681 2293 744 2339 1‚5
767 2304 850 2342 pag.
867 2294 920 2332 39
943 2292 989 2329 de
1007 2303 1046 2328 re

384 2362 532 2399 quoque
558 2355 762 2386 monentes.
802 2348 858 2384 Tu
883 2348 968 2384 add.
991 2348 1048 2384 in-

384 2406 509 2456 primis
527 2404 666 2441 Hoeck.
691 2405 821 2441 Ctreta
844 2404 858 2440 l
881 2417 965 2454 pag.
982 2406 1045 2444 10.

385 2463 478 2503 403.
508 2461 551 2506 ll,
582 2462 672 2502 182.
714 2460 772 2497 De
801 2461 881 2510 ipso
907 2459 1047 2506 Minoe,

385 2519 493 2556 maris
522 2517 711 2567 imperium
739 2517 799 2565 qui
826 2517 962 2566 primus
989 2517 1045 2552 in-

386 2580 443 2613 ter
466 2575 628 2611 Graecos
651 2574 812 2610 tenuisse
832 2574 956 2619 fertur,
975 2573 1046 2608 vid.

387 2631 555 2680 Thucyd.
580 2630 607 2675 l,
628 2629 663 2669 4.
702 2629 855 2666 Diodor.
886 2630 957 2665 Sic.
983 2628 1048 2674 lv,

387 2689 454 2728 60.
476 2686 519 2733 V,
541 2686 594 2727 54
615 2685 697 2731 alia,
720 2698 813 2734 quae
832 2686 1048 2734 interpretes

387 2743 615 2791 Thucydidis
635 2754 719 2792 pag.
742 2741 807 2781 64.
834 2743 891 2779 ed.
917 2742 1050 2778 Gervi-

388 2800 427 2837 ni
446 2798 654 2836 attulerunt.
701 2796 797 2835 Add.
815 2798 958 2836 Hoeck.
982 2797 1004 2834 Ι.
1024 2796 1046 2835 l.

388 2856 421 2893 11
439 2868 526 2908 pag.
548 2857 629 2896 201
649 2867 753 2904 seqq.

1157 1212 1224 1252 καὶ
1255 1212 1290 1252 εἰ
1317 1208 1368 1262 δή
1397 1228 1455 1259 τις
1475 1228 1509 1251 κ.
1534 1227 1565 1250 τ.
1588 1212 1635 1261 λ.]
1669 1211 1764 1250 Ante

1099 1270 1264 1308 Minoem
1277 1271 1424 1319 quidem
1447 1282 1569 1315 nemo,
1588 1274 1765 1318 quantum

1100 1328 1283 1373 novimus,
1302 1329 1645 1378 θαλασσοκρατῶν
1664 1325 1765 1376 apud

1101 1385 1265 1422 Graecos
1301 1383 1523 1430 celebratur,
1569 1383 1636 1420 sed
1670 1382 1765 1419 inter

1101 1441 1265 1478 Minoem
1304 1446 1342 1478 et
1372 1440 1603 1490 Polycratem
1639 1438 1765 1489 plures

1101 1501 1336 1535 recensentur
1365 1497 1410 1534 ab
1435 1497 1607 1533 Africano
1633 1501 1672 1533 et
1691 1495 1764 1531 Eu-

1100 1555 1203 1591 sebio
1242 1554 1280 1590 in
1317 1553 1520 1590 Chronicis.
1592 1552 1765 1601 Quapro-

1099 1615 1182 1661 pter
1202 1609 1258 1647 Cr.
1281 1610 1436 1646 conferri
1457 1609 1531 1646 vult
1557 1608 1765 1658 Synccllum

1099 1680 1184 1717 pag.
1213 1669 1293 1706 172
1318 1667 1361 1702 C.
1396 1671 1432 1703 et
1458 1665 1593 1703 Euseb.
1626 1665 1763 1701 Chron.

1103 1736 1147 1760 ex
1167 1724 1247 1761 cod.
1261 1726 1407 1760 Armvn.
1428 1735 1546 1771 nuper
1567 1722 1627 1759 ed.
1645 1721 1657 1757 l
1686 1733 1763 1770 cap.

1103 1782 1156 1820 36
1177 1792 1262 1830 pag.
1286 1781 1364 1820 168
1394 1779 1452 1817 ed.
1474 1777 1675 1815 Mediolan.
1699 1777 1766 1814 Gr.

1101 1850 1138 1887 p.
1159 1837 1224 1877 51.
1247 1836 1393 1872 Arinen.
1417 1835 1475 1873 ed.
1497 1836 1626 1872 Y.enet

1159 1894 1232 1942 τῆς
1260 1891 1302 1931 δὲ
1321 1887 1588 1942 εἷνθρωπηίης
1611 1888 1766 1958 λεγομὲ·

1102 1964 1176 1999 νης
1195 1947 1351 2000 γενεῆς]
1384 1944 1628 1999 ἅνθρωπηῖη
1649 1943 1765 2000 γενεή

1103 2007 1196 2055 (qua
1222 2006 1310 2043 alias
1332 2006 1429 2043 vitae
1453 2005 1633 2043 humanae
1654 2005 1769 2054 signi-

1103 2064 1231 2100 [icatur
1267 2063 1445 2112 spatium3
1473 2063 1566 2099 conf.
1601 2062 1654 2108 ΙΙ,
1686 2059 1766 2101 142

1103 2120 1190 2168 ibiq.
1211 2118 1320 2169 nott.)
1342 2119 1376 2156 h.
1393 2118 1415 2155 l.
1436 2122 1581 2168 tempus
1597 2113 1767 2166 designat

1103 2176 1320 2223 historicum,
1343 2175 1445 2224 quod
1466 2175 1617 2220 dicitur,
1645 2174 1766 2223 quod-

1104 2245 1175 2282 que
1195 2232 1393 2282 opponitur
1411 2233 1461 2285 τῇ
1481 2232 1649 2284 μυθικῇ,
1670 2242 1766 2278 quae

1103 2288 1250 2326 heroica
1280 2289 1505 2325 Graecorum
1536 2299 1578 2323 ac
1605 2286 1766 2335 mythica

1103 2343 1306 2394 (sabulosa)
1325 2349 1382 2381 est
1401 2348 1516 2390 aetas,
1546 2343 1582 2379 in
1600 2344 1672 2392 qua
1691 2355 1766 2379 non

1104 2407 1203 2438 certa
1233 2405 1377 2438 constat
1399 2405 1435 2437 et
1458 2412 1578 2437 rerum
1606 2406 1644 2437 et
1673 2403 1766 2436 tem-

1103 2470 1232 2508 porum
1260 2457 1364 2493 ratio.
1422 2455 1567 2492 Monuit
1597 2456 1621 2493 1.
1651 2456 1768 2492 Scali-

1105 2527 1180 2562 ger.
1204 2514 1295 2550 Can.
1322 2513 1414 2561 lsag.
1436 2512 1484 2548 llI
1506 2525 1592 2562 pag.
1614 2514 1708 2553 278.

1163 2564 1239 2608 ὦδε
1259 2567 1374 2620 λέγει]
1407 2569 1516 2605 Conf.
1539 2568 1602 2616 lll,
1619 2569 1686 2609 40.
1707 2567 1766 2605 Ad

1104 2626 1321 2663 locutionem
1353 2620 1425 2664 οὐκ
1458 2621 1559 2663 εἶναι
1588 2622 1687 2663 κατα
1716 2620 1765 2662 τοὶ

1106 2678 1346 2733 φρονήματα
1368 2683 1461 2719 conf.
1482 2681 1536 2729 11,
1568 2684 1632 2722 10.
1669 2681 1766 2718 Pau-

1104 2739 1139 2775 lo
1169 2744 1254 2789 post
1277 2739 1332 2775 bis
1368 2738 1549 2775 invenitur
1584 2734 1632 2776 σύ
1663 2739 1765 2785 νῦν;

1105 2795 1276 2844 equidem
1309 2797 1455 2846 reposui
1481 2791 1530 2833 συ’
1555 2809 1655 2841 νυν,
1684 2806 1765 2831 cum

1103 2850 1253 2890 voculae
1271 2852 1346 2891 νῦν
1364 2851 1422 2889 hic
1442 2850 1559 2889 nullus
1579 2850 1690 2889 locus.
