<?xml version="1.0" encoding="UTF-8"?>
<!DOCTYPE html PUBLIC "-//W3C//DTD XHTML 1.0 Transitional//EN"
    "http://www.w3.org/TR/xhtml1/DTD/xhtml1-transitional.dtd">
<html xmlns="http://www.w3.org/1999/xhtml" xml:lang="en" lang="en">
 <head>
  <title>
</title>
<meta http-equiv="Content-Type" content="text/html;charset=utf-8" />
  <meta name='ocr-system' content='tesseract 3.04.00' />
  <meta name='ocr-capabilities' content='ocr_page ocr_carea ocr_par ocr_line ocrx_word'/>
</head>
<body>
  <div class='ocr_page' id='page_1' title='image "./musaeherodoto02hero/musaeherodoto02hero_0015.png"; bbox 0 0 1904 3304; ppageno 0'>
   <div class='ocr_carea' id='block_1_1' title="bbox 599 214 1472 261">
    <p class='ocr_par' dir='ltr' id='par_1_1' title="bbox 599 214 1472 261">
     <span class='ocr_line' id='line_1_1' title="bbox 599 214 1472 261; baseline 0.011 -10"><span class='ocrx_word' id='word_1_1' title='bbox 599 214 635 252; x_wconf 90' lang='lat' dir='ltr'>T</span> <span class='ocrx_word' id='word_1_2' title='bbox 665 215 704 252; x_wconf 89' lang='lat' dir='ltr'><strong>H</strong></span> <span class='ocrx_word' id='word_1_3' title='bbox 733 215 764 252; x_wconf 93' lang='lat' dir='ltr'><strong>A</strong></span> <span class='ocrx_word' id='word_1_4' title='bbox 794 214 826 252; x_wconf 93' lang='lat' dir='ltr'>L</span> <span class='ocrx_word' id='word_1_5' title='bbox 858 216 873 253; x_wconf 97' lang='lat' dir='ltr'>I</span> <span class='ocrx_word' id='word_1_6' title='bbox 905 216 948 254; x_wconf 87' lang='lat' dir='ltr'>A.</span> <span class='ocrx_word' id='word_1_7' title='bbox 1010 217 1070 254; x_wconf 90' lang='lat'>111.</span> <span class='ocrx_word' id='word_1_8' title='bbox 1443 222 1472 261; x_wconf 79' lang='lat'><strong>7</strong></span> 
     </span>
    </p>
   </div>
   <div class='ocr_carea' id='block_1_2' title="bbox 169 320 1584 749">
    <p class='ocr_par' dir='ltr' id='par_1_2' title="bbox 169 320 1584 749">
     <span class='ocr_line' id='line_1_2' title="bbox 169 320 1468 381; baseline 0.005 -18"><span class='ocrx_word' id='word_1_9' title='bbox 169 321 283 378; x_wconf 69' lang='grc' dir='ltr'><em>ὀγᾶρ</em></span> <span class='ocrx_word' id='word_1_10' title='bbox 313 320 417 373; x_wconf 78' lang='grc' dir='ltr'>τούς</span> <span class='ocrx_word' id='word_1_11' title='bbox 447 321 697 378; x_wconf 80' lang='grc' dir='ltr'><em>φυλάκους,</em></span> <span class='ocrx_word' id='word_1_12' title='bbox 740 322 1041 370; x_wconf 75' lang='grc' dir='ltr'><em>ἀπαλλάσσετο</em></span> <span class='ocrx_word' id='word_1_13' title='bbox 1070 326 1115 378; x_wconf 83' lang='grc' dir='ltr'>ἐς</span> <span class='ocrx_word' id='word_1_14' title='bbox 1145 326 1330 380; x_wconf 85' lang='grc' dir='ltr'><em>Πέρσας.</em></span> <span class='ocrx_word' id='word_1_15' title='bbox 1381 324 1468 381; x_wconf 73' lang='grc' dir='ltr'><em>ὦρ-</em></span> 
     </span>
     <span class='ocr_line' id='line_1_3' title="bbox 193 392 1468 455; baseline 0.005 -20"><span class='ocrx_word' id='word_1_16' title='bbox 193 393 371 450; x_wconf 82' lang='grc' dir='ltr'><em>μημένῳ</em></span> <span class='ocrx_word' id='word_1_17' title='bbox 412 392 460 437; x_wconf 79' lang='grc' dir='ltr'>δὲ</span> <span class='ocrx_word' id='word_1_18' title='bbox 506 393 819 450; x_wconf 82' lang='grc' dir='ltr'><em>στρατεύεσθαι</em></span> <span class='ocrx_word' id='word_1_19' title='bbox 860 397 1080 455; x_wconf 81' lang='grc' dir='ltr'><em>Καμβύσῃ</em></span> <span class='ocrx_word' id='word_1_20' title='bbox 1121 396 1189 441; x_wconf 78' lang='grc' dir='ltr'>ἐπ’</span> <span class='ocrx_word' id='word_1_21' title='bbox 1228 399 1468 453; x_wconf 81' lang='grc' dir='ltr'><em>Αἴγυπτον,</em></span> 
     </span>
     <span class='ocr_line' id='line_1_4' title="bbox 189 462 1469 525; baseline 0.003 -16"><span class='ocrx_word' id='word_1_22' title='bbox 189 464 268 509; x_wconf 79' lang='grc' dir='ltr'><em>καὶ</em></span> <span class='ocrx_word' id='word_1_23' title='bbox 298 462 535 519; x_wconf 76' lang='grc' dir='ltr'><em>ἀπορέοντι</em></span> <span class='ocrx_word' id='word_1_24' title='bbox 564 464 645 522; x_wconf 83' lang='grc' dir='ltr'><em>τήν</em></span> <span class='ocrx_word' id='word_1_25' title='bbox 674 467 844 519; x_wconf 72' lang='grc' dir='ltr'><em>ἔλασιν,</em></span> <span class='ocrx_word' id='word_1_26' title='bbox 875 468 990 520; x_wconf 81' lang='grc' dir='ltr'><em>ὅκως</em></span> <span class='ocrx_word' id='word_1_27' title='bbox 1018 468 1098 525; x_wconf 78' lang='grc' dir='ltr'><em>τὴν</em></span> <span class='ocrx_word' id='word_1_28' title='bbox 1126 468 1326 524; x_wconf 75' lang='grc' dir='ltr'><em>ἄνυδρον</em></span> <span class='ocrx_word' id='word_1_29' title='bbox 1354 471 1469 514; x_wconf 82' lang='grc' dir='ltr'><em>διεκ-</em></span> 
     </span>
     <span class='ocr_line' id='line_1_5' title="bbox 193 535 1526 596; baseline 0.002 -18"><span class='ocrx_word' id='word_1_30' title='bbox 193 539 326 594; x_wconf 79' lang='grc' dir='ltr'><em>περᾷ,</em></span> <span class='ocrx_word' id='word_1_31' title='bbox 369 535 568 580; x_wconf 75' lang='grc' dir='ltr'><em>ἐπελθών</em></span> <span class='ocrx_word' id='word_1_32' title='bbox 602 539 756 593; x_wconf 80' lang='grc' dir='ltr'><em>φράζει</em></span> <span class='ocrx_word' id='word_1_33' title='bbox 784 539 864 594; x_wconf 76' lang='grc' dir='ltr'><em>μὲν</em></span> <span class='ocrx_word' id='word_1_34' title='bbox 896 541 972 583; x_wconf 82' lang='grc' dir='ltr'><em>καὶ</em></span> <span class='ocrx_word' id='word_1_35' title='bbox 1000 539 1137 584; x_wconf 75' lang='grc' dir='ltr'><em>τᾶλλα</em></span> <span class='ocrx_word' id='word_1_36' title='bbox 1166 539 1220 583; x_wconf 79' lang='grc' dir='ltr'>τοὶ</span> <span class='ocrx_word' id='word_1_37' title='bbox 1262 537 1526 596; x_wconf 76' lang='grc' dir='ltr'><em>Ἀμοίσιοςὸο</em></span> 
     </span>
     <span class='ocr_line' id='line_1_6' title="bbox 192 606 1466 668; baseline 0.004 -18"><span class='ocrx_word' id='word_1_38' title='bbox 192 607 445 663; x_wconf 80' lang='grc' dir='ltr'><em>πρήγματα,</em></span> <span class='ocrx_word' id='word_1_39' title='bbox 487 608 699 665; x_wconf 76' lang='grc' dir='ltr'><em>ἐξηγέεται</em></span> <span class='ocrx_word' id='word_1_40' title='bbox 737 611 783 654; x_wconf 80' lang='grc' dir='ltr'>δὲ</span> <span class='ocrx_word' id='word_1_41' title='bbox 823 611 896 654; x_wconf 83' lang='grc' dir='ltr'><em>καὶ</em></span> <span class='ocrx_word' id='word_1_42' title='bbox 935 610 1017 668; x_wconf 76' lang='grc' dir='ltr'><em>τήν</em></span> <span class='ocrx_word' id='word_1_43' title='bbox 1060 612 1229 662; x_wconf 75' lang='grc' dir='ltr'><em>ἔλασιν,</em></span> <span class='ocrx_word' id='word_1_44' title='bbox 1272 606 1357 655; x_wconf 72' lang='grc' dir='ltr'>ὦδε</span> <span class='ocrx_word' id='word_1_45' title='bbox 1388 628 1466 655; x_wconf 88' lang='grc' dir='ltr'><em>πα-</em></span> 
     </span>
     <span class='ocr_line' id='line_1_7' title="bbox 191 661 1584 749; baseline 0.004 -28"><span class='ocrx_word' id='word_1_46' title='bbox 191 679 403 733; x_wconf 86' lang='grc' dir='ltr'><em>ραινέων·</em></span> <span class='ocrx_word' id='word_1_47' title='bbox 457 681 688 737; x_wconf 82' lang='grc' dir='ltr'><em>πέμψαντα</em></span> <span class='ocrx_word' id='word_1_48' title='bbox 733 680 856 735; x_wconf 73' lang='grc' dir='ltr'><em>παρα</em></span> <span class='ocrx_word' id='word_1_49' title='bbox 900 682 979 724; x_wconf 83' lang='grc' dir='ltr'><em>τὸν</em></span> <span class='ocrx_word' id='word_1_50' title='bbox 1018 681 1234 738; x_wconf 78' lang='grc' dir='ltr'><em>Ἀραβίων</em></span> <span class='ocrx_word' id='word_1_51' title='bbox 1286 661 1584 749; x_wconf 50' lang='grc' dir='ltr'><em>βασιλέακ(</em></span> 
     </span>
    </p>
   </div>
   <div class='ocr_carea' id='block_1_3' title="bbox 131 983 409 994">
    <p class='ocr_par' dir='ltr' id='par_1_3' title="bbox 131 983 409 994">
     <span class='ocr_line' id='line_1_8' title="bbox 131 983 409 994; baseline 0 2310"><span class='ocrx_word' id='word_1_52' title='bbox 131 983 409 994; x_wconf 95' lang='lat' dir='ltr'> </span> 
     </span>
    </p>
   </div>
   <div class='ocr_carea' id='block_1_4' title="bbox 117 1036 796 2901">
    <p class='ocr_par' dir='ltr' id='par_1_4' title="bbox 128 1036 796 1145">
     <span class='ocr_line' id='line_1_9' title="bbox 129 1036 796 1087; baseline 0 -12"><span class='ocrx_word' id='word_1_53' title='bbox 129 1036 192 1075; x_wconf 90' lang='lat' dir='ltr'>ler.</span> <span class='ocrx_word' id='word_1_54' title='bbox 213 1037 246 1074; x_wconf 86' lang='lat' dir='ltr'>II</span> <span class='ocrx_word' id='word_1_55' title='bbox 275 1050 311 1087; x_wconf 89' lang='lat' dir='ltr'>p.</span> <span class='ocrx_word' id='word_1_56' title='bbox 334 1037 428 1078; x_wconf 85' lang='lat'><strong>358.</strong></span> <span class='ocrx_word' id='word_1_57' title='bbox 480 1037 615 1075; x_wconf 81' lang='lat' dir='ltr'>Matth.</span> <span class='ocrx_word' id='word_1_58' title='bbox 642 1038 708 1075; x_wconf 90' lang='lat' dir='ltr'>Gr.</span> <span class='ocrx_word' id='word_1_59' title='bbox 730 1039 796 1075; x_wconf 89' lang='lat' dir='ltr'>Gr.</span> 
     </span>
     <span class='ocr_line' id='line_1_10' title="bbox 128 1095 418 1145; baseline 0.01 -14"><span class='ocrx_word' id='word_1_60' title='bbox 128 1107 215 1145; x_wconf 87' lang='lat' dir='ltr'>pag</span> <span class='ocrx_word' id='word_1_61' title='bbox 239 1095 335 1134; x_wconf 80' lang='lat'><strong>323.</strong></span> <span class='ocrx_word' id='word_1_62' title='bbox 362 1115 418 1121; x_wconf 92' lang='lat'>—-</span> 
     </span>
    </p>

    <p class='ocr_par' dir='ltr' id='par_1_5' title="bbox 121 1147 795 1757">
     <span class='ocr_line' id='line_1_11' title="bbox 184 1147 795 1203; baseline 0.007 -17"><span class='ocrx_word' id='word_1_63' title='bbox 184 1151 228 1187; x_wconf 91' lang='lat' dir='ltr'>In</span> <span class='ocrx_word' id='word_1_64' title='bbox 246 1151 307 1187; x_wconf 87' lang='lat' dir='ltr'>fin.</span> <span class='ocrx_word' id='word_1_65' title='bbox 327 1151 457 1201; x_wconf 88' lang='lat' dir='ltr'>capitis</span> <span class='ocrx_word' id='word_1_66' title='bbox 476 1163 566 1202; x_wconf 88' lang='lat' dir='ltr'>pro:</span> <span class='ocrx_word' id='word_1_67' title='bbox 601 1166 710 1203; x_wconf 89' lang='grc' dir='ltr'><em>παρα</em></span> <span class='ocrx_word' id='word_1_68' title='bbox 724 1147 795 1191; x_wconf 79' lang='grc' dir='ltr'><em>τὸν</em></span> 
     </span>
     <span class='ocr_line' id='line_1_12' title="bbox 126 1202 796 1272; baseline -0.002 -26.998"><span class='ocrx_word' id='word_1_69' title='bbox 126 1202 372 1272; x_wconf 79' lang='grc' dir='ltr'><em>Ἀραβίων</em></span> <span class='ocrx_word' id='word_1_70' title='bbox 400 1206 563 1258; x_wconf 78' lang='grc' dir='ltr'><em>βασιλέα</em></span> <span class='ocrx_word' id='word_1_71' title='bbox 599 1222 692 1245; x_wconf 88' lang='lat' dir='ltr'>unus</span> <span class='ocrx_word' id='word_1_72' title='bbox 724 1208 796 1245; x_wconf 85' lang='lat' dir='ltr'>Pa-</span> 
     </span>
     <span class='ocr_line' id='line_1_13' title="bbox 127 1260 794 1316; baseline 0.004 -15"><span class='ocrx_word' id='word_1_73' title='bbox 127 1264 260 1301; x_wconf 90' lang='lat' dir='ltr'>risinus</span> <span class='ocrx_word' id='word_1_74' title='bbox 292 1264 382 1302; x_wconf 87' lang='lat' dir='ltr'>liber</span> <span class='ocrx_word' id='word_1_75' title='bbox 414 1265 560 1302; x_wconf 80' lang='lat' dir='ltr'>exhibet</span> <span class='ocrx_word' id='word_1_76' title='bbox 592 1260 794 1316; x_wconf 73' lang='grc' dir='ltr'><em>Ἀράβιον,</em></span> 
     </span>
     <span class='ocr_line' id='line_1_14' title="bbox 127 1320 795 1370; baseline 0.001 -13"><span class='ocrx_word' id='word_1_77' title='bbox 127 1321 230 1370; x_wconf 88' lang='lat' dir='ltr'>quod</span> <span class='ocrx_word' id='word_1_78' title='bbox 261 1333 335 1357; x_wconf 89' lang='lat' dir='ltr'>non</span> <span class='ocrx_word' id='word_1_79' title='bbox 363 1320 457 1357; x_wconf 85' lang='lat' dir='ltr'>male</span> <span class='ocrx_word' id='word_1_80' title='bbox 487 1321 545 1357; x_wconf 90' lang='lat' dir='ltr'>hic</span> <span class='ocrx_word' id='word_1_81' title='bbox 574 1321 645 1370; x_wconf 83' lang='lat' dir='ltr'>legi</span> <span class='ocrx_word' id='word_1_82' title='bbox 669 1326 795 1359; x_wconf 81' lang='lat' dir='ltr'>censet</span> 
     </span>
     <span class='ocr_line' id='line_1_15' title="bbox 126 1377 795 1426; baseline 0.001 -12"><span class='ocrx_word' id='word_1_83' title='bbox 126 1377 333 1426; x_wconf 85' lang='lat' dir='ltr'>Schweigh.</span> <span class='ocrx_word' id='word_1_84' title='bbox 362 1378 457 1413; x_wconf 86' lang='lat' dir='ltr'>conf.</span> <span class='ocrx_word' id='word_1_85' title='bbox 486 1377 549 1423; x_wconf 84' lang='lat' dir='ltr'>Ill,</span> <span class='ocrx_word' id='word_1_86' title='bbox 580 1378 618 1418; x_wconf 86' lang='lat'>5.</span> <span class='ocrx_word' id='word_1_87' title='bbox 639 1380 676 1417; x_wconf 86' lang='lat'>7.</span> <span class='ocrx_word' id='word_1_88' title='bbox 715 1378 795 1415; x_wconf 87' lang='lat' dir='ltr'>Nec</span> 
     </span>
     <span class='ocr_line' id='line_1_16' title="bbox 126 1435 792 1484; baseline -0.003 -12"><span class='ocrx_word' id='word_1_89' title='bbox 126 1435 298 1483; x_wconf 87' lang='lat' dir='ltr'>equidem</span> <span class='ocrx_word' id='word_1_90' title='bbox 314 1446 570 1484; x_wconf 82' lang='lat' dir='ltr'>repugnarem,</span> <span class='ocrx_word' id='word_1_91' title='bbox 599 1435 630 1471; x_wconf 85' lang='lat' dir='ltr'>si</span> <span class='ocrx_word' id='word_1_92' title='bbox 648 1438 792 1471; x_wconf 83' lang='lat' dir='ltr'>tantum</span> 
     </span>
     <span class='ocr_line' id='line_1_17' title="bbox 125 1486 790 1542; baseline 0.003 -15"><span class='ocrx_word' id='word_1_93' title='bbox 125 1490 312 1539; x_wconf 78' lang='lat' dir='ltr'>legeretur</span> <span class='ocrx_word' id='word_1_94' title='bbox 348 1487 456 1541; x_wconf 64' lang='grc' dir='ltr'><em>παρα</em></span> <span class='ocrx_word' id='word_1_95' title='bbox 493 1487 563 1529; x_wconf 85' lang='grc' dir='ltr'><em>τὸν</em></span> <span class='ocrx_word' id='word_1_96' title='bbox 604 1486 790 1542; x_wconf 74' lang='grc' dir='ltr'><em>Ἀράβιον</em></span> 
     </span>
     <span class='ocr_line' id='line_1_18' title="bbox 124 1542 791 1598; baseline 0.002 -14"><span class='ocrx_word' id='word_1_97' title='bbox 124 1546 187 1598; x_wconf 87' lang='lat' dir='ltr'>(ut</span> <span class='ocrx_word' id='word_1_98' title='bbox 212 1547 242 1594; x_wconf 91' lang='lat' dir='ltr'>I,</span> <span class='ocrx_word' id='word_1_99' title='bbox 262 1549 289 1586; x_wconf 84' lang='grc'>2</span> <span class='ocrx_word' id='word_1_100' title='bbox 316 1547 377 1584; x_wconf 86' lang='lat' dir='ltr'>fin.</span> <span class='ocrx_word' id='word_1_101' title='bbox 402 1544 473 1586; x_wconf 80' lang='grc' dir='ltr'><em>τόν</em></span> <span class='ocrx_word' id='word_1_102' title='bbox 495 1542 692 1597; x_wconf 77' lang='grc' dir='ltr'>Κόλχον),</span> <span class='ocrx_word' id='word_1_103' title='bbox 725 1549 791 1585; x_wconf 87' lang='lat' dir='ltr'>de-</span> 
     </span>
     <span class='ocr_line' id='line_1_19' title="bbox 123 1601 788 1655; baseline 0.003 -15"><span class='ocrx_word' id='word_1_104' title='bbox 123 1603 196 1642; x_wconf 75' lang='lat' dir='ltr'>leta</span> <span class='ocrx_word' id='word_1_105' title='bbox 215 1616 303 1641; x_wconf 85' lang='lat' dir='ltr'>voce</span> <span class='ocrx_word' id='word_1_106' title='bbox 321 1601 505 1655; x_wconf 76' lang='grc' dir='ltr'><em>βασιλέα,</em></span> <span class='ocrx_word' id='word_1_107' title='bbox 535 1617 643 1653; x_wconf 86' lang='lat' dir='ltr'>quam</span> <span class='ocrx_word' id='word_1_108' title='bbox 663 1610 788 1642; x_wconf 87' lang='lat' dir='ltr'>tamen</span> 
     </span>
     <span class='ocr_line' id='line_1_20' title="bbox 122 1660 788 1712; baseline 0 -14"><span class='ocrx_word' id='word_1_109' title='bbox 122 1674 249 1698; x_wconf 89' lang='lat' dir='ltr'>omnes</span> <span class='ocrx_word' id='word_1_110' title='bbox 279 1660 314 1698; x_wconf 91' lang='lat' dir='ltr'>h.</span> <span class='ocrx_word' id='word_1_111' title='bbox 343 1660 366 1698; x_wconf 90' lang='lat' dir='ltr'>l.</span> <span class='ocrx_word' id='word_1_112' title='bbox 396 1661 523 1712; x_wconf 85' lang='lat' dir='ltr'>scripti</span> <span class='ocrx_word' id='word_1_113' title='bbox 554 1661 637 1698; x_wconf 88' lang='lat' dir='ltr'>libri</span> <span class='ocrx_word' id='word_1_114' title='bbox 670 1673 788 1711; x_wconf 83' lang='lat' dir='ltr'>agno·</span> 
     </span>
     <span class='ocr_line' id='line_1_21' title="bbox 121 1722 240 1757; baseline 0.025 -3"><span class='ocrx_word' id='word_1_115' title='bbox 121 1722 240 1757; x_wconf 83' lang='lat' dir='ltr'>scunt.</span> 
     </span>
    </p>

    <p class='ocr_par' dir='ltr' id='par_1_6' title="bbox 367 1774 547 1825">
     <span class='ocr_line' id='line_1_22' title="bbox 367 1774 547 1825; baseline -0.006 -13"><span class='ocrx_word' id='word_1_116' title='bbox 367 1775 470 1825; x_wconf 88' lang='lat' dir='ltr'>Cap.</span> <span class='ocrx_word' id='word_1_117' title='bbox 501 1774 547 1812; x_wconf 91' lang='lat' dir='ltr'>V.</span> 
     </span>
    </p>

    <p class='ocr_par' dir='ltr' id='par_1_7' title="bbox 117 1826 789 2901">
     <span class='ocr_line' id='line_1_23' title="bbox 182 1826 789 1885; baseline 0.002 -17"><span class='ocrx_word' id='word_1_118' title='bbox 182 1826 336 1884; x_wconf 77' lang='grc' dir='ltr'><em>Μούνῃ</em></span> <span class='ocrx_word' id='word_1_119' title='bbox 356 1828 398 1869; x_wconf 78' lang='grc' dir='ltr'>δὲ</span> <span class='ocrx_word' id='word_1_120' title='bbox 416 1827 540 1885; x_wconf 80' lang='grc' dir='ltr'><em>ταύτῃ</em></span> <span class='ocrx_word' id='word_1_121' title='bbox 563 1829 637 1869; x_wconf 80' lang='grc' dir='ltr'><em>εἰσὶ</em></span> <span class='ocrx_word' id='word_1_122' title='bbox 667 1846 789 1880; x_wconf 81' lang='grc' dir='ltr'><em>φανε-</em></span> 
     </span>
     <span class='ocr_line' id='line_1_24' title="bbox 124 1885 787 1937; baseline 0 -12"><span class='ocrx_word' id='word_1_123' title='bbox 124 1885 190 1937; x_wconf 79' lang='grc' dir='ltr'>ραὶ</span> <span class='ocrx_word' id='word_1_124' title='bbox 212 1903 247 1925; x_wconf 84' lang='grc' dir='ltr'><em>κ.</em></span> <span class='ocrx_word' id='word_1_125' title='bbox 265 1902 296 1925; x_wconf 92' lang='grc' dir='ltr'>τ.</span> <span class='ocrx_word' id='word_1_126' title='bbox 314 1886 361 1937; x_wconf 82' lang='grc' dir='ltr'>λ.]</span> <span class='ocrx_word' id='word_1_127' title='bbox 399 1889 505 1932; x_wconf 83' lang='lat' dir='ltr'>Quae</span> <span class='ocrx_word' id='word_1_128' title='bbox 531 1889 599 1924; x_wconf 90' lang='lat' dir='ltr'>hoc</span> <span class='ocrx_word' id='word_1_129' title='bbox 619 1888 697 1925; x_wconf 93' lang='lat' dir='ltr'>loco</span> <span class='ocrx_word' id='word_1_130' title='bbox 720 1889 787 1926; x_wconf 88' lang='lat' dir='ltr'>de-</span> 
     </span>
     <span class='ocr_line' id='line_1_25' title="bbox 124 1944 787 1994; baseline 0.002 -14"><span class='ocrx_word' id='word_1_131' title='bbox 124 1944 292 1981; x_wconf 72' lang='lat' dir='ltr'><strong>scribitur</strong></span> <span class='ocrx_word' id='word_1_132' title='bbox 320 1945 378 1981; x_wconf 80' lang='lat' dir='ltr'>via</span> <span class='ocrx_word' id='word_1_133' title='bbox 409 1945 444 1980; x_wconf 92' lang='lat' dir='ltr'>in</span> <span class='ocrx_word' id='word_1_134' title='bbox 470 1944 680 1994; x_wconf 77' lang='lat' dir='ltr'>Aegyptum</span> <span class='ocrx_word' id='word_1_135' title='bbox 714 1957 787 1981; x_wconf 90' lang='lat' dir='ltr'>una</span> 
     </span>
     <span class='ocr_line' id='line_1_26' title="bbox 123 2000 785 2050; baseline 0.002 -14"><span class='ocrx_word' id='word_1_136' title='bbox 123 2000 183 2037; x_wconf 89' lang='lat' dir='ltr'>illa</span> <span class='ocrx_word' id='word_1_137' title='bbox 205 2001 351 2049; x_wconf 89' lang='lat' dir='ltr'>quidem</span> <span class='ocrx_word' id='word_1_138' title='bbox 366 2029 376 2047; x_wconf 87' lang='lat'>,</span> <span class='ocrx_word' id='word_1_139' title='bbox 407 2014 473 2050; x_wconf 89' lang='lat' dir='ltr'>per</span> <span class='ocrx_word' id='word_1_140' title='bbox 494 2014 603 2050; x_wconf 86' lang='lat' dir='ltr'>quam</span> <span class='ocrx_word' id='word_1_141' title='bbox 623 2002 785 2038; x_wconf 79' lang='lat' dir='ltr'>terrestri</span> 
     </span>
     <span class='ocr_line' id='line_1_27' title="bbox 122 2057 787 2107; baseline 0.002 -13"><span class='ocrx_word' id='word_1_142' title='bbox 122 2057 255 2094; x_wconf 89' lang='lat' dir='ltr'>itinere</span> <span class='ocrx_word' id='word_1_143' title='bbox 286 2070 329 2095; x_wconf 90' lang='lat' dir='ltr'>ex</span> <span class='ocrx_word' id='word_1_144' title='bbox 357 2057 565 2094; x_wconf 78' lang='lat' dir='ltr'>Palaestina</span> <span class='ocrx_word' id='word_1_145' title='bbox 593 2058 629 2093; x_wconf 90' lang='lat' dir='ltr'>in</span> <span class='ocrx_word' id='word_1_146' title='bbox 661 2057 787 2107; x_wconf 66' lang='lat' dir='ltr'>Aegy-</span> 
     </span>
     <span class='ocr_line' id='line_1_28' title="bbox 121 2112 786 2164; baseline 0.002 -14"><span class='ocrx_word' id='word_1_147' title='bbox 121 2117 226 2164; x_wconf 90' lang='lat' dir='ltr'>ptum</span> <span class='ocrx_word' id='word_1_148' title='bbox 248 2112 290 2163; x_wconf 89' lang='lat' dir='ltr'>(i.</span> <span class='ocrx_word' id='word_1_149' title='bbox 317 2127 348 2151; x_wconf 85' lang='lat' dir='ltr'>e.</span> <span class='ocrx_word' id='word_1_150' title='bbox 373 2126 439 2163; x_wconf 90' lang='lat' dir='ltr'>per</span> <span class='ocrx_word' id='word_1_151' title='bbox 458 2114 668 2150; x_wconf 83' lang='lat' dir='ltr'>Idumaeam</span> <span class='ocrx_word' id='word_1_152' title='bbox 691 2127 786 2163; x_wconf 86' lang='lat' dir='ltr'>quae</span> 
     </span>
     <span class='ocr_line' id='line_1_29' title="bbox 118 2170 785 2219; baseline 0 -12"><span class='ocrx_word' id='word_1_153' title='bbox 118 2175 289 2218; x_wconf 85' lang='lat' dir='ltr'>vocatur,</span> <span class='ocrx_word' id='word_1_154' title='bbox 328 2170 591 2219; x_wconf 80' lang='lat' dir='ltr'>Pelusiacaque</span> <span class='ocrx_word' id='word_1_155' title='bbox 621 2171 785 2218; x_wconf 84' lang='lat' dir='ltr'>deserta)</span> 
     </span>
     <span class='ocr_line' id='line_1_30' title="bbox 117 2226 782 2278; baseline -0.003 -13"><span class='ocrx_word' id='word_1_156' title='bbox 117 2227 310 2278; x_wconf 81' lang='lat' dir='ltr'>pervenire</span> <span class='ocrx_word' id='word_1_157' title='bbox 338 2226 442 2273; x_wconf 83' lang='lat' dir='ltr'>licet,</span> <span class='ocrx_word' id='word_1_158' title='bbox 483 2229 526 2264; x_wconf 66' lang='lat' dir='ltr'>ea</span> <span class='ocrx_word' id='word_1_159' title='bbox 552 2227 782 2264; x_wconf 81' lang='lat' dir='ltr'>Herodotum</span> 
     </span>
     <span class='ocr_line' id='line_1_31' title="bbox 118 2284 782 2334; baseline 0 -14"><span class='ocrx_word' id='word_1_160' title='bbox 118 2284 237 2334; x_wconf 86' lang='lat' dir='ltr'>ipsum</span> <span class='ocrx_word' id='word_1_161' title='bbox 253 2284 290 2320; x_wconf 91' lang='lat' dir='ltr'>in</span> <span class='ocrx_word' id='word_1_162' title='bbox 306 2284 399 2321; x_wconf 87' lang='lat' dir='ltr'>hanc</span> <span class='ocrx_word' id='word_1_163' title='bbox 417 2288 552 2321; x_wconf 88' lang='lat' dir='ltr'>terram</span> <span class='ocrx_word' id='word_1_164' title='bbox 570 2284 782 2333; x_wconf 78' lang='lat' dir='ltr'>pervenisse</span> 
     </span>
     <span class='ocr_line' id='line_1_32' title="bbox 117 2340 782 2391; baseline 0 -14"><span class='ocrx_word' id='word_1_165' title='bbox 117 2344 227 2391; x_wconf 85' lang='lat' dir='ltr'>putat</span> <span class='ocrx_word' id='word_1_166' title='bbox 247 2340 470 2389; x_wconf 88' lang='lat' dir='ltr'>Wesseling.</span> <span class='ocrx_word' id='word_1_167' title='bbox 519 2341 677 2378; x_wconf 86' lang='lat' dir='ltr'>Praefat.</span> <span class='ocrx_word' id='word_1_168' title='bbox 699 2354 734 2390; x_wconf 88' lang='lat' dir='ltr'>p.</span> <span class='ocrx_word' id='word_1_169' title='bbox 748 2340 782 2377; x_wconf 90' lang='lat' dir='ltr'>V</span> 
     </span>
     <span class='ocr_line' id='line_1_33' title="bbox 117 2397 781 2435; baseline -0.002 -1"><span class='ocrx_word' id='word_1_170' title='bbox 117 2398 176 2435; x_wconf 88' lang='lat' dir='ltr'>ed.</span> <span class='ocrx_word' id='word_1_171' title='bbox 199 2397 316 2434; x_wconf 90' lang='lat' dir='ltr'>Gaisf.</span> <span class='ocrx_word' id='word_1_172' title='bbox 356 2398 404 2433; x_wconf 89' lang='lat' dir='ltr'>At</span> <span class='ocrx_word' id='word_1_173' title='bbox 418 2397 644 2434; x_wconf 86' lang='lat' dir='ltr'>verisimilius</span> <span class='ocrx_word' id='word_1_174' title='bbox 665 2398 781 2435; x_wconf 88' lang='lat' dir='ltr'>videri</span> 
     </span>
     <span class='ocr_line' id='line_1_34' title="bbox 117 2454 779 2504; baseline -0.002 -13"><span class='ocrx_word' id='word_1_175' title='bbox 117 2459 243 2492; x_wconf 85' lang='lat' dir='ltr'>monet</span> <span class='ocrx_word' id='word_1_176' title='bbox 260 2454 385 2504; x_wconf 84' lang='lat' dir='ltr'>Heyse</span> <span class='ocrx_word' id='word_1_177' title='bbox 405 2454 558 2498; x_wconf 80' lang='lat' dir='ltr'>Quaest.</span> <span class='ocrx_word' id='word_1_178' title='bbox 582 2454 721 2491; x_wconf 87' lang='lat' dir='ltr'>Herod.</span> <span class='ocrx_word' id='word_1_179' title='bbox 742 2465 779 2504; x_wconf 86' lang='lat' dir='ltr'>p.</span> 
     </span>
     <span class='ocr_line' id='line_1_35' title="bbox 118 2511 782 2561; baseline -0.003 -11"><span class='ocrx_word' id='word_1_180' title='bbox 118 2513 173 2552; x_wconf 89' lang='grc'>97</span> <span class='ocrx_word' id='word_1_181' title='bbox 210 2511 292 2548; x_wconf 84' lang='lat' dir='ltr'>navi</span> <span class='ocrx_word' id='word_1_182' title='bbox 312 2523 355 2548; x_wconf 88' lang='lat' dir='ltr'>eo</span> <span class='ocrx_word' id='word_1_183' title='bbox 380 2511 583 2561; x_wconf 83' lang='lat' dir='ltr'>profectum</span> <span class='ocrx_word' id='word_1_184' title='bbox 603 2523 684 2548; x_wconf 87' lang='lat' dir='ltr'>esse</span> <span class='ocrx_word' id='word_1_185' title='bbox 703 2511 782 2548; x_wconf 90' lang='lat' dir='ltr'>He-</span> 
     </span>
     <span class='ocr_line' id='line_1_36' title="bbox 117 2568 781 2617; baseline 0 -14"><span class='ocrx_word' id='word_1_186' title='bbox 117 2568 301 2613; x_wconf 88' lang='lat' dir='ltr'>rodotum,</span> <span class='ocrx_word' id='word_1_187' title='bbox 329 2568 554 2617; x_wconf 83' lang='lat' dir='ltr'>potissimum</span> <span class='ocrx_word' id='word_1_188' title='bbox 572 2568 619 2604; x_wconf 88' lang='lat' dir='ltr'>ob</span> <span class='ocrx_word' id='word_1_189' title='bbox 636 2580 680 2605; x_wconf 86' lang='lat' dir='ltr'>ea</span> <span class='ocrx_word' id='word_1_190' title='bbox 698 2580 781 2604; x_wconf 90' lang='lat' dir='ltr'>ver-</span> 
     </span>
     <span class='ocr_line' id='line_1_37' title="bbox 118 2623 781 2673; baseline 0.002 -13"><span class='ocrx_word' id='word_1_191' title='bbox 118 2623 186 2670; x_wconf 82' lang='lat' dir='ltr'>ba,</span> <span class='ocrx_word' id='word_1_192' title='bbox 216 2636 311 2673; x_wconf 84' lang='lat' dir='ltr'>quae</span> <span class='ocrx_word' id='word_1_193' title='bbox 336 2625 437 2660; x_wconf 87' lang='lat' dir='ltr'>initio</span> <span class='ocrx_word' id='word_1_194' title='bbox 457 2624 629 2673; x_wconf 80' lang='lat' dir='ltr'>leguntur</span> <span class='ocrx_word' id='word_1_195' title='bbox 649 2624 781 2673; x_wconf 83' lang='lat' dir='ltr'>capitis</span> 
     </span>
     <span class='ocr_line' id='line_1_38' title="bbox 120 2679 782 2726; baseline 0.002 -10"><span class='ocrx_word' id='word_1_196' title='bbox 120 2680 236 2726; x_wconf 82' lang='lat' dir='ltr'>sexti,</span> <span class='ocrx_word' id='word_1_197' title='bbox 278 2680 340 2717; x_wconf 92' lang='lat' dir='ltr'>ubi</span> <span class='ocrx_word' id='word_1_198' title='bbox 359 2679 498 2717; x_wconf 71' lang='lat' dir='ltr'>Noster</span> <span class='ocrx_word' id='word_1_199' title='bbox 528 2694 567 2718; x_wconf 89' lang='lat' dir='ltr'>se</span> <span class='ocrx_word' id='word_1_200' title='bbox 597 2681 639 2717; x_wconf 80' lang='lat' dir='ltr'>iis</span> <span class='ocrx_word' id='word_1_201' title='bbox 665 2681 782 2717; x_wconf 85' lang='lat' dir='ltr'>adnu—</span> 
     </span>
     <span class='ocr_line' id='line_1_39' title="bbox 118 2737 781 2786; baseline 0.003 -14"><span class='ocrx_word' id='word_1_202' title='bbox 118 2748 260 2773; x_wconf 82' lang='lat' dir='ltr'>merare</span> <span class='ocrx_word' id='word_1_203' title='bbox 289 2737 479 2783; x_wconf 83' lang='lat' dir='ltr'>videatur,</span> <span class='ocrx_word' id='word_1_204' title='bbox 528 2738 591 2786; x_wconf 91' lang='lat' dir='ltr'>qui</span> <span class='ocrx_word' id='word_1_205' title='bbox 617 2737 714 2774; x_wconf 89' lang='lat' dir='ltr'>illam</span> <span class='ocrx_word' id='word_1_206' title='bbox 745 2737 781 2774; x_wconf 91' lang='lat' dir='ltr'>in</span> 
     </span>
     <span class='ocr_line' id='line_1_40' title="bbox 118 2794 781 2844; baseline 0.003 -15"><span class='ocrx_word' id='word_1_207' title='bbox 118 2796 251 2830; x_wconf 86' lang='lat' dir='ltr'>terram</span> <span class='ocrx_word' id='word_1_208' title='bbox 274 2794 492 2842; x_wconf 80' lang='lat' dir='ltr'>navigarint.</span> <span class='ocrx_word' id='word_1_209' title='bbox 522 2794 580 2831; x_wconf 84' lang='lat' dir='ltr'>De</span> <span class='ocrx_word' id='word_1_210' title='bbox 602 2799 781 2844; x_wconf 83' lang='lat' dir='ltr'>tempore,</span> 
     </span>
     <span class='ocr_line' id='line_1_41' title="bbox 120 2847 783 2901; baseline 0.002 -16"><span class='ocrx_word' id='word_1_211' title='bbox 120 2861 194 2899; x_wconf 93' lang='lat' dir='ltr'>quo</span> <span class='ocrx_word' id='word_1_212' title='bbox 221 2847 360 2887; x_wconf 81' lang='lat' dir='ltr'>Noster</span> <span class='ocrx_word' id='word_1_213' title='bbox 391 2849 600 2901; x_wconf 80' lang='lat' dir='ltr'>Aegyptum</span> <span class='ocrx_word' id='word_1_214' title='bbox 638 2851 783 2898; x_wconf 84' lang='lat' dir='ltr'>adierit,</span> 
     </span>
    </p>
   </div>
   <div class='ocr_carea' id='block_1_5' title="bbox 192 749 1465 809">
    <p class='ocr_par' dir='ltr' id='par_1_8' title="bbox 192 749 1465 809">
     <span class='ocr_line' id='line_1_42' title="bbox 192 749 1465 809; baseline 0.002 -15"><span class='ocrx_word' id='word_1_215' title='bbox 192 749 388 803; x_wconf 79' lang='grc' dir='ltr'><em>δέεσθαι,</em></span> <span class='ocrx_word' id='word_1_216' title='bbox 419 751 501 808; x_wconf 79' lang='grc' dir='ltr'><em>τὴν</em></span> <span class='ocrx_word' id='word_1_217' title='bbox 526 751 724 806; x_wconf 78' lang='grc' dir='ltr'><em>διέξοδόν</em></span> <span class='ocrx_word' id='word_1_218' title='bbox 754 754 796 796; x_wconf 81' lang='grc' dir='ltr'>οἱ</span> <span class='ocrx_word' id='word_1_219' title='bbox 826 751 1024 808; x_wconf 77' lang='grc' dir='ltr'><em>ἀσφαλέα</em></span> <span class='ocrx_word' id='word_1_220' title='bbox 1043 758 1297 809; x_wconf 80' lang='grc' dir='ltr'><em>παρασχεῖν.</em></span> <span class='ocrx_word' id='word_1_221' title='bbox 1337 755 1465 797; x_wconf 57' lang='lat' dir='ltr'>Mod·</span> 
     </span>
    </p>
   </div>
   <div class='ocr_carea' id='block_1_6' title="bbox 189 806 1796 923">
    <p class='ocr_par' dir='ltr' id='par_1_9' title="bbox 189 806 1796 923">
     <span class='ocr_line' id='line_1_43' title="bbox 189 806 1796 923; baseline 0.003 -57"><span class='ocrx_word' id='word_1_222' title='bbox 189 839 245 880; x_wconf 86' lang='grc' dir='ltr'><em>νῃ</em></span> <span class='ocrx_word' id='word_1_223' title='bbox 277 823 323 866; x_wconf 84' lang='grc' dir='ltr'>δὲ</span> <span class='ocrx_word' id='word_1_224' title='bbox 342 822 479 881; x_wconf 79' lang='grc' dir='ltr'><em>ταύτη</em></span> <span class='ocrx_word' id='word_1_225' title='bbox 509 825 591 867; x_wconf 83' lang='grc' dir='ltr'><em>εἰσὶ</em></span> <span class='ocrx_word' id='word_1_226' title='bbox 622 824 810 881; x_wconf 84' lang='grc' dir='ltr'><em>φανεραὶ</em></span> <span class='ocrx_word' id='word_1_227' title='bbox 840 823 1016 880; x_wconf 75' lang='grc' dir='ltr'><em>ἐσβολαὶ</em></span> <span class='ocrx_word' id='word_1_228' title='bbox 1045 824 1087 875; x_wconf 80' lang='grc' dir='ltr'>ἐς</span> <span class='ocrx_word' id='word_1_229' title='bbox 1109 825 1345 879; x_wconf 78' lang='grc' dir='ltr'><em>Λί.γυπτον</em></span> <span class='ocrx_word' id='word_1_230' title='bbox 1376 824 1463 870; x_wconf 67' lang='lat' dir='ltr'>dud</span> <span class='ocrx_word' id='word_1_231' title='bbox 1523 837 1625 923; x_wconf 48' lang='grc' dir='ltr'>ὶξξῆωθ,</span> <span class='ocrx_word' id='word_1_232' title='bbox 1644 829 1681 856; x_wconf 68' lang='lat'>³⁶</span> <span class='ocrx_word' id='word_1_233' title='bbox 1693 806 1796 892; x_wconf 61' lang='lat' dir='ltr'>{egy-</span> 
     </span>
    </p>
   </div>
   <div class='ocr_carea' id='block_1_7' title="bbox 188 894 1723 966">
    <p class='ocr_par' dir='ltr' id='par_1_10' title="bbox 188 894 1723 966">
     <span class='ocr_line' id='line_1_44' title="bbox 188 894 1723 966; baseline 0.007 -30"><span class='ocrx_word' id='word_1_234' title='bbox 188 894 274 951; x_wconf 72' lang='grc' dir='ltr'><em>γάρ</em></span> <span class='ocrx_word' id='word_1_235' title='bbox 318 897 526 953; x_wconf 81' lang='grc' dir='ltr'><em>Φοινίκης</em></span> <span class='ocrx_word' id='word_1_236' title='bbox 562 896 689 953; x_wconf 83' lang='grc' dir='ltr'><em>μέχρι</em></span> <span class='ocrx_word' id='word_1_237' title='bbox 728 895 878 952; x_wconf 83' lang='grc' dir='ltr'><em>οὔρων</em></span> <span class='ocrx_word' id='word_1_238' title='bbox 916 900 1007 939; x_wconf 76' lang='grc' dir='ltr'><em>τῶν</em></span> <span class='ocrx_word' id='word_1_239' title='bbox 1042 895 1263 947; x_wconf 85' lang='grc' dir='ltr'><em>Καδύτιος</em></span> <span class='ocrx_word' id='word_1_240' title='bbox 1295 897 1492 952; x_wconf 84' lang='grc' dir='ltr'><em>πόλιος,8</em></span> <span class='ocrx_word' id='word_1_241' title='bbox 1497 897 1723 966; x_wconf 62' lang='lat' dir='ltr'>cad3us³et1</span> 
     </span>
    </p>
   </div>
   <div class='ocr_carea' id='block_1_8' title="bbox 836 1036 1523 2900">
    <p class='ocr_par' dir='ltr' id='par_1_11' title="bbox 849 1036 1523 1486">
     <span class='ocr_line' id='line_1_45' title="bbox 853 1036 1522 1084; baseline 0 -9"><span class='ocrx_word' id='word_1_242' title='bbox 853 1038 950 1076; x_wconf 83' lang='lat' dir='ltr'>conf.</span> <span class='ocrx_word' id='word_1_243' title='bbox 968 1040 1061 1074; x_wconf 88' lang='lat' dir='ltr'>nott.</span> <span class='ocrx_word' id='word_1_244' title='bbox 1089 1037 1138 1073; x_wconf 91' lang='lat' dir='ltr'>ad</span> <span class='ocrx_word' id='word_1_245' title='bbox 1158 1036 1223 1084; x_wconf 85' lang='lat' dir='ltr'>Ill,</span> <span class='ocrx_word' id='word_1_246' title='bbox 1244 1036 1308 1077; x_wconf 87' lang='lat'>15.</span> <span class='ocrx_word' id='word_1_247' title='bbox 1355 1036 1412 1075; x_wconf 91' lang='lat' dir='ltr'>De</span> <span class='ocrx_word' id='word_1_248' title='bbox 1431 1038 1522 1075; x_wconf 86' lang='lat' dir='ltr'>urbe</span> 
     </span>
     <span class='ocr_line' id='line_1_46' title="bbox 856 1093 1523 1145; baseline -0.001 -13"><span class='ocrx_word' id='word_1_249' title='bbox 856 1094 990 1145; x_wconf 74' lang='lat' dir='ltr'>Caclytz’</span> <span class='ocrx_word' id='word_1_250' title='bbox 1018 1106 1045 1130; x_wconf 88' lang='grc'>5.</span> <span class='ocrx_word' id='word_1_251' title='bbox 1077 1093 1342 1144; x_wconf 79' lang='lat' dir='ltr'>Hierosolymis</span> <span class='ocrx_word' id='word_1_252' title='bbox 1378 1095 1523 1131; x_wconf 87' lang='lat' dir='ltr'>monui-</span> 
     </span>
     <span class='ocr_line' id='line_1_47' title="bbox 853 1150 1519 1197; baseline 0.002 -8"><span class='ocrx_word' id='word_1_253' title='bbox 853 1165 933 1189; x_wconf 87' lang='lat' dir='ltr'>mus</span> <span class='ocrx_word' id='word_1_254' title='bbox 965 1152 1000 1187; x_wconf 90' lang='lat' dir='ltr'>in</span> <span class='ocrx_word' id='word_1_255' title='bbox 1026 1150 1174 1187; x_wconf 87' lang='lat' dir='ltr'>Excurs.</span> <span class='ocrx_word' id='word_1_256' title='bbox 1198 1150 1249 1187; x_wconf 88' lang='lat' dir='ltr'>Xl</span> <span class='ocrx_word' id='word_1_257' title='bbox 1283 1152 1329 1187; x_wconf 88' lang='lat' dir='ltr'>ad</span> <span class='ocrx_word' id='word_1_258' title='bbox 1361 1151 1407 1197; x_wconf 85' lang='lat' dir='ltr'>ll,</span> <span class='ocrx_word' id='word_1_259' title='bbox 1440 1151 1519 1192; x_wconf 86' lang='lat'>159</span> 
     </span>
     <span class='ocr_line' id='line_1_48' title="bbox 853 1207 1520 1259; baseline -0.005 -12"><span class='ocrx_word' id='word_1_260' title='bbox 853 1222 889 1259; x_wconf 89' lang='lat' dir='ltr'>p.</span> <span class='ocrx_word' id='word_1_261' title='bbox 905 1210 986 1248; x_wconf 92' lang='grc'>92</span> <span class='ocrx_word' id='word_1_262' title='bbox 1007 1220 1111 1256; x_wconf 87' lang='lat' dir='ltr'><strong>seqq.</strong></span> <span class='ocrx_word' id='word_1_263' title='bbox 1142 1207 1222 1244; x_wconf 88' lang='lat' dir='ltr'>Nec</span> <span class='ocrx_word' id='word_1_264' title='bbox 1241 1207 1520 1246; x_wconf 82' lang='lat' dir='ltr'>aliterHeeren.</span> 
     </span>
     <span class='ocr_line' id='line_1_49' title="bbox 854 1262 1522 1314; baseline 0 -13"><span class='ocrx_word' id='word_1_265' title='bbox 854 1264 1068 1310; x_wconf 81' lang='lat' dir='ltr'>ldeen1‚2</span> <span class='ocrx_word' id='word_1_266' title='bbox 1097 1278 1134 1314; x_wconf 93' lang='lat' dir='ltr'>p</span> <span class='ocrx_word' id='word_1_267' title='bbox 1162 1262 1255 1303; x_wconf 78' lang='lat'><strong>114.</strong></span> <span class='ocrx_word' id='word_1_268' title='bbox 1303 1264 1360 1302; x_wconf 92' lang='lat' dir='ltr'>De</span> <span class='ocrx_word' id='word_1_269' title='bbox 1385 1264 1522 1301; x_wconf 81' lang='lat' dir='ltr'>Palae-</span> 
     </span>
     <span class='ocr_line' id='line_1_50' title="bbox 851 1320 1521 1371; baseline 0.001 -14"><span class='ocrx_word' id='word_1_270' title='bbox 851 1323 948 1358; x_wconf 81' lang='lat' dir='ltr'>stma</span> <span class='ocrx_word' id='word_1_271' title='bbox 979 1321 1093 1370; x_wconf 73' lang='lat' dir='ltr'>Syria</span> <span class='ocrx_word' id='word_1_272' title='bbox 1132 1322 1228 1358; x_wconf 86' lang='lat' dir='ltr'>conf.</span> <span class='ocrx_word' id='word_1_273' title='bbox 1257 1320 1287 1368; x_wconf 93' lang='lat' dir='ltr'>I,</span> <span class='ocrx_word' id='word_1_274' title='bbox 1324 1322 1403 1362; x_wconf 89' lang='lat'>105</span> <span class='ocrx_word' id='word_1_275' title='bbox 1433 1322 1521 1371; x_wconf 89' lang='lat' dir='ltr'>ibiq.</span> 
     </span>
     <span class='ocr_line' id='line_1_51' title="bbox 850 1377 1522 1427; baseline -0.001 -12"><span class='ocrx_word' id='word_1_276' title='bbox 850 1383 928 1415; x_wconf 88' lang='lat' dir='ltr'>not.</span> <span class='ocrx_word' id='word_1_277' title='bbox 976 1377 1035 1415; x_wconf 90' lang='lat' dir='ltr'>De</span> <span class='ocrx_word' id='word_1_278' title='bbox 1065 1377 1197 1427; x_wconf 75' lang='lat' dir='ltr'>Syriae</span> <span class='ocrx_word' id='word_1_279' title='bbox 1232 1378 1380 1415; x_wconf 85' lang='lat' dir='ltr'>nomine</span> <span class='ocrx_word' id='word_1_280' title='bbox 1416 1377 1522 1415; x_wconf 87' lang='lat' dir='ltr'>latius</span> 
     </span>
     <span class='ocr_line' id='line_1_52' title="bbox 849 1435 1390 1486; baseline -0.002 -14"><span class='ocrx_word' id='word_1_281' title='bbox 849 1439 1004 1486; x_wconf 86' lang='lat' dir='ltr'>patente</span> <span class='ocrx_word' id='word_1_282' title='bbox 1027 1435 1184 1471; x_wconf 85' lang='lat' dir='ltr'>diximus</span> <span class='ocrx_word' id='word_1_283' title='bbox 1204 1435 1251 1470; x_wconf 91' lang='lat' dir='ltr'>ad</span> <span class='ocrx_word' id='word_1_284' title='bbox 1272 1435 1299 1481; x_wconf 87' lang='lat'>1,</span> <span class='ocrx_word' id='word_1_285' title='bbox 1325 1437 1390 1474; x_wconf 78' lang='lat'>72.</span> 
     </span>
    </p>

    <p class='ocr_par' dir='ltr' id='par_1_12' title="bbox 836 1486 1520 2900">
     <span class='ocr_line' id='line_1_53' title="bbox 904 1486 1520 1537; baseline 0 -8"><span class='ocrx_word' id='word_1_286' title='bbox 904 1493 984 1529; x_wconf 78' lang='grc' dir='ltr'><em>τῶν</em></span> <span class='ocrx_word' id='word_1_287' title='bbox 1019 1486 1223 1536; x_wconf 80' lang='grc' dir='ltr'><em>Καδύτιος</em></span> <span class='ocrx_word' id='word_1_288' title='bbox 1261 1486 1399 1537; x_wconf 76' lang='grc' dir='ltr'><em>πόλιος</em></span> <span class='ocrx_word' id='word_1_289' title='bbox 1438 1489 1520 1530; x_wconf 81' lang='grc' dir='ltr'><em>ἐστὶ</em></span> 
     </span>
     <span class='ocr_line' id='line_1_54' title="bbox 850 1543 1513 1599; baseline -0.002 -13"><span class='ocrx_word' id='word_1_290' title='bbox 850 1543 1023 1599; x_wconf 72' lang='grc' dir='ltr'><em>Σύρων]</em></span> <span class='ocrx_word' id='word_1_291' title='bbox 1100 1547 1287 1584; x_wconf 78' lang='lat' dir='ltr'>Gaisford.</span> <span class='ocrx_word' id='word_1_292' title='bbox 1327 1548 1513 1585; x_wconf 85' lang='lat' dir='ltr'>exhibuit:</span> 
     </span>
     <span class='ocr_line' id='line_1_55' title="bbox 846 1600 1512 1656; baseline -0.005 -12"><span class='ocrx_word' id='word_1_293' title='bbox 846 1602 1008 1652; x_wconf 78' lang='grc' dir='ltr'><em>πόλιος,</em></span> <span class='ocrx_word' id='word_1_294' title='bbox 1042 1600 1070 1654; x_wconf 75' lang='grc' dir='ltr'>ἡ</span> <span class='ocrx_word' id='word_1_295' title='bbox 1098 1602 1205 1642; x_wconf 80' lang='grc' dir='ltr'><em>ἐστι</em></span> <span class='ocrx_word' id='word_1_296' title='bbox 1236 1606 1397 1656; x_wconf 51' lang='grc' dir='ltr'><em>ρυρων,</em></span> <span class='ocrx_word' id='word_1_297' title='bbox 1433 1606 1512 1641; x_wconf 90' lang='lat' dir='ltr'>vul-</span> 
     </span>
     <span class='ocr_line' id='line_1_56' title="bbox 844 1657 1515 1711; baseline -0.004 -11"><span class='ocrx_word' id='word_1_298' title='bbox 844 1675 969 1711; x_wconf 85' lang='lat' dir='ltr'>goque</span> <span class='ocrx_word' id='word_1_299' title='bbox 991 1665 1135 1699; x_wconf 85' lang='lat' dir='ltr'>exstare</span> <span class='ocrx_word' id='word_1_300' title='bbox 1151 1661 1201 1697; x_wconf 89' lang='lat' dir='ltr'>ait</span> <span class='ocrx_word' id='word_1_301' title='bbox 1225 1657 1253 1711; x_wconf 77' lang='grc' dir='ltr'>η’</span> <span class='ocrx_word' id='word_1_302' title='bbox 1278 1659 1380 1710; x_wconf 80' lang='grc' dir='ltr'><em>ἐστι,</em></span> <span class='ocrx_word' id='word_1_303' title='bbox 1412 1662 1515 1698; x_wconf 86' lang='lat' dir='ltr'>cuius</span> 
     </span>
     <span class='ocr_line' id='line_1_57' title="bbox 844 1718 1512 1767; baseline -0.001 -12"><span class='ocrx_word' id='word_1_304' title='bbox 844 1719 923 1755; x_wconf 91' lang='lat' dir='ltr'>loco</span> <span class='ocrx_word' id='word_1_305' title='bbox 945 1718 1152 1754; x_wconf 84' lang='lat' dir='ltr'>Gronovius</span> <span class='ocrx_word' id='word_1_306' title='bbox 1182 1730 1342 1767; x_wconf 87' lang='lat' dir='ltr'>eumque</span> <span class='ocrx_word' id='word_1_307' title='bbox 1364 1722 1512 1755; x_wconf 88' lang='lat' dir='ltr'>secutus</span> 
     </span>
     <span class='ocr_line' id='line_1_58' title="bbox 844 1773 1510 1826; baseline -0.005 -13"><span class='ocrx_word' id='word_1_308' title='bbox 844 1776 994 1813; x_wconf 90' lang='lat' dir='ltr'>Reizius</span> <span class='ocrx_word' id='word_1_309' title='bbox 1016 1787 1058 1812; x_wconf 92' lang='lat' dir='ltr'>ac</span> <span class='ocrx_word' id='word_1_310' title='bbox 1079 1774 1315 1812; x_wconf 86' lang='lat' dir='ltr'>Schaeferus:</span> <span class='ocrx_word' id='word_1_311' title='bbox 1345 1776 1397 1826; x_wconf 81' lang='grc' dir='ltr'>γῆ</span> <span class='ocrx_word' id='word_1_312' title='bbox 1417 1773 1510 1813; x_wconf 83' lang='grc' dir='ltr'><em>ἐστι.</em></span> 
     </span>
     <span class='ocr_line' id='line_1_59' title="bbox 844 1830 1512 1881; baseline 0.001 -13"><span class='ocrx_word' id='word_1_313' title='bbox 844 1832 1025 1881; x_wconf 83' lang='lat' dir='ltr'>Equidem</span> <span class='ocrx_word' id='word_1_314' title='bbox 1055 1844 1136 1868; x_wconf 89' lang='lat' dir='ltr'>cum</span> <span class='ocrx_word' id='word_1_315' title='bbox 1161 1830 1345 1869; x_wconf 83' lang='lat' dir='ltr'>Matthiae</span> <span class='ocrx_word' id='word_1_316' title='bbox 1370 1832 1512 1869; x_wconf 86' lang='lat' dir='ltr'>nescire</span> 
     </span>
     <span class='ocr_line' id='line_1_60' title="bbox 845 1888 1514 1938; baseline -0.001 -13"><span class='ocrx_word' id='word_1_317' title='bbox 845 1902 903 1926; x_wconf 79' lang='lat' dir='ltr'>ine</span> <span class='ocrx_word' id='word_1_318' title='bbox 929 1890 1071 1934; x_wconf 83' lang='lat' dir='ltr'>fateor,</span> <span class='ocrx_word' id='word_1_319' title='bbox 1110 1889 1298 1936; x_wconf 82' lang='lat' dir='ltr'>quomodo</span> <span class='ocrx_word' id='word_1_320' title='bbox 1330 1888 1514 1938; x_wconf 87' lang='lat' dir='ltr'>explican-</span> 
     </span>
     <span class='ocr_line' id='line_1_61' title="bbox 845 1941 1513 1995; baseline -0.001 -14"><span class='ocrx_word' id='word_1_321' title='bbox 845 1946 932 1982; x_wconf 89' lang='lat' dir='ltr'>dum</span> <span class='ocrx_word' id='word_1_322' title='bbox 953 1946 999 1982; x_wconf 82' lang='lat' dir='ltr'>sit</span> <span class='ocrx_word' id='word_1_323' title='bbox 1023 1941 1051 1995; x_wconf 76' lang='grc' dir='ltr'><em>ἢ</em></span> <span class='ocrx_word' id='word_1_324' title='bbox 1072 1943 1153 1983; x_wconf 82' lang='grc' dir='ltr'><em>ἐστὶ</em></span> <span class='ocrx_word' id='word_1_325' title='bbox 1183 1942 1308 1993; x_wconf 89' lang='lat' dir='ltr'>(non,</span> <span class='ocrx_word' id='word_1_326' title='bbox 1345 1948 1385 1981; x_wconf 87' lang='lat' dir='ltr'>ut</span> <span class='ocrx_word' id='word_1_327' title='bbox 1414 1945 1513 1995; x_wconf 91' lang='lat' dir='ltr'>apud</span> 
     </span>
     <span class='ocr_line' id='line_1_62' title="bbox 843 1999 1512 2050; baseline -0.001 -13"><span class='ocrx_word' id='word_1_328' title='bbox 843 2001 976 2038; x_wconf 73' lang='lat' dir='ltr'>Matth.</span> <span class='ocrx_word' id='word_1_329' title='bbox 995 2001 1142 2050; x_wconf 81' lang='lat' dir='ltr'>legitur,</span> <span class='ocrx_word' id='word_1_330' title='bbox 1167 1999 1194 2050; x_wconf 75' lang='grc' dir='ltr'><em>ἦ</em></span> <span class='ocrx_word' id='word_1_331' title='bbox 1218 1999 1323 2050; x_wconf 66' lang='lat'>5612,-</span> <span class='ocrx_word' id='word_1_332' title='bbox 1353 2002 1404 2038; x_wconf 89' lang='lat' dir='ltr'>ita</span> <span class='ocrx_word' id='word_1_333' title='bbox 1416 2002 1512 2038; x_wconf 86' lang='lat' dir='ltr'>enim</span> 
     </span>
     <span class='ocr_line' id='line_1_63' title="bbox 844 2056 1512 2107; baseline -0.003 -12"><span class='ocrx_word' id='word_1_334' title='bbox 844 2059 1005 2096; x_wconf 79' lang='lat' dir='ltr'>exhibuit</span> <span class='ocrx_word' id='word_1_335' title='bbox 1025 2056 1275 2107; x_wconf 77' lang='lat' dir='ltr'>Schweigh.);</span> <span class='ocrx_word' id='word_1_336' title='bbox 1306 2071 1376 2095; x_wconf 91' lang='lat' dir='ltr'>nec</span> <span class='ocrx_word' id='word_1_337' title='bbox 1394 2058 1512 2105; x_wconf 83' lang='lat' dir='ltr'>magis</span> 
     </span>
     <span class='ocr_line' id='line_1_64' title="bbox 842 2114 1514 2165; baseline 0.001 -15"><span class='ocrx_word' id='word_1_338' title='bbox 842 2114 963 2165; x_wconf 88' lang='lat' dir='ltr'>placet</span> <span class='ocrx_word' id='word_1_339' title='bbox 984 2127 1004 2150; x_wconf 88' lang='lat' dir='ltr'>a</span> <span class='ocrx_word' id='word_1_340' title='bbox 1023 2114 1211 2150; x_wconf 90' lang='lat' dir='ltr'>Gronovio</span> <span class='ocrx_word' id='word_1_341' title='bbox 1242 2114 1417 2151; x_wconf 86' lang='lat' dir='ltr'>insertum</span> <span class='ocrx_word' id='word_1_342' title='bbox 1445 2115 1514 2165; x_wconf 73' lang='grc' dir='ltr'>γῆ,</span> 
     </span>
     <span class='ocr_line' id='line_1_65' title="bbox 842 2170 1506 2221; baseline 0.002 -15"><span class='ocrx_word' id='word_1_343' title='bbox 842 2172 942 2221; x_wconf 88' lang='lat' dir='ltr'>quod</span> <span class='ocrx_word' id='word_1_344' title='bbox 971 2170 1130 2219; x_wconf 84' lang='lat' dir='ltr'>glossam</span> <span class='ocrx_word' id='word_1_345' title='bbox 1160 2170 1315 2207; x_wconf 89' lang='lat' dir='ltr'>redolet.</span> <span class='ocrx_word' id='word_1_346' title='bbox 1375 2170 1506 2219; x_wconf 86' lang='lat' dir='ltr'>ltaque</span> 
     </span>
     <span class='ocr_line' id='line_1_66' title="bbox 841 2226 1505 2276; baseline 0 -11"><span class='ocrx_word' id='word_1_347' title='bbox 841 2234 882 2265; x_wconf 86' lang='lat' dir='ltr'>ut</span> <span class='ocrx_word' id='word_1_348' title='bbox 904 2240 995 2264; x_wconf 85' lang='lat' dir='ltr'>sana</span> <span class='ocrx_word' id='word_1_349' title='bbox 1016 2228 1062 2263; x_wconf 91' lang='lat' dir='ltr'>sit</span> <span class='ocrx_word' id='word_1_350' title='bbox 1089 2227 1224 2273; x_wconf 84' lang='lat' dir='ltr'>oratio,</span> <span class='ocrx_word' id='word_1_351' title='bbox 1265 2226 1432 2263; x_wconf 86' lang='lat' dir='ltr'>voculam</span> <span class='ocrx_word' id='word_1_352' title='bbox 1461 2242 1505 2276; x_wconf 79' lang='grc' dir='ltr'>η,</span> 
     </span>
     <span class='ocr_line' id='line_1_67' title="bbox 840 2284 1504 2346; baseline -0.003 -25"><span class='ocrx_word' id='word_1_353' title='bbox 840 2297 936 2334; x_wconf 88' lang='lat' dir='ltr'>quae</span> <span class='ocrx_word' id='word_1_354' title='bbox 952 2284 1204 2321; x_wconf 88' lang='lat' dir='ltr'>confusionem</span> <span class='ocrx_word' id='word_1_355' title='bbox 1223 2285 1378 2333; x_wconf 76' lang='lat' dir='ltr'>peperit,</span> <span class='ocrx_word' id='word_1_356' title='bbox 1400 2296 1504 2346; x_wconf 81' lang='lat' dir='ltr'>pror-</span> 
     </span>
     <span class='ocr_line' id='line_1_68' title="bbox 839 2340 1505 2390; baseline -0.005 -12"><span class='ocrx_word' id='word_1_357' title='bbox 839 2354 900 2378; x_wconf 90' lang='lat' dir='ltr'>sus</span> <span class='ocrx_word' id='word_1_358' title='bbox 917 2341 1130 2378; x_wconf 81' lang='lat' dir='ltr'>eiiciendam</span> <span class='ocrx_word' id='word_1_359' title='bbox 1146 2353 1227 2378; x_wconf 86' lang='lat' dir='ltr'>esse</span> <span class='ocrx_word' id='word_1_360' title='bbox 1244 2341 1381 2386; x_wconf 77' lang='lat' dir='ltr'>censui,</span> <span class='ocrx_word' id='word_1_361' title='bbox 1396 2340 1505 2390; x_wconf 89' lang='lat' dir='ltr'>quip-</span> 
     </span>
     <span class='ocr_line' id='line_1_69' title="bbox 836 2396 1503 2448; baseline -0.004 -13"><span class='ocrx_word' id='word_1_362' title='bbox 836 2411 885 2448; x_wconf 85' lang='lat' dir='ltr'>pe</span> <span class='ocrx_word' id='word_1_363' title='bbox 902 2411 1013 2446; x_wconf 87' lang='lat' dir='ltr'>quum</span> <span class='ocrx_word' id='word_1_364' title='bbox 1035 2397 1145 2434; x_wconf 83' lang='lat' dir='ltr'>etiam</span> <span class='ocrx_word' id='word_1_365' title='bbox 1166 2397 1201 2433; x_wconf 92' lang='lat' dir='ltr'>in</span> <span class='ocrx_word' id='word_1_366' title='bbox 1222 2409 1325 2446; x_wconf 91' lang='lat' dir='ltr'>seqq.</span> <span class='ocrx_word' id='word_1_367' title='bbox 1349 2396 1503 2446; x_wconf 79' lang='lat' dir='ltr'>simplex</span> 
     </span>
     <span class='ocr_line' id='line_1_70' title="bbox 837 2449 1502 2502; baseline 0 -12"><span class='ocrx_word' id='word_1_368' title='bbox 837 2455 1028 2491; x_wconf 82' lang='lat' dir='ltr'>adiiciatur</span> <span class='ocrx_word' id='word_1_369' title='bbox 1049 2454 1230 2502; x_wconf 78' lang='lat' dir='ltr'>genitivus</span> <span class='ocrx_word' id='word_1_370' title='bbox 1252 2454 1364 2490; x_wconf 86' lang='lat' dir='ltr'>verbo</span> <span class='ocrx_word' id='word_1_371' title='bbox 1389 2449 1502 2491; x_wconf 80' lang='grc' dir='ltr'><em>εἶναι.</em></span> 
     </span>
     <span class='ocr_line' id='line_1_71' title="bbox 838 2509 1507 2557; baseline 0.001 -11"><span class='ocrx_word' id='word_1_372' title='bbox 838 2510 951 2550; x_wconf 80' lang='lat' dir='ltr'>Aliter</span> <span class='ocrx_word' id='word_1_373' title='bbox 970 2510 1163 2557; x_wconf 83' lang='lat' dir='ltr'>Matthiae,</span> <span class='ocrx_word' id='word_1_374' title='bbox 1194 2510 1249 2547; x_wconf 88' lang='lat' dir='ltr'>cui</span> <span class='ocrx_word' id='word_1_375' title='bbox 1268 2510 1413 2546; x_wconf 84' lang='lat' dir='ltr'>videtur</span> <span class='ocrx_word' id='word_1_376' title='bbox 1425 2509 1507 2547; x_wconf 88' lang='lat' dir='ltr'>He-</span> 
     </span>
     <span class='ocr_line' id='line_1_72' title="bbox 837 2565 1504 2615; baseline -0.002 -12"><span class='ocrx_word' id='word_1_377' title='bbox 837 2568 1015 2614; x_wconf 87' lang='lat' dir='ltr'>rodotus,</span> <span class='ocrx_word' id='word_1_378' title='bbox 1061 2579 1173 2615; x_wconf 88' lang='lat' dir='ltr'>quum</span> <span class='ocrx_word' id='word_1_379' title='bbox 1216 2566 1336 2604; x_wconf 87' lang='lat' dir='ltr'>dicere</span> <span class='ocrx_word' id='word_1_380' title='bbox 1383 2565 1504 2613; x_wconf 83' lang='lat' dir='ltr'>vellet,</span> 
     </span>
     <span class='ocr_line' id='line_1_73' title="bbox 839 2619 1502 2687; baseline -0.003 -25"><span class='ocrx_word' id='word_1_381' title='bbox 839 2619 920 2662; x_wconf 67' lang='lat' dir='ltr'>cino</span> <span class='ocrx_word' id='word_1_382' title='bbox 938 2620 1011 2676; x_wconf 70' lang='grc' dir='ltr'><em>γάρ</em></span> <span class='ocrx_word' id='word_1_383' title='bbox 1029 2623 1223 2672; x_wconf 82' lang='grc' dir='ltr'><em>Φοινίκης</em></span> <span class='ocrx_word' id='word_1_384' title='bbox 1240 2621 1348 2673; x_wconf 81' lang='grc' dir='ltr'><em>μέχρι</em></span> <span class='ocrx_word' id='word_1_385' title='bbox 1368 2619 1502 2687; x_wconf 72' lang='grc' dir='ltr'><em>οὔρων</em></span> 
     </span>
     <span class='ocr_line' id='line_1_74' title="bbox 838 2674 1501 2730; baseline -0.003 -12"><span class='ocrx_word' id='word_1_386' title='bbox 838 2682 917 2718; x_wconf 81' lang='grc' dir='ltr'><em>τῶν</em></span> <span class='ocrx_word' id='word_1_387' title='bbox 938 2675 1141 2726; x_wconf 79' lang='grc' dir='ltr'><em>Καὸυτιος</em></span> <span class='ocrx_word' id='word_1_388' title='bbox 1161 2674 1300 2725; x_wconf 82' lang='grc' dir='ltr'><em>πόλιος</em></span> <span class='ocrx_word' id='word_1_389' title='bbox 1321 2677 1349 2730; x_wconf 75' lang='grc' dir='ltr'><em>ἦ</em></span> <span class='ocrx_word' id='word_1_390' title='bbox 1370 2676 1501 2730; x_wconf 76' lang='grc' dir='ltr'><em>χώρη</em></span> 
     </span>
     <span class='ocr_line' id='line_1_75' title="bbox 838 2731 1502 2787; baseline -0.008 -11"><span class='ocrx_word' id='word_1_391' title='bbox 838 2735 919 2776; x_wconf 79' lang='grc' dir='ltr'><em>ἐστὶ</em></span> <span class='ocrx_word' id='word_1_392' title='bbox 946 2731 1117 2787; x_wconf 75' lang='grc' dir='ltr'><em>Σύρων,</em></span> <span class='ocrx_word' id='word_1_393' title='bbox 1157 2737 1346 2773; x_wconf 85' lang='lat' dir='ltr'>institutae</span> <span class='ocrx_word' id='word_1_394' title='bbox 1368 2736 1502 2772; x_wconf 87' lang='lat' dir='ltr'>oratio-</span> 
     </span>
     <span class='ocr_line' id='line_1_76' title="bbox 838 2792 1500 2841; baseline -0.005 -11"><span class='ocrx_word' id='word_1_395' title='bbox 838 2794 894 2830; x_wconf 89' lang='lat' dir='ltr'>nis</span> <span class='ocrx_word' id='word_1_396' title='bbox 933 2793 1064 2830; x_wconf 87' lang='lat' dir='ltr'>oblitus</span> <span class='ocrx_word' id='word_1_397' title='bbox 1099 2792 1226 2830; x_wconf 82' lang='lat' dir='ltr'>ultima</span> <span class='ocrx_word' id='word_1_398' title='bbox 1261 2793 1310 2829; x_wconf 87' lang='lat' dir='ltr'>ad</span> <span class='ocrx_word' id='word_1_399' title='bbox 1339 2792 1500 2841; x_wconf 80' lang='lat' dir='ltr'>Cadytin</span> 
     </span>
     <span class='ocr_line' id='line_1_77' title="bbox 839 2843 1500 2900; baseline -0.003 -14"><span class='ocrx_word' id='word_1_400' title='bbox 839 2850 965 2888; x_wconf 86' lang='lat' dir='ltr'>urbem</span> <span class='ocrx_word' id='word_1_401' title='bbox 986 2849 1167 2897; x_wconf 82' lang='lat' dir='ltr'>retulisse,</span> <span class='ocrx_word' id='word_1_402' title='bbox 1198 2845 1226 2900; x_wconf 81' lang='grc' dir='ltr'><em>ἣ</em></span> <span class='ocrx_word' id='word_1_403' title='bbox 1240 2847 1322 2889; x_wconf 81' lang='grc' dir='ltr'><em>ἐστὶ</em></span> <span class='ocrx_word' id='word_1_404' title='bbox 1341 2843 1500 2899; x_wconf 81' lang='grc' dir='ltr'><em>Σύρων.</em></span> 
     </span>
    </p>
   </div>
   <div class='ocr_carea' id='block_1_9' title="bbox 1523 761 1797 825">
    <p class='ocr_par' dir='ltr' id='par_1_13' title="bbox 1524 761 1797 825">
     <span class='ocr_line' id='line_1_78' title="bbox 1524 761 1797 790; baseline 0.012 -3"><span class='ocrx_word' id='word_1_405' title='bbox 1524 761 1584 788; x_wconf 83' lang='lat' dir='ltr'>Ora</span> <span class='ocrx_word' id='word_1_406' title='bbox 1595 761 1743 789; x_wconf 76' lang='lat' dir='ltr'>maritima</span> <span class='ocrx_word' id='word_1_407' title='bbox 1753 763 1797 790; x_wconf 87' lang='lat' dir='ltr'>i-n</span> 
     </span>
     <span class='ocr_line' id='line_1_79' title="bbox 1523 795 1797 825; baseline 0.015 -4.136"><span class='ocrx_word' id='word_1_408' title='bbox 1523 795 1560 822; x_wconf 76' lang='lat' dir='ltr'>(le</span> <span class='ocrx_word' id='word_1_409' title='bbox 1594 804 1612 822; x_wconf 91' lang='lat' dir='ltr'>a</span> <span class='ocrx_word' id='word_1_410' title='bbox 1648 796 1797 825; x_wconf 81' lang='lat' dir='ltr'>Phoenice</span> 
     </span>
    </p>
   </div>
   <div class='ocr_carea' id='block_1_10' title="bbox 1708 899 1799 968">
    <p class='ocr_par' dir='ltr' id='par_1_14' title="bbox 1708 899 1799 968">
     <span class='ocr_line' id='line_1_80' title="bbox 1708 899 1799 926; baseline 0.014 -1.282"><span class='ocrx_word' id='word_1_411' title='bbox 1708 899 1799 926; x_wconf 79' lang='lat' dir='ltr'>urbes</span> 
     </span>
     <span class='ocr_line' id='line_1_81' title="bbox 1724 941 1798 968; baseline 0.019 -9"><span class='ocrx_word' id='word_1_412' title='bbox 1724 941 1798 968; x_wconf 87' lang='lat' dir='ltr'>eny-</span> 
     </span>
    </p>
   </div>
  </div>
 </body>
</html>
