<?xml version="1.0" encoding="UTF-8"?>
<!DOCTYPE html PUBLIC "-//W3C//DTD XHTML 1.0 Transitional//EN"
    "http://www.w3.org/TR/xhtml1/DTD/xhtml1-transitional.dtd">
<html xmlns="http://www.w3.org/1999/xhtml" xml:lang="en" lang="en">
 <head>
  <title>
</title>
<meta http-equiv="Content-Type" content="text/html;charset=utf-8" />
  <meta name='ocr-system' content='tesseract 3.04.00' />
  <meta name='ocr-capabilities' content='ocr_page ocr_carea ocr_par ocr_line ocrx_word'/>
</head>
<body>
  <div class='ocr_page' id='page_1' title='image "./musaeherodoto02hero/musaeherodoto02hero_0442.png"; bbox 0 0 1904 3304; ppageno 0'>
   <div class='ocr_carea' id='block_1_1' title="bbox 379 805 443 848">
    <p class='ocr_par' dir='ltr' id='par_1_1' title="bbox 379 805 443 848">
     <span class='ocr_line' id='line_1_1' title="bbox 379 805 443 848; baseline -0.016 0"><span class='ocrx_word' id='word_1_1' title='bbox 379 805 443 848; x_wconf 78' lang='lat'><strong>83</strong></span> 
     </span>
    </p>
   </div>
   <div class='ocr_carea' id='block_1_2' title="bbox 177 868 453 1062">
    <p class='ocr_par' dir='ltr' id='par_1_2' title="bbox 177 868 453 1062">
     <span class='ocr_line' id='line_1_2' title="bbox 178 868 450 901; baseline 0 -7"><span class='ocrx_word' id='word_1_2' title='bbox 178 868 450 901; x_wconf 72' lang='lat' dir='ltr'><strong>Darius‚A1-tabano</strong></span> 
     </span>
     <span class='ocr_line' id='line_1_3' title="bbox 202 900 428 928; baseline 0.004 -1"><span class='ocrx_word' id='word_1_3' title='bbox 202 900 287 928; x_wconf 80' lang='lat' dir='ltr'><strong>fratri</strong></span> <span class='ocrx_word' id='word_1_4' title='bbox 323 901 428 928; x_wconf 83' lang='lat' dir='ltr'><strong>bellum</strong></span> 
     </span>
     <span class='ocr_line' id='line_1_4' title="bbox 178 934 417 969; baseline 0.008 -9"><span class='ocrx_word' id='word_1_5' title='bbox 178 934 348 969; x_wconf 76' lang='lat' dir='ltr'><strong>Scythicum</strong></span> <span class='ocrx_word' id='word_1_6' title='bbox 411 936 417 941; x_wconf 91' lang='lat'>&#39;</span> 
     </span>
     <span class='ocr_line' id='line_1_5' title="bbox 177 968 449 995; baseline 0 -1"><span class='ocrx_word' id='word_1_7' title='bbox 177 968 313 994; x_wconf 81' lang='lat' dir='ltr'><strong>suadenti</strong></span> <span class='ocrx_word' id='word_1_8' title='bbox 325 977 380 995; x_wconf 90' lang='lat' dir='ltr'><strong>non</strong></span> <span class='ocrx_word' id='word_1_9' title='bbox 400 978 414 994; x_wconf 88' lang='lat' dir='ltr'><strong>o</strong></span> <span class='ocrx_word' id='word_1_10' title='bbox 439 984 449 987; x_wconf 93' lang='lat'><em>-</em></span> 
     </span>
     <span class='ocr_line' id='line_1_6' title="bbox 178 1004 453 1035; baseline 0.007 -8"><span class='ocrx_word' id='word_1_11' title='bbox 178 1004 311 1035; x_wconf 74' lang='lat' dir='ltr'><strong>secutus,</strong></span> <span class='ocrx_word' id='word_1_12' title='bbox 357 1006 453 1029; x_wconf 82' lang='lat' dir='ltr'><strong>movet</strong></span> 
     </span>
     <span class='ocr_line' id='line_1_7' title="bbox 178 1035 269 1062; baseline -0.011 0"><span class='ocrx_word' id='word_1_13' title='bbox 178 1035 269 1062; x_wconf 75' lang='lat' dir='ltr'><strong>Susis.</strong></span> 
     </span>
    </p>
   </div>
   <div class='ocr_carea' id='block_1_3' title="bbox 500 270 582 309">
    <p class='ocr_par' dir='ltr' id='par_1_3' title="bbox 500 270 582 309">
     <span class='ocr_line' id='line_1_8' title="bbox 500 270 582 309; baseline 0 0"><span class='ocrx_word' id='word_1_14' title='bbox 500 270 582 309; x_wconf 76' lang='lat'><strong>434</strong></span> 
     </span>
    </p>
   </div>
   <div class='ocr_carea' id='block_1_4' title="bbox 900 267 1369 306">
    <p class='ocr_par' dir='ltr' id='par_1_4' title="bbox 900 267 1369 306">
     <span class='ocr_line' id='line_1_9' title="bbox 900 267 1369 306; baseline 0.004 -3"><span class='ocrx_word' id='word_1_15' title='bbox 900 267 1369 306; x_wconf 88' lang='lat' dir='ltr'><strong>HERODOTl</strong></span> 
     </span>
    </p>
   </div>
   <div class='ocr_carea' id='block_1_5' title="bbox 501 374 1752 572">
    <p class='ocr_par' dir='ltr' id='par_1_5' title="bbox 501 374 1752 572">
     <span class='ocr_line' id='line_1_10' title="bbox 503 374 1750 432; baseline -0.001 -13"><span class='ocrx_word' id='word_1_16' title='bbox 503 377 575 419; x_wconf 83' lang='grc' dir='ltr'><em>καὶ</em></span> <span class='ocrx_word' id='word_1_17' title='bbox 605 380 683 420; x_wconf 86' lang='grc' dir='ltr'><strong>τοῦ</strong></span> <span class='ocrx_word' id='word_1_18' title='bbox 713 374 922 431; x_wconf 82' lang='grc' dir='ltr'><em>μεγάθεος</em></span> <span class='ocrx_word' id='word_1_19' title='bbox 949 378 1028 416; x_wconf 88' lang='grc' dir='ltr'><strong>τοῦ</strong></span> <span class='ocrx_word' id='word_1_20' title='bbox 1057 376 1209 418; x_wconf 77' lang='grc' dir='ltr'>πεδίου</span> <span class='ocrx_word' id='word_1_21' title='bbox 1237 375 1484 431; x_wconf 82' lang='grc' dir='ltr'><em>παρέχεται,</em></span> <span class='ocrx_word' id='word_1_22' title='bbox 1523 375 1750 432; x_wconf 75' lang='grc' dir='ltr'><em>εἰρήσεται·</em></span> 
     </span>
     <span class='ocr_line' id='line_1_11' title="bbox 506 445 1752 502; baseline -0.001 -13"><span class='ocrx_word' id='word_1_23' title='bbox 506 449 623 502; x_wconf 81' lang='grc' dir='ltr'><em>ἴχνος</em></span> <span class='ocrx_word' id='word_1_24' title='bbox 652 446 885 501; x_wconf 54' lang='grc' dir='ltr'><em>*Ηρακλέος</em></span> <span class='ocrx_word' id='word_1_25' title='bbox 916 446 1126 500; x_wconf 78' lang='grc' dir='ltr'><em>φαίνουσι</em></span> <span class='ocrx_word' id='word_1_26' title='bbox 1155 445 1201 488; x_wconf 82' lang='grc' dir='ltr'><strong>ἐν</strong></span> <span class='ocrx_word' id='word_1_27' title='bbox 1240 445 1371 502; x_wconf 77' lang='grc' dir='ltr'><em>πέτρῃ</em></span> <span class='ocrx_word' id='word_1_28' title='bbox 1401 445 1546 497; x_wconf 76' lang='grc' dir='ltr'><em>ἐνεόν,</em></span> <span class='ocrx_word' id='word_1_29' title='bbox 1583 446 1632 490; x_wconf 89' lang='grc' dir='ltr'><strong>τὸ</strong></span> <span class='ocrx_word' id='word_1_30' title='bbox 1663 445 1752 488; x_wconf 81' lang='grc' dir='ltr'><em>οἶκε</em></span> 
     </span>
     <span class='ocr_line' id='line_1_12' title="bbox 501 514 1752 572; baseline -0.001 -13"><span class='ocrx_word' id='word_1_31' title='bbox 501 517 577 572; x_wconf 74' lang='grc' dir='ltr'><strong>μὲν</strong></span> <span class='ocrx_word' id='word_1_32' title='bbox 616 515 773 571; x_wconf 75' lang='grc' dir='ltr'><em>βήματι</em></span> <span class='ocrx_word' id='word_1_33' title='bbox 817 514 1008 570; x_wconf 79' lang='grc' dir='ltr'><em>ἀνδρὸς,</em></span> <span class='ocrx_word' id='word_1_34' title='bbox 1056 514 1142 558; x_wconf 77' lang='grc' dir='ltr'><em>ἔστι</em></span> <span class='ocrx_word' id='word_1_35' title='bbox 1182 515 1227 558; x_wconf 80' lang='grc' dir='ltr'><strong>δὲ</strong></span> <span class='ocrx_word' id='word_1_36' title='bbox 1264 516 1312 558; x_wconf 89' lang='grc' dir='ltr'><strong><em>τό</em></strong></span> <span class='ocrx_word' id='word_1_37' title='bbox 1353 517 1542 571; x_wconf 82' lang='grc' dir='ltr'><em>μέγαθος</em></span> <span class='ocrx_word' id='word_1_38' title='bbox 1586 518 1752 572; x_wconf 82' lang='grc' dir='ltr'><strong><em>δίπηχυ,</em></strong></span> 
     </span>
    </p>
   </div>
   <div class='ocr_carea' id='block_1_6' title="bbox 473 585 1133 641">
    <p class='ocr_par' dir='ltr' id='par_1_6' title="bbox 473 585 1133 641">
     <span class='ocr_line' id='line_1_13' title="bbox 473 585 1133 641; baseline -0.002 -13"><span class='ocrx_word' id='word_1_39' title='bbox 473 586 621 639; x_wconf 79' lang='grc' dir='ltr'><em>3παρόε</em></span> <span class='ocrx_word' id='word_1_40' title='bbox 652 586 726 630; x_wconf 84' lang='grc' dir='ltr'><strong>τὸν</strong></span> <span class='ocrx_word' id='word_1_41' title='bbox 751 585 898 641; x_wconf 81' lang='grc' dir='ltr'><em>Τύρην</em></span> <span class='ocrx_word' id='word_1_42' title='bbox 925 585 1133 640; x_wconf 88' lang='grc' dir='ltr'><em>ποταμόν.</em></span> 
     </span>
    </p>
   </div>
   <div class='ocr_carea' id='block_1_7' title="bbox 1197 585 1756 640">
    <p class='ocr_par' dir='ltr' id='par_1_7' title="bbox 1197 585 1756 640">
     <span class='ocr_line' id='line_1_14' title="bbox 1197 585 1756 640; baseline 0.002 -12"><span class='ocrx_word' id='word_1_43' title='bbox 1197 589 1337 629; x_wconf 82' lang='grc' dir='ltr'><em>Τοῦτο</em></span> <span class='ocrx_word' id='word_1_44' title='bbox 1367 587 1444 640; x_wconf 83' lang='grc' dir='ltr'><strong>μέν</strong></span> <span class='ocrx_word' id='word_1_45' title='bbox 1472 603 1555 629; x_wconf 89' lang='grc' dir='ltr'><strong>νυν</strong></span> <span class='ocrx_word' id='word_1_46' title='bbox 1583 585 1756 630; x_wconf 86' lang='grc' dir='ltr'><em>τοιοῦτό</em></span> 
     </span>
    </p>
   </div>
   <div class='ocr_carea' id='block_1_8' title="bbox 502 654 1757 713">
    <p class='ocr_par' dir='ltr' id='par_1_8' title="bbox 502 654 1757 713">
     <span class='ocr_line' id='line_1_15' title="bbox 502 654 1757 713; baseline -0.001 -13"><span class='ocrx_word' id='word_1_47' title='bbox 502 657 602 700; x_wconf 82' lang='grc' dir='ltr'><em>ἐστι.</em></span> <span class='ocrx_word' id='word_1_48' title='bbox 662 655 934 712; x_wconf 79' lang='grc' dir='ltr'><em>ἀναβήσομαι</em></span> <span class='ocrx_word' id='word_1_49' title='bbox 969 655 1013 699; x_wconf 78' lang='grc' dir='ltr'><strong>δὲ</strong></span> <span class='ocrx_word' id='word_1_50' title='bbox 1043 656 1086 706; x_wconf 81' lang='grc' dir='ltr'><strong>ἐς</strong></span> <span class='ocrx_word' id='word_1_51' title='bbox 1115 654 1192 698; x_wconf 86' lang='grc' dir='ltr'><strong>τὸν</strong></span> <span class='ocrx_word' id='word_1_52' title='bbox 1221 654 1317 699; x_wconf 83' lang='grc' dir='ltr'><em>κατ’</em></span> <span class='ocrx_word' id='word_1_53' title='bbox 1361 655 1494 712; x_wconf 74' lang='grc' dir='ltr'><em>ἀρχὰς</em></span> <span class='ocrx_word' id='word_1_54' title='bbox 1521 657 1595 713; x_wconf 82' lang='grc' dir='ltr'><em>ἤϊα</em></span> <span class='ocrx_word' id='word_1_55' title='bbox 1624 658 1757 710; x_wconf 81' lang='grc' dir='ltr'><em>λέξων</em></span> 
     </span>
    </p>
   </div>
   <div class='ocr_carea' id='block_1_9' title="bbox 503 725 646 782">
    <p class='ocr_par' dir='ltr' id='par_1_9' title="bbox 503 725 646 782">
     <span class='ocr_line' id='line_1_16' title="bbox 503 725 646 782; baseline -0.021 -12"><span class='ocrx_word' id='word_1_56' title='bbox 503 725 646 782; x_wconf 86' lang='grc' dir='ltr'><em>λόγον.</em></span> 
     </span>
    </p>
   </div>
   <div class='ocr_carea' id='block_1_10' title="bbox 1769 732 1813 767">
    <p class='ocr_par' dir='ltr' id='par_1_10' title="bbox 1769 732 1813 767">
     <span class='ocr_line' id='line_1_17' title="bbox 1769 732 1813 767; baseline -0.045 0"><span class='ocrx_word' id='word_1_57' title='bbox 1769 732 1813 767; x_wconf 87' lang='grc'><strong>35</strong></span> 
     </span>
    </p>
   </div>
   <div class='ocr_carea' id='block_1_11' title="bbox 410 796 1761 1065">
    <p class='ocr_par' dir='ltr' id='par_1_11' title="bbox 410 796 1761 1065">
     <span class='ocr_line' id='line_1_18' title="bbox 618 796 1759 852; baseline 0 -12"><span class='ocrx_word' id='word_1_58' title='bbox 618 796 1066 852; x_wconf 80' lang='grc' dir='ltr'><em>Παρασκευαζομένου</em></span> <span class='ocrx_word' id='word_1_59' title='bbox 1096 798 1290 851; x_wconf 78' lang='grc' dir='ltr'><em>Δαρείου</em></span> <span class='ocrx_word' id='word_1_60' title='bbox 1329 796 1396 840; x_wconf 78' lang='grc' dir='ltr'><strong>ἐπὶ</strong></span> <span class='ocrx_word' id='word_1_61' title='bbox 1432 797 1535 848; x_wconf 81' lang='grc' dir='ltr'><strong>τούς</strong></span> <span class='ocrx_word' id='word_1_62' title='bbox 1563 797 1759 850; x_wconf 82' lang='grc' dir='ltr'><em>Σκύθας,</em></span> 
     </span>
     <span class='ocr_line' id='line_1_19' title="bbox 507 865 1760 924; baseline -0.001 -13"><span class='ocrx_word' id='word_1_63' title='bbox 507 868 580 912; x_wconf 86' lang='grc' dir='ltr'><em>καὶ</em></span> <span class='ocrx_word' id='word_1_64' title='bbox 618 867 929 924; x_wconf 79' lang='grc' dir='ltr'><em>ἐπιπέμποντος</em></span> <span class='ocrx_word' id='word_1_65' title='bbox 978 865 1182 922; x_wconf 76' lang='grc' dir='ltr'><em>ἀγγέλους</em></span> <span class='ocrx_word' id='word_1_66' title='bbox 1221 866 1496 919; x_wconf 78' lang='grc' dir='ltr'><em>ἐπιτάξοντας</em></span> <span class='ocrx_word' id='word_1_67' title='bbox 1535 872 1646 911; x_wconf 88' lang='grc' dir='ltr'><em>τοῖσι</em></span> <span class='ocrx_word' id='word_1_68' title='bbox 1683 867 1760 922; x_wconf 79' lang='grc' dir='ltr'><strong>μὲν</strong></span> 
     </span>
     <span class='ocr_line' id='line_1_20' title="bbox 410 937 1761 994; baseline 0 -14"><span class='ocrx_word' id='word_1_69' title='bbox 410 944 447 961; x_wconf 71' lang='lat'><strong>¹⁸·</strong></span> <span class='ocrx_word' id='word_1_70' title='bbox 505 938 634 990; x_wconf 84' lang='grc' dir='ltr'><em>πεζὸν</em></span> <span class='ocrx_word' id='word_1_71' title='bbox 675 940 883 994; x_wconf 82' lang='grc' dir='ltr'><em>στρατόν,</em></span> <span class='ocrx_word' id='word_1_72' title='bbox 928 944 1040 982; x_wconf 85' lang='grc' dir='ltr'><em>τοῖσι</em></span> <span class='ocrx_word' id='word_1_73' title='bbox 1079 938 1124 981; x_wconf 82' lang='grc' dir='ltr'><strong>ὁὲ</strong></span> <span class='ocrx_word' id='word_1_74' title='bbox 1168 938 1267 989; x_wconf 81' lang='grc' dir='ltr'><em>νέας</em></span> <span class='ocrx_word' id='word_1_75' title='bbox 1304 937 1529 994; x_wconf 79' lang='grc' dir='ltr'><em>παρέχειν,</em></span> <span class='ocrx_word' id='word_1_76' title='bbox 1576 943 1689 981; x_wconf 87' lang='grc' dir='ltr'><em>τοῖσι</em></span> <span class='ocrx_word' id='word_1_77' title='bbox 1716 938 1761 980; x_wconf 81' lang='grc' dir='ltr'><strong>δὲ</strong></span> 
     </span>
     <span class='ocr_line' id='line_1_21' title="bbox 512 1005 1759 1065; baseline 0 -13"><span class='ocrx_word' id='word_1_78' title='bbox 512 1009 768 1064; x_wconf 77' lang='grc' dir='ltr'><em>ζεύγνυσθαι</em></span> <span class='ocrx_word' id='word_1_79' title='bbox 798 1011 874 1054; x_wconf 83' lang='grc' dir='ltr'><strong>τὸν</strong></span> <span class='ocrx_word' id='word_1_80' title='bbox 908 1012 1117 1065; x_wconf 77' lang='grc' dir='ltr'><em>Θρηΐκιον</em></span> <span class='ocrx_word' id='word_1_81' title='bbox 1150 1009 1402 1064; x_wconf 80' lang='grc' dir='ltr'><em>Βόσπορον·</em></span> <span class='ocrx_word' id='word_1_82' title='bbox 1441 1007 1706 1064; x_wconf 83' lang='grc' dir='ltr'><em>Ἀρτάβανος</em></span> <span class='ocrx_word' id='word_1_83' title='bbox 1737 1005 1759 1051; x_wconf 86' lang='grc' dir='ltr'>ὁ</span> 
     </span>
    </p>
   </div>
   <div class='ocr_carea' id='block_1_12' title="bbox 453 1158 1112 2890">
    <p class='ocr_par' dir='ltr' id='par_1_12' title="bbox 453 1158 1106 1262">
     <span class='ocr_line' id='line_1_22' title="bbox 453 1158 1106 1210; baseline -0.003 -13"><span class='ocrx_word' id='word_1_84' title='bbox 453 1162 634 1198; x_wconf 77' lang='lat' dir='ltr'><strong>cntionem</strong></span> <span class='ocrx_word' id='word_1_85' title='bbox 661 1158 733 1210; x_wconf 72' lang='grc' dir='ltr'><em>ἤϊα</em></span> <span class='ocrx_word' id='word_1_86' title='bbox 759 1159 879 1207; x_wconf 76' lang='grc' dir='ltr'><em>λέξων</em></span> <span class='ocrx_word' id='word_1_87' title='bbox 915 1161 1050 1196; x_wconf 80' lang='lat' dir='ltr'><strong>faciunt</strong></span> <span class='ocrx_word' id='word_1_88' title='bbox 1078 1161 1106 1206; x_wconf 90' lang='lat' dir='ltr'><strong>l,</strong></span> 
     </span>
     <span class='ocr_line' id='line_1_23' title="bbox 456 1216 783 1262; baseline -0.015 -6"><span class='ocrx_word' id='word_1_89' title='bbox 456 1220 546 1256; x_wconf 34' lang='lat'><strong>122.</strong></span> <span class='ocrx_word' id='word_1_90' title='bbox 571 1217 670 1262; x_wconf 80' lang='lat'><strong>194,</strong></span> <span class='ocrx_word' id='word_1_91' title='bbox 703 1216 783 1252; x_wconf 84' lang='lat' dir='ltr'><strong>alia.</strong></span> 
     </span>
    </p>

    <p class='ocr_par' dir='ltr' id='par_1_13' title="bbox 454 1270 1112 2825">
     <span class='ocr_line' id='line_1_24' title="bbox 508 1270 1108 1323; baseline -0.005 -13"><span class='ocrx_word' id='word_1_92' title='bbox 508 1272 616 1322; x_wconf 77' lang='grc' dir='ltr'><em>ἴχνος</em></span> <span class='ocrx_word' id='word_1_93' title='bbox 639 1270 858 1323; x_wconf 74' lang='grc' dir='ltr'><em>Ἡρακλέος]</em></span> <span class='ocrx_word' id='word_1_94' title='bbox 908 1273 1108 1308; x_wconf 85' lang='lat' dir='ltr'><strong>Conferan-</strong></span> 
     </span>
     <span class='ocr_line' id='line_1_25' title="bbox 454 1327 1107 1377; baseline -0.002 -13"><span class='ocrx_word' id='word_1_95' title='bbox 454 1333 532 1375; x_wconf 82' lang='lat' dir='ltr'><strong>tur⁷</strong></span> <span class='ocrx_word' id='word_1_96' title='bbox 579 1341 672 1377; x_wconf 87' lang='lat' dir='ltr'><strong>quae</strong></span> <span class='ocrx_word' id='word_1_97' title='bbox 712 1329 759 1365; x_wconf 93' lang='lat' dir='ltr'><strong>de</strong></span> <span class='ocrx_word' id='word_1_98' title='bbox 787 1328 909 1365; x_wconf 84' lang='lat' dir='ltr'><strong>Persei</strong></span> <span class='ocrx_word' id='word_1_99' title='bbox 949 1327 1107 1364; x_wconf 89' lang='lat' dir='ltr'><strong>sandalis</strong></span> 
     </span>
     <span class='ocr_line' id='line_1_26' title="bbox 454 1384 1106 1433; baseline 0 -13"><span class='ocrx_word' id='word_1_100' title='bbox 454 1385 605 1420; x_wconf 78' lang='lat' dir='ltr'>diximus</span> <span class='ocrx_word' id='word_1_101' title='bbox 639 1384 687 1420; x_wconf 90' lang='lat' dir='ltr'><strong>ad</strong></span> <span class='ocrx_word' id='word_1_102' title='bbox 719 1384 773 1430; x_wconf 91' lang='lat' dir='ltr'><strong>ll,</strong></span> <span class='ocrx_word' id='word_1_103' title='bbox 813 1387 861 1425; x_wconf 85' lang='lat'><strong>91</strong></span> <span class='ocrx_word' id='word_1_104' title='bbox 902 1397 984 1433; x_wconf 75' lang='lat' dir='ltr'><strong>pag.</strong></span> <span class='ocrx_word' id='word_1_105' title='bbox 1013 1384 1106 1423; x_wconf 83' lang='lat'><strong>685.</strong></span> 
     </span>
     <span class='ocr_line' id='line_1_27' title="bbox 454 1438 1103 1491; baseline 0 -15"><span class='ocrx_word' id='word_1_106' title='bbox 454 1441 616 1477; x_wconf 79' lang='lat' dir='ltr'><strong>Ritterus</strong></span> <span class='ocrx_word' id='word_1_107' title='bbox 638 1438 811 1491; x_wconf 78' lang='lat' dir='ltr'><strong>(Vorhall.</strong></span> <span class='ocrx_word' id='word_1_108' title='bbox 835 1453 918 1490; x_wconf 83' lang='lat' dir='ltr'><strong>pag.</strong></span> <span class='ocrx_word' id='word_1_109' title='bbox 932 1442 1011 1479; x_wconf 73' lang='lat'><strong>332</strong></span> <span class='ocrx_word' id='word_1_110' title='bbox 1026 1453 1103 1489; x_wconf 85' lang='lat' dir='ltr'><strong>seq.</strong></span> 
     </span>
     <span class='ocr_line' id='line_1_28' title="bbox 456 1496 1108 1545; baseline -0.008 -8"><span class='ocrx_word' id='word_1_111' title='bbox 456 1496 549 1537; x_wconf 75' lang='lat'><strong>334·</strong></span> <span class='ocrx_word' id='word_1_112' title='bbox 594 1497 686 1536; x_wconf 70' lang='lat'><strong>341·</strong></span> <span class='ocrx_word' id='word_1_113' title='bbox 726 1496 808 1537; x_wconf 78' lang='grc'><strong>348</strong></span> <span class='ocrx_word' id='word_1_114' title='bbox 848 1498 946 1545; x_wconf 83' lang='lat' dir='ltr'><strong>seq.)</strong></span> <span class='ocrx_word' id='word_1_115' title='bbox 990 1497 1108 1533; x_wconf 85' lang='lat' dir='ltr'><strong>omnia</strong></span> 
     </span>
     <span class='ocr_line' id='line_1_29' title="bbox 454 1552 1106 1602; baseline -0.003 -13"><span class='ocrx_word' id='word_1_116' title='bbox 454 1553 668 1602; x_wconf 82' lang='lat' dir='ltr'><strong>Scytharum</strong></span> <span class='ocrx_word' id='word_1_117' title='bbox 695 1565 796 1590; x_wconf 86' lang='lat' dir='ltr'><strong>sacra</strong></span> <span class='ocrx_word' id='word_1_118' title='bbox 823 1565 867 1588; x_wconf 84' lang='lat' dir='ltr'><strong>ex</strong></span> <span class='ocrx_word' id='word_1_119' title='bbox 885 1552 987 1588; x_wconf 78' lang='lat' dir='ltr'><strong>ludia</strong></span> <span class='ocrx_word' id='word_1_120' title='bbox 1010 1553 1106 1589; x_wconf 86' lang='lat' dir='ltr'><strong>deri-</strong></span> 
     </span>
     <span class='ocr_line' id='line_1_30' title="bbox 455 1608 1107 1656; baseline -0.002 -12"><span class='ocrx_word' id='word_1_121' title='bbox 455 1621 567 1653; x_wconf 87' lang='lat' dir='ltr'><strong>vans,</strong></span> <span class='ocrx_word' id='word_1_122' title='bbox 600 1609 637 1644; x_wconf 88' lang='lat' dir='ltr'><strong>in</strong></span> <span class='ocrx_word' id='word_1_123' title='bbox 666 1608 734 1645; x_wconf 88' lang='lat' dir='ltr'><strong>hoc</strong></span> <span class='ocrx_word' id='word_1_124' title='bbox 763 1621 909 1656; x_wconf 88' lang='lat' dir='ltr'><strong>quoque</strong></span> <span class='ocrx_word' id='word_1_125' title='bbox 941 1608 1107 1645; x_wconf 80' lang='lat' dir='ltr'><strong>Herculis</strong></span> 
     </span>
     <span class='ocr_line' id='line_1_31' title="bbox 454 1664 1108 1712; baseline -0.002 -12"><span class='ocrx_word' id='word_1_126' title='bbox 454 1665 606 1712; x_wconf 89' lang='lat' dir='ltr'><strong>vestigio</strong></span> <span class='ocrx_word' id='word_1_127' title='bbox 634 1665 783 1712; x_wconf 76' lang='lat' dir='ltr'>agnosci</span> <span class='ocrx_word' id='word_1_128' title='bbox 808 1665 885 1700; x_wconf 81' lang='lat' dir='ltr'><strong>vult</strong></span> <span class='ocrx_word' id='word_1_129' title='bbox 910 1664 1108 1700; x_wconf 87' lang='lat' dir='ltr'><strong>sandalium</strong></span> 
     </span>
     <span class='ocr_line' id='line_1_32' title="bbox 454 1720 1108 1769; baseline 0.002 -14"><span class='ocrx_word' id='word_1_130' title='bbox 454 1720 654 1764; x_wconf 77' lang='lat' dir='ltr'><strong>Buddhae,</strong></span> <span class='ocrx_word' id='word_1_131' title='bbox 685 1721 745 1769; x_wconf 91' lang='lat' dir='ltr'><strong>qui</strong></span> <span class='ocrx_word' id='word_1_132' title='bbox 765 1724 849 1769; x_wconf 84' lang='lat' dir='ltr'><strong>post</strong></span> <span class='ocrx_word' id='word_1_133' title='bbox 871 1733 1038 1768; x_wconf 76' lang='lat' dir='ltr'><strong>magnam</strong></span> <span class='ocrx_word' id='word_1_134' title='bbox 1055 1722 1108 1756; x_wconf 85' lang='lat' dir='ltr'><strong>in-</strong></span> 
     </span>
     <span class='ocr_line' id='line_1_33' title="bbox 455 1776 1109 1826; baseline 0 -14"><span class='ocrx_word' id='word_1_135' title='bbox 455 1777 688 1813; x_wconf 78' lang='lat' dir='ltr'>undationem</span> <span class='ocrx_word' id='word_1_136' title='bbox 715 1777 978 1826; x_wconf 79' lang='lat' dir='ltr'><strong>comparuerit,</strong></span> <span class='ocrx_word' id='word_1_137' title='bbox 1020 1776 1109 1813; x_wconf 92' lang='lat' dir='ltr'><strong>mul-</strong></span> 
     </span>
     <span class='ocr_line' id='line_1_34' title="bbox 455 1832 1109 1869; baseline 0 -1"><span class='ocrx_word' id='word_1_138' title='bbox 455 1836 530 1868; x_wconf 78' lang='lat' dir='ltr'><strong>tum</strong></span> <span class='ocrx_word' id='word_1_139' title='bbox 572 1832 781 1869; x_wconf 82' lang='lat' dir='ltr'><strong>mortalibus</strong></span> <span class='ocrx_word' id='word_1_140' title='bbox 823 1833 977 1869; x_wconf 85' lang='lat' dir='ltr'><strong>afferens</strong></span> <span class='ocrx_word' id='word_1_141' title='bbox 1014 1832 1109 1869; x_wconf 87' lang='lat' dir='ltr'><strong>salu-</strong></span> 
     </span>
     <span class='ocr_line' id='line_1_35' title="bbox 458 1888 1107 1937; baseline 0.002 -13"><span class='ocrx_word' id='word_1_142' title='bbox 458 1888 525 1934; x_wconf 92' lang='lat' dir='ltr'><strong>tis,</strong></span> <span class='ocrx_word' id='word_1_143' title='bbox 570 1889 741 1937; x_wconf 87' lang='lat' dir='ltr'><strong>cuiusque</strong></span> <span class='ocrx_word' id='word_1_144' title='bbox 775 1889 962 1937; x_wconf 80' lang='lat' dir='ltr'><strong>vestigium</strong></span> <span class='ocrx_word' id='word_1_145' title='bbox 990 1902 1018 1925; x_wconf 92' lang='lat' dir='ltr'><strong>s.</strong></span> <span class='ocrx_word' id='word_1_146' title='bbox 1049 1901 1107 1925; x_wconf 87' lang='lat' dir='ltr'><strong>sa-</strong></span> 
     </span>
     <span class='ocr_line' id='line_1_36' title="bbox 457 1943 1109 1994; baseline -0.002 -13"><span class='ocrx_word' id='word_1_147' title='bbox 457 1957 555 1981; x_wconf 90' lang='lat' dir='ltr'><strong>crum</strong></span> <span class='ocrx_word' id='word_1_148' title='bbox 594 1945 724 1994; x_wconf 89' lang='lat' dir='ltr'><strong>pedem</strong></span> <span class='ocrx_word' id='word_1_149' title='bbox 757 1943 915 1989; x_wconf 76' lang='lat' dir='ltr'><strong>(Prabat</strong></span> <span class='ocrx_word' id='word_1_150' title='bbox 953 1959 981 1982; x_wconf 81' lang='lat' dir='ltr'><strong>s,</strong></span> <span class='ocrx_word' id='word_1_151' title='bbox 1013 1943 1109 1981; x_wconf 75' lang='lat' dir='ltr'><strong>Siri-</strong></span> 
     </span>
     <span class='ocr_line' id='line_1_37' title="bbox 455 2000 1109 2049; baseline 0.002 -13"><span class='ocrx_word' id='word_1_152' title='bbox 455 2000 564 2049; x_wconf 78' lang='lat' dir='ltr'><strong>pade)</strong></span> <span class='ocrx_word' id='word_1_153' title='bbox 594 2000 711 2037; x_wconf 87' lang='lat' dir='ltr'><strong>adhuc</strong></span> <span class='ocrx_word' id='word_1_154' title='bbox 738 2001 844 2037; x_wconf 88' lang='lat' dir='ltr'><strong>variis</strong></span> <span class='ocrx_word' id='word_1_155' title='bbox 865 2001 988 2038; x_wconf 84' lang='lat' dir='ltr'>Indiae</span> <span class='ocrx_word' id='word_1_156' title='bbox 1009 2000 1109 2048; x_wconf 83' lang='lat' dir='ltr'><strong>locis,</strong></span> 
     </span>
     <span class='ocr_line' id='line_1_38' title="bbox 459 2056 1107 2107; baseline 0.002 -15"><span class='ocrx_word' id='word_1_157' title='bbox 459 2068 500 2093; x_wconf 93' lang='lat' dir='ltr'><strong>ac</strong></span> <span class='ocrx_word' id='word_1_158' title='bbox 529 2056 711 2105; x_wconf 82' lang='lat' dir='ltr'><strong>sigillatim</strong></span> <span class='ocrx_word' id='word_1_159' title='bbox 737 2058 774 2093; x_wconf 90' lang='lat' dir='ltr'><strong>in</strong></span> <span class='ocrx_word' id='word_1_160' title='bbox 794 2056 1033 2107; x_wconf 87' lang='lat' dir='ltr'><strong>Taprobanes</strong></span> <span class='ocrx_word' id='word_1_161' title='bbox 1053 2058 1107 2093; x_wconf 93' lang='lat' dir='ltr'><strong>in-</strong></span> 
     </span>
     <span class='ocr_line' id='line_1_39' title="bbox 458 2111 1109 2150; baseline 0.003 -2"><span class='ocrx_word' id='word_1_162' title='bbox 458 2111 536 2149; x_wconf 88' lang='lat' dir='ltr'><strong>sula</strong></span> <span class='ocrx_word' id='word_1_163' title='bbox 567 2118 846 2150; x_wconf 77' lang='lat' dir='ltr'><strong>commonstrent</strong></span> <span class='ocrx_word' id='word_1_164' title='bbox 875 2114 1109 2150; x_wconf 83' lang='lat' dir='ltr'><strong>carminibus-</strong></span> 
     </span>
     <span class='ocr_line' id='line_1_40' title="bbox 459 2169 1110 2217; baseline 0.002 -12"><span class='ocrx_word' id='word_1_165' title='bbox 459 2181 532 2217; x_wconf 90' lang='lat' dir='ltr'><strong>que</strong></span> <span class='ocrx_word' id='word_1_166' title='bbox 567 2169 760 2206; x_wconf 89' lang='lat' dir='ltr'><strong>celebrent.</strong></span> <span class='ocrx_word' id='word_1_167' title='bbox 821 2170 925 2213; x_wconf 86' lang='lat' dir='ltr'><strong>Quae</strong></span> <span class='ocrx_word' id='word_1_168' title='bbox 964 2171 1034 2206; x_wconf 87' lang='lat' dir='ltr'><strong>iam</strong></span> <span class='ocrx_word' id='word_1_169' title='bbox 1074 2171 1110 2206; x_wconf 89' lang='lat' dir='ltr'><strong>in</strong></span> 
     </span>
     <span class='ocr_line' id='line_1_41' title="bbox 459 2225 1112 2263; baseline 0.003 -3"><span class='ocrx_word' id='word_1_170' title='bbox 459 2225 640 2262; x_wconf 89' lang='lat' dir='ltr'><strong>Graecum</strong></span> <span class='ocrx_word' id='word_1_171' title='bbox 656 2225 847 2263; x_wconf 85' lang='lat' dir='ltr'><strong>Herculem</strong></span> <span class='ocrx_word' id='word_1_172' title='bbox 865 2225 922 2262; x_wconf 90' lang='lat' dir='ltr'><strong>ille</strong></span> <span class='ocrx_word' id='word_1_173' title='bbox 937 2226 1112 2262; x_wconf 87' lang='lat' dir='ltr'><strong>translata</strong></span> 
     </span>
     <span class='ocr_line' id='line_1_42' title="bbox 458 2281 1112 2330; baseline 0.002 -14"><span class='ocrx_word' id='word_1_174' title='bbox 458 2281 649 2330; x_wconf 84' lang='lat' dir='ltr'><strong>opinatur,</strong></span> <span class='ocrx_word' id='word_1_175' title='bbox 679 2282 819 2318; x_wconf 73' lang='lat' dir='ltr'><strong>colonia</strong></span> <span class='ocrx_word' id='word_1_176' title='bbox 845 2282 1015 2319; x_wconf 87' lang='lat' dir='ltr'><strong>Indorum</strong></span> <span class='ocrx_word' id='word_1_177' title='bbox 1044 2283 1112 2319; x_wconf 88' lang='lat' dir='ltr'><strong>sci-</strong></span> 
     </span>
     <span class='ocr_line' id='line_1_43' title="bbox 458 2336 1112 2386; baseline 0.005 -15"><span class='ocrx_word' id='word_1_178' title='bbox 458 2336 541 2372; x_wconf 86' lang='lat' dir='ltr'><strong>licet</strong></span> <span class='ocrx_word' id='word_1_179' title='bbox 565 2338 611 2373; x_wconf 90' lang='lat' dir='ltr'><strong>ad</strong></span> <span class='ocrx_word' id='word_1_180' title='bbox 634 2336 669 2373; x_wconf 89' lang='lat' dir='ltr'>T</span> <span class='ocrx_word' id='word_1_181' title='bbox 671 2350 772 2386; x_wconf 89' lang='lat' dir='ltr'><strong>yram</strong></span> <span class='ocrx_word' id='word_1_182' title='bbox 791 2338 935 2374; x_wconf 89' lang='lat' dir='ltr'><strong>fluvium</strong></span> <span class='ocrx_word' id='word_1_183' title='bbox 956 2339 1112 2375; x_wconf 66' lang='lat' dir='ltr'><strong>deducta</strong></span> 
     </span>
     <span class='ocr_line' id='line_1_44' title="bbox 461 2392 1111 2437; baseline 0.003 -10"><span class='ocrx_word' id='word_1_184' title='bbox 461 2392 531 2427; x_wconf 72' lang='lat' dir='ltr'><strong>una</strong></span> <span class='ocrx_word' id='word_1_185' title='bbox 560 2405 638 2429; x_wconf 90' lang='lat' dir='ltr'><strong>cum</strong></span> <span class='ocrx_word' id='word_1_186' title='bbox 656 2393 835 2430; x_wconf 87' lang='lat' dir='ltr'><strong>Buddhae</strong></span> <span class='ocrx_word' id='word_1_187' title='bbox 851 2394 972 2430; x_wconf 89' lang='lat' dir='ltr'><strong>sacris.</strong></span> <span class='ocrx_word' id='word_1_188' title='bbox 1015 2394 1111 2437; x_wconf 84' lang='lat' dir='ltr'><strong>Quin</strong></span> 
     </span>
     <span class='ocr_line' id='line_1_45' title="bbox 458 2448 1111 2497; baseline 0.005 -14"><span class='ocrx_word' id='word_1_189' title='bbox 458 2448 573 2497; x_wconf 87' lang='lat' dir='ltr'><strong>ipsam</strong></span> <span class='ocrx_word' id='word_1_190' title='bbox 602 2461 806 2486; x_wconf 89' lang='lat' dir='ltr'><strong>mensuram</strong></span> <span class='ocrx_word' id='word_1_191' title='bbox 832 2450 983 2486; x_wconf 90' lang='lat' dir='ltr'><strong>duorum</strong></span> <span class='ocrx_word' id='word_1_192' title='bbox 1012 2451 1111 2486; x_wconf 84' lang='lat' dir='ltr'><strong>cubi-</strong></span> 
     </span>
     <span class='ocr_line' id='line_1_46' title="bbox 458 2506 1110 2555; baseline 0.006 -16"><span class='ocrx_word' id='word_1_193' title='bbox 458 2509 576 2540; x_wconf 89' lang='lat' dir='ltr'><strong>torum</strong></span> <span class='ocrx_word' id='word_1_194' title='bbox 608 2517 806 2553; x_wconf 83' lang='lat' dir='ltr'><strong>congruere</strong></span> <span class='ocrx_word' id='word_1_195' title='bbox 835 2506 884 2541; x_wconf 79' lang='lat' dir='ltr'><strong>ait</strong></span> <span class='ocrx_word' id='word_1_196' title='bbox 913 2506 1110 2555; x_wconf 79' lang='lat' dir='ltr'><strong>similiaque</strong></span> 
     </span>
     <span class='ocr_line' id='line_1_47' title="bbox 459 2559 1111 2610; baseline 0.006 -15"><span class='ocrx_word' id='word_1_197' title='bbox 459 2559 566 2596; x_wconf 84' lang='lat' dir='ltr'><strong>affert</strong></span> <span class='ocrx_word' id='word_1_198' title='bbox 585 2560 775 2607; x_wconf 84' lang='lat' dir='ltr'><strong>nonnulla,</strong></span> <span class='ocrx_word' id='word_1_199' title='bbox 806 2561 987 2610; x_wconf 77' lang='lat' dir='ltr'><strong>vulgarem</strong></span> <span class='ocrx_word' id='word_1_200' title='bbox 1009 2575 1111 2599; x_wconf 87' lang='lat' dir='ltr'><strong>men-</strong></span> 
     </span>
     <span class='ocr_line' id='line_1_48' title="bbox 459 2616 1110 2668; baseline 0.006 -17"><span class='ocrx_word' id='word_1_201' title='bbox 459 2628 577 2652; x_wconf 87' lang='lat' dir='ltr'><strong>suram</strong></span> <span class='ocrx_word' id='word_1_202' title='bbox 608 2616 713 2652; x_wconf 84' lang='lat' dir='ltr'><strong>simili</strong></span> <span class='ocrx_word' id='word_1_203' title='bbox 743 2617 851 2653; x_wconf 85' lang='lat' dir='ltr'><strong>modo</strong></span> <span class='ocrx_word' id='word_1_204' title='bbox 883 2631 975 2666; x_wconf 87' lang='lat' dir='ltr'><strong>quae</strong></span> <span class='ocrx_word' id='word_1_205' title='bbox 1003 2631 1110 2668; x_wconf 85' lang='lat' dir='ltr'><strong>supe-</strong></span> 
     </span>
     <span class='ocr_line' id='line_1_49' title="bbox 460 2672 1110 2711; baseline 0.006 -4"><span class='ocrx_word' id='word_1_206' title='bbox 460 2683 539 2708; x_wconf 83' lang='lat' dir='ltr'><strong>rare</strong></span> <span class='ocrx_word' id='word_1_207' title='bbox 561 2672 736 2709; x_wconf 84' lang='lat' dir='ltr'><strong>dicantur.</strong></span> <span class='ocrx_word' id='word_1_208' title='bbox 772 2672 866 2709; x_wconf 82' lang='lat' dir='ltr'><strong>Add.</strong></span> <span class='ocrx_word' id='word_1_209' title='bbox 887 2674 1011 2710; x_wconf 86' lang='lat' dir='ltr'><strong>Barth.</strong></span> <span class='ocrx_word' id='word_1_210' title='bbox 1042 2674 1110 2711; x_wconf 89' lang='lat' dir='ltr'><strong>Die</strong></span> 
     </span>
     <span class='ocr_line' id='line_1_50' title="bbox 460 2727 1107 2779; baseline 0.008 -17"><span class='ocrx_word' id='word_1_211' title='bbox 460 2727 622 2764; x_wconf 86' lang='lat' dir='ltr'><strong>Kabircn</strong></span> <span class='ocrx_word' id='word_1_212' title='bbox 660 2730 695 2765; x_wconf 93' lang='lat' dir='ltr'><strong>in</strong></span> <span class='ocrx_word' id='word_1_213' title='bbox 724 2729 985 2766; x_wconf 80' lang='lat' dir='ltr'><strong>Teutschland.</strong></span> <span class='ocrx_word' id='word_1_214' title='bbox 1022 2744 1107 2779; x_wconf 79' lang='lat' dir='ltr'><strong>pag.</strong></span> 
     </span>
     <span class='ocr_line' id='line_1_51' title="bbox 463 2785 674 2825; baseline -0.005 -4"><span class='ocrx_word' id='word_1_215' title='bbox 463 2785 552 2824; x_wconf 87' lang='lat'><strong>153.</strong></span> <span class='ocrx_word' id='word_1_216' title='bbox 586 2786 674 2825; x_wconf 80' lang='lat'><strong>168.</strong></span> 
     </span>
    </p>

    <p class='ocr_par' dir='ltr' id='par_1_14' title="bbox 614 2839 952 2890">
     <span class='ocr_line' id='line_1_52' title="bbox 614 2839 952 2890; baseline -0.003 -14"><span class='ocrx_word' id='word_1_217' title='bbox 614 2841 718 2890; x_wconf 86' lang='lat' dir='ltr'><strong>Cap.</strong></span> <span class='ocrx_word' id='word_1_218' title='bbox 750 2839 952 2877; x_wconf 79' lang='lat' dir='ltr'><strong>LXXXlll.</strong></span> 
     </span>
    </p>
   </div>
   <div class='ocr_carea' id='block_1_13' title="bbox 503 2894 1106 2948">
    <p class='ocr_par' dir='ltr' id='par_1_15' title="bbox 503 2894 1106 2948">
     <span class='ocr_line' id='line_1_53' title="bbox 503 2894 1106 2948; baseline 0.002 -15"><span class='ocrx_word' id='word_1_219' title='bbox 503 2894 907 2947; x_wconf 79' lang='grc' dir='ltr'><em>Παρασκευαζομένου</em></span> <span class='ocrx_word' id='word_1_220' title='bbox 921 2896 1106 2948; x_wconf 83' lang='grc' dir='ltr'><em>Δαρείου]</em></span> 
     </span>
    </p>
   </div>
   <div class='ocr_carea' id='block_1_14' title="bbox 1161 1159 1818 2162">
    <p class='ocr_par' dir='ltr' id='par_1_16' title="bbox 1161 1159 1818 1713">
     <span class='ocr_line' id='line_1_54' title="bbox 1164 1159 1816 1203; baseline 0 -7"><span class='ocrx_word' id='word_1_221' title='bbox 1164 1160 1269 1203; x_wconf 80' lang='lat' dir='ltr'><strong>Quae</strong></span> <span class='ocrx_word' id='word_1_222' title='bbox 1288 1159 1437 1196; x_wconf 82' lang='lat' dir='ltr'><strong>Darium</strong></span> <span class='ocrx_word' id='word_1_223' title='bbox 1463 1160 1617 1197; x_wconf 91' lang='lat' dir='ltr'><strong>moverit</strong></span> <span class='ocrx_word' id='word_1_224' title='bbox 1643 1171 1751 1196; x_wconf 87' lang='lat' dir='ltr'><strong>causa</strong></span> <span class='ocrx_word' id='word_1_225' title='bbox 1768 1159 1816 1196; x_wconf 89' lang='lat' dir='ltr'><strong>ad</strong></span> 
     </span>
     <span class='ocr_line' id='line_1_55' title="bbox 1161 1215 1817 1264; baseline -0.002 -12"><span class='ocrx_word' id='word_1_226' title='bbox 1161 1215 1427 1264; x_wconf 67' lang='lat' dir='ltr'><strong>expeditionem</strong></span> <span class='ocrx_word' id='word_1_227' title='bbox 1452 1215 1733 1261; x_wconf 83' lang='lat' dir='ltr'><strong>instituendam,</strong></span> <span class='ocrx_word' id='word_1_228' title='bbox 1762 1215 1817 1251; x_wconf 83' lang='lat' dir='ltr'><strong>af-</strong></span> 
     </span>
     <span class='ocr_line' id='line_1_56' title="bbox 1163 1270 1815 1321; baseline -0.002 -14"><span class='ocrx_word' id='word_1_229' title='bbox 1163 1272 1278 1308; x_wconf 72' lang='lat' dir='ltr'><strong>fertur</strong></span> <span class='ocrx_word' id='word_1_230' title='bbox 1316 1284 1423 1321; x_wconf 84' lang='lat' dir='ltr'><strong>supra</strong></span> <span class='ocrx_word' id='word_1_231' title='bbox 1464 1272 1532 1317; x_wconf 81' lang='lat' dir='ltr'><strong>lv,</strong></span> <span class='ocrx_word' id='word_1_232' title='bbox 1572 1274 1590 1310; x_wconf 90' lang='lat'>1</span> <span class='ocrx_word' id='word_1_233' title='bbox 1635 1270 1712 1307; x_wconf 90' lang='lat' dir='ltr'><strong>coll.</strong></span> <span class='ocrx_word' id='word_1_234' title='bbox 1754 1271 1815 1315; x_wconf 85' lang='lat' dir='ltr'><strong>IV,</strong></span> 
     </span>
     <span class='ocr_line' id='line_1_57' title="bbox 1168 1325 1816 1376; baseline -0.005 -11"><span class='ocrx_word' id='word_1_235' title='bbox 1168 1328 1257 1366; x_wconf 87' lang='lat'><strong>118.</strong></span> <span class='ocrx_word' id='word_1_236' title='bbox 1317 1327 1546 1376; x_wconf 78' lang='lat' dir='ltr'><strong>Quamquam</strong></span> <span class='ocrx_word' id='word_1_237' title='bbox 1582 1338 1704 1364; x_wconf 88' lang='lat' dir='ltr'><strong>veram</strong></span> <span class='ocrx_word' id='word_1_238' title='bbox 1735 1325 1816 1363; x_wconf 87' lang='lat' dir='ltr'><strong>belli</strong></span> 
     </span>
     <span class='ocr_line' id='line_1_58' title="bbox 1164 1381 1817 1431; baseline 0.002 -14"><span class='ocrx_word' id='word_1_239' title='bbox 1164 1383 1306 1431; x_wconf 79' lang='lat' dir='ltr'><strong>Scythis</strong></span> <span class='ocrx_word' id='word_1_240' title='bbox 1345 1383 1522 1420; x_wconf 84' lang='lat' dir='ltr'><strong>inferendi</strong></span> <span class='ocrx_word' id='word_1_241' title='bbox 1548 1395 1692 1420; x_wconf 90' lang='lat' dir='ltr'><strong>causam</strong></span> <span class='ocrx_word' id='word_1_242' title='bbox 1718 1381 1817 1418; x_wconf 78' lang='lat' dir='ltr'><strong>haud</strong></span> 
     </span>
     <span class='ocr_line' id='line_1_59' title="bbox 1164 1438 1816 1488; baseline 0 -13"><span class='ocrx_word' id='word_1_243' title='bbox 1164 1441 1236 1476; x_wconf 87' lang='lat' dir='ltr'><strong>scio</strong></span> <span class='ocrx_word' id='word_1_244' title='bbox 1262 1451 1307 1475; x_wconf 87' lang='lat' dir='ltr'><strong>an</strong></span> <span class='ocrx_word' id='word_1_245' title='bbox 1338 1452 1379 1476; x_wconf 85' lang='lat' dir='ltr'><strong>ex</strong></span> <span class='ocrx_word' id='word_1_246' title='bbox 1402 1439 1640 1476; x_wconf 87' lang='lat' dir='ltr'><strong>immoderata</strong></span> <span class='ocrx_word' id='word_1_247' title='bbox 1659 1438 1816 1488; x_wconf 88' lang='lat' dir='ltr'><strong>quadam</strong></span> 
     </span>
     <span class='ocr_line' id='line_1_60' title="bbox 1163 1495 1818 1546; baseline -0.002 -15"><span class='ocrx_word' id='word_1_248' title='bbox 1163 1495 1260 1544; x_wconf 85' lang='lat' dir='ltr'><strong>regis</strong></span> <span class='ocrx_word' id='word_1_249' title='bbox 1277 1496 1474 1533; x_wconf 86' lang='lat' dir='ltr'><strong>ambitione</strong></span> <span class='ocrx_word' id='word_1_250' title='bbox 1493 1495 1702 1546; x_wconf 85' lang='lat' dir='ltr'><strong>gloriaeque</strong></span> <span class='ocrx_word' id='word_1_251' title='bbox 1717 1495 1818 1544; x_wconf 90' lang='lat' dir='ltr'><strong>cupi-</strong></span> 
     </span>
     <span class='ocr_line' id='line_1_61' title="bbox 1167 1550 1817 1600; baseline -0.002 -13"><span class='ocrx_word' id='word_1_252' title='bbox 1167 1551 1251 1588; x_wconf 88' lang='lat' dir='ltr'><strong>dine</strong></span> <span class='ocrx_word' id='word_1_253' title='bbox 1296 1563 1337 1588; x_wconf 87' lang='lat' dir='ltr'><strong>ac</strong></span> <span class='ocrx_word' id='word_1_254' title='bbox 1371 1552 1472 1600; x_wconf 87' lang='lat' dir='ltr'><strong>regni</strong></span> <span class='ocrx_word' id='word_1_255' title='bbox 1511 1552 1670 1600; x_wconf 87' lang='lat' dir='ltr'><strong>augendi</strong></span> <span class='ocrx_word' id='word_1_256' title='bbox 1698 1550 1817 1588; x_wconf 84' lang='lat' dir='ltr'><strong>studio</strong></span> 
     </span>
     <span class='ocr_line' id='line_1_62' title="bbox 1165 1605 1816 1656; baseline -0.002 -14"><span class='ocrx_word' id='word_1_257' title='bbox 1165 1611 1331 1656; x_wconf 84' lang='lat' dir='ltr'><strong>repetere</strong></span> <span class='ocrx_word' id='word_1_258' title='bbox 1374 1606 1490 1643; x_wconf 75' lang='lat' dir='ltr'><strong>liceat.</strong></span> <span class='ocrx_word' id='word_1_259' title='bbox 1552 1607 1660 1645; x_wconf 86' lang='lat' dir='ltr'><strong>conf.</strong></span> <span class='ocrx_word' id='word_1_260' title='bbox 1706 1605 1816 1644; x_wconf 77' lang='lat' dir='ltr'><strong>Dahi-</strong></span> 
     </span>
     <span class='ocr_line' id='line_1_63' title="bbox 1165 1662 1815 1713; baseline 0 -15"><span class='ocrx_word' id='word_1_261' title='bbox 1165 1675 1284 1699; x_wconf 90' lang='lat' dir='ltr'><strong>mann.</strong></span> <span class='ocrx_word' id='word_1_262' title='bbox 1325 1662 1504 1699; x_wconf 86' lang='lat' dir='ltr'><strong>Herodot.</strong></span> <span class='ocrx_word' id='word_1_263' title='bbox 1531 1675 1615 1713; x_wconf 88' lang='lat' dir='ltr'><strong>pag.</strong></span> <span class='ocrx_word' id='word_1_264' title='bbox 1642 1664 1718 1703; x_wconf 86' lang='lat'><strong>160</strong></span> <span class='ocrx_word' id='word_1_265' title='bbox 1738 1674 1815 1711; x_wconf 90' lang='lat' dir='ltr'><strong>seq.</strong></span> 
     </span>
    </p>

    <p class='ocr_par' dir='ltr' id='par_1_17' title="bbox 1164 1714 1818 2162">
     <span class='ocr_line' id='line_1_64' title="bbox 1223 1714 1816 1769; baseline 0 -14"><span class='ocrx_word' id='word_1_266' title='bbox 1223 1714 1461 1769; x_wconf 77' lang='grc' dir='ltr'><em>ζεύγνυσθαι</em></span> <span class='ocrx_word' id='word_1_267' title='bbox 1511 1717 1580 1758; x_wconf 85' lang='grc' dir='ltr'><strong>τὸν</strong></span> <span class='ocrx_word' id='word_1_268' title='bbox 1625 1718 1816 1768; x_wconf 82' lang='grc' dir='ltr'><em>Θρηΐκιον</em></span> 
     </span>
     <span class='ocr_line' id='line_1_65' title="bbox 1165 1769 1817 1825; baseline -0.003 -13"><span class='ocrx_word' id='word_1_269' title='bbox 1165 1769 1384 1825; x_wconf 78' lang='grc' dir='ltr'><em>Βόσπορον]</em></span> <span class='ocrx_word' id='word_1_270' title='bbox 1408 1775 1512 1812; x_wconf 89' lang='lat' dir='ltr'><strong>Unus</strong></span> <span class='ocrx_word' id='word_1_271' title='bbox 1531 1775 1711 1812; x_wconf 89' lang='lat' dir='ltr'><strong>Sancrofti</strong></span> <span class='ocrx_word' id='word_1_272' title='bbox 1727 1773 1817 1811; x_wconf 90' lang='lat' dir='ltr'><strong>liber</strong></span> 
     </span>
     <span class='ocr_line' id='line_1_66' title="bbox 1167 1827 1817 1881; baseline -0.002 -13"><span class='ocrx_word' id='word_1_273' title='bbox 1167 1827 1396 1881; x_wconf 80' lang='grc' dir='ltr'><em>ζευγνύναι,</em></span> <span class='ocrx_word' id='word_1_274' title='bbox 1440 1832 1538 1880; x_wconf 89' lang='lat' dir='ltr'><strong>quod</strong></span> <span class='ocrx_word' id='word_1_275' title='bbox 1573 1830 1817 1879; x_wconf 85' lang='lat' dir='ltr'><strong>Wesselingio</strong></span> 
     </span>
     <span class='ocr_line' id='line_1_67' title="bbox 1164 1887 1818 1937; baseline 0.002 -15"><span class='ocrx_word' id='word_1_276' title='bbox 1164 1888 1356 1936; x_wconf 85' lang='lat' dir='ltr'><strong>probatum</strong></span> <span class='ocrx_word' id='word_1_277' title='bbox 1412 1888 1448 1923; x_wconf 90' lang='lat' dir='ltr'><strong>in</strong></span> <span class='ocrx_word' id='word_1_278' title='bbox 1496 1892 1633 1925; x_wconf 84' lang='lat' dir='ltr'><strong>textum</strong></span> <span class='ocrx_word' id='word_1_279' title='bbox 1681 1887 1818 1937; x_wconf 88' lang='lat' dir='ltr'><strong>recepit</strong></span> 
     </span>
     <span class='ocr_line' id='line_1_68' title="bbox 1166 1940 1816 1990; baseline 0.005 -11"><span class='ocrx_word' id='word_1_280' title='bbox 1166 1942 1350 1980; x_wconf 87' lang='lat' dir='ltr'><strong>Schaefer.</strong></span> <span class='ocrx_word' id='word_1_281' title='bbox 1389 1943 1448 1980; x_wconf 88' lang='lat' dir='ltr'><strong>Cf.</strong></span> <span class='ocrx_word' id='word_1_282' title='bbox 1466 1943 1530 1990; x_wconf 89' lang='grc' dir='ltr'>ΙΙΙ,</span> <span class='ocrx_word' id='word_1_283' title='bbox 1555 1945 1619 1984; x_wconf 81' lang='grc'><strong>89.</strong></span> <span class='ocrx_word' id='word_1_284' title='bbox 1639 1944 1703 1984; x_wconf 86' lang='lat'><strong>90·</strong></span> <span class='ocrx_word' id='word_1_285' title='bbox 1725 1940 1816 1983; x_wconf 80' lang='lat'><strong>134·</strong></span> 
     </span>
     <span class='ocr_line' id='line_1_69' title="bbox 1165 1998 1817 2046; baseline 0 -11"><span class='ocrx_word' id='word_1_286' title='bbox 1165 1998 1255 2046; x_wconf 87' lang='lat' dir='ltr'><strong>Vll,</strong></span> <span class='ocrx_word' id='word_1_287' title='bbox 1284 2001 1348 2040; x_wconf 88' lang='lat'><strong>36.</strong></span> <span class='ocrx_word' id='word_1_288' title='bbox 1382 1999 1448 2045; x_wconf 86' lang='lat' dir='ltr'><strong>lv,</strong></span> <span class='ocrx_word' id='word_1_289' title='bbox 1478 2002 1544 2042; x_wconf 88' lang='lat'><strong>87.</strong></span> <span class='ocrx_word' id='word_1_290' title='bbox 1573 2000 1677 2037; x_wconf 85' lang='lat' dir='ltr'><strong>Ctes.</strong></span> <span class='ocrx_word' id='word_1_291' title='bbox 1697 1999 1817 2036; x_wconf 88' lang='lat' dir='ltr'><strong>Perss.</strong></span> 
     </span>
     <span class='ocr_line' id='line_1_70' title="bbox 1166 2055 1818 2106; baseline 0 -15"><span class='ocrx_word' id='word_1_292' title='bbox 1166 2055 1349 2106; x_wconf 83' lang='lat' dir='ltr'><strong>Excerptt.</strong></span> <span class='ocrx_word' id='word_1_293' title='bbox 1374 2058 1438 2103; x_wconf 84' lang='lat'><strong>17,</strong></span> <span class='ocrx_word' id='word_1_294' title='bbox 1471 2056 1532 2093; x_wconf 90' lang='lat' dir='ltr'><strong>ubi</strong></span> <span class='ocrx_word' id='word_1_295' title='bbox 1549 2055 1619 2092; x_wconf 85' lang='lat' dir='ltr'><strong>alia</strong></span> <span class='ocrx_word' id='word_1_296' title='bbox 1637 2055 1818 2105; x_wconf 88' lang='lat' dir='ltr'><strong>quaedam</strong></span> 
     </span>
     <span class='ocr_line' id='line_1_71' title="bbox 1166 2110 1817 2162; baseline -0.002 -14"><span class='ocrx_word' id='word_1_297' title='bbox 1166 2112 1268 2148; x_wconf 82' lang='lat' dir='ltr'><strong>attuli</strong></span> <span class='ocrx_word' id='word_1_298' title='bbox 1313 2125 1398 2162; x_wconf 81' lang='lat' dir='ltr'><strong>pag.</strong></span> <span class='ocrx_word' id='word_1_299' title='bbox 1453 2110 1531 2152; x_wconf 79' lang='lat'><strong>144</strong></span> <span class='ocrx_word' id='word_1_300' title='bbox 1580 2125 1657 2161; x_wconf 88' lang='lat' dir='ltr'><strong>seq.</strong></span> <span class='ocrx_word' id='word_1_301' title='bbox 1717 2110 1817 2160; x_wconf 90' lang='lat' dir='ltr'><strong>[add.</strong></span> 
     </span>
    </p>
   </div>
   <div class='ocr_carea' id='block_1_15' title="bbox 1167 2167 1886 2279">
    <p class='ocr_par' dir='ltr' id='par_1_18' title="bbox 1167 2167 1886 2279">
     <span class='ocr_line' id='line_1_72' title="bbox 1167 2167 1886 2214; baseline 0.001 -10"><span class='ocrx_word' id='word_1_302' title='bbox 1167 2167 1371 2205; x_wconf 85' lang='lat' dir='ltr'><strong>Tzschuck.</strong></span> <span class='ocrx_word' id='word_1_303' title='bbox 1405 2169 1452 2205; x_wconf 94' lang='lat' dir='ltr'><strong>ad</strong></span> <span class='ocrx_word' id='word_1_304' title='bbox 1474 2167 1563 2206; x_wconf 88' lang='lat' dir='ltr'><strong>Mel.</strong></span> <span class='ocrx_word' id='word_1_305' title='bbox 1594 2169 1647 2214; x_wconf 89' lang='lat' dir='ltr'><strong>ll,</strong></span> <span class='ocrx_word' id='word_1_306' title='bbox 1677 2171 1703 2209; x_wconf 79' lang='lat'>2</span> <span class='ocrx_word' id='word_1_307' title='bbox 1726 2170 1818 2204; x_wconf 86' lang='lat' dir='ltr'><strong>nott.</strong></span> <span class='ocrx_word' id='word_1_308' title='bbox 1884 2198 1886 2205; x_wconf 69' lang='grc'>,</span> 
     </span>
     <span class='ocr_line' id='line_1_73' title="bbox 1168 2220 1886 2279; baseline 0.001 -18"><span class='ocrx_word' id='word_1_309' title='bbox 1168 2237 1296 2273; x_wconf 88' lang='lat' dir='ltr'><strong>exegg.</strong></span> <span class='ocrx_word' id='word_1_310' title='bbox 1318 2224 1396 2261; x_wconf 85' lang='lat' dir='ltr'><strong>Vol.</strong></span> <span class='ocrx_word' id='word_1_311' title='bbox 1420 2224 1467 2261; x_wconf 86' lang='lat'><strong>111</strong></span> <span class='ocrx_word' id='word_1_312' title='bbox 1487 2225 1528 2262; x_wconf 91' lang='grc' dir='ltr'><strong>Ρ.</strong></span> <span class='ocrx_word' id='word_1_313' title='bbox 1550 2224 1582 2261; x_wconf 94' lang='grc' dir='ltr'><strong>ΙΙ</strong></span> <span class='ocrx_word' id='word_1_314' title='bbox 1600 2236 1685 2274; x_wconf 83' lang='lat' dir='ltr'><strong>pag.</strong></span> <span class='ocrx_word' id='word_1_315' title='bbox 1708 2220 1817 2272; x_wconf 89' lang='lat'>116]‚</span> <span class='ocrx_word' id='word_1_316' title='bbox 1883 2245 1886 2279; x_wconf 45' lang='grc' dir='ltr'><strong><em>ς</em></strong></span> 
     </span>
    </p>
   </div>
   <div class='ocr_carea' id='block_1_16' title="bbox 1167 2280 1818 2330">
    <p class='ocr_par' dir='ltr' id='par_1_19' title="bbox 1167 2280 1818 2330">
     <span class='ocr_line' id='line_1_74' title="bbox 1167 2280 1818 2330; baseline -0.002 -14"><span class='ocrx_word' id='word_1_317' title='bbox 1167 2281 1203 2316; x_wconf 92' lang='lat' dir='ltr'><strong>in</strong></span> <span class='ocrx_word' id='word_1_318' title='bbox 1230 2281 1358 2330; x_wconf 87' lang='lat' dir='ltr'><strong>quibus</strong></span> <span class='ocrx_word' id='word_1_319' title='bbox 1386 2287 1422 2317; x_wconf 89' lang='lat' dir='ltr'><strong>et</strong></span> <span class='ocrx_word' id='word_1_320' title='bbox 1451 2281 1538 2330; x_wconf 89' lang='lat' dir='ltr'><strong>ipsis</strong></span> <span class='ocrx_word' id='word_1_321' title='bbox 1566 2280 1720 2317; x_wconf 84' lang='lat' dir='ltr'><strong>activum</strong></span> <span class='ocrx_word' id='word_1_322' title='bbox 1738 2291 1818 2316; x_wconf 85' lang='lat' dir='ltr'><strong>ver-</strong></span> 
     </span>
    </p>
   </div>
   <div class='ocr_carea' id='block_1_17' title="bbox 1168 2334 1885 2439">
    <p class='ocr_par' dir='ltr' id='par_1_20' title="bbox 1168 2334 1885 2439">
     <span class='ocr_line' id='line_1_75' title="bbox 1168 2334 1885 2386; baseline -0.001 -14"><span class='ocrx_word' id='word_1_323' title='bbox 1168 2337 1252 2373; x_wconf 89' lang='lat' dir='ltr'><strong>bum</strong></span> <span class='ocrx_word' id='word_1_324' title='bbox 1273 2337 1459 2386; x_wconf 85' lang='lat' dir='ltr'><strong>reperitur.</strong></span> <span class='ocrx_word' id='word_1_325' title='bbox 1498 2335 1582 2372; x_wconf 89' lang='lat' dir='ltr'><strong>Non</strong></span> <span class='ocrx_word' id='word_1_326' title='bbox 1599 2335 1702 2373; x_wconf 84' lang='lat' dir='ltr'><strong>aliter</strong></span> <span class='ocrx_word' id='word_1_327' title='bbox 1717 2334 1819 2372; x_wconf 77' lang='lat' dir='ltr'><strong>Lati-</strong></span> <span class='ocrx_word' id='word_1_328' title='bbox 1882 2367 1885 2382; x_wconf 81' lang='lat'>‚</span> 
     </span>
     <span class='ocr_line' id='line_1_76' title="bbox 1675 2393 1884 2439; baseline -0.01 -11"><span class='ocrx_word' id='word_1_329' title='bbox 1675 2393 1819 2439; x_wconf 81' lang='lat' dir='ltr'><strong>iungere</strong></span> <span class='ocrx_word' id='word_1_330' title='bbox 1881 2399 1884 2438; x_wconf 67' lang='grc' dir='ltr'><em>ζ</em></span> 
     </span>
    </p>
   </div>
   <div class='ocr_carea' id='block_1_18' title="bbox 1165 2392 1819 2935">
    <p class='ocr_par' dir='ltr' id='par_1_21' title="bbox 1165 2392 1819 2935">
     <span class='ocr_line' id='line_1_77' title="bbox 1167 2392 1618 2440; baseline 0 -12"><span class='ocrx_word' id='word_1_331' title='bbox 1167 2393 1204 2428; x_wconf 88' lang='lat' dir='ltr'><strong>ni</strong></span> <span class='ocrx_word' id='word_1_332' title='bbox 1251 2394 1309 2440; x_wconf 85' lang='lat' dir='ltr'><strong>(ut</strong></span> <span class='ocrx_word' id='word_1_333' title='bbox 1348 2392 1416 2429; x_wconf 90' lang='lat' dir='ltr'><strong>illic</strong></span> <span class='ocrx_word' id='word_1_334' title='bbox 1457 2393 1618 2439; x_wconf 87' lang='lat' dir='ltr'><strong>monui):</strong></span> 
     </span>
     <span class='ocr_line' id='line_1_78' title="bbox 1167 2443 1819 2498; baseline -0.002 -14"><span class='ocrx_word' id='word_1_335' title='bbox 1167 2447 1356 2498; x_wconf 79' lang='lat' dir='ltr'><strong>Bosporon.</strong></span> <span class='ocrx_word' id='word_1_336' title='bbox 1418 2443 1655 2498; x_wconf 74' lang='grc' dir='ltr'><em>ζεύγνυσθαι</em></span> <span class='ocrx_word' id='word_1_337' title='bbox 1699 2453 1819 2485; x_wconf 76' lang='lat' dir='ltr'><strong>exstat</strong></span> 
     </span>
     <span class='ocr_line' id='line_1_79' title="bbox 1168 2504 1816 2554; baseline -0.002 -13"><span class='ocrx_word' id='word_1_338' title='bbox 1168 2504 1239 2550; x_wconf 88' lang='lat' dir='ltr'><strong>lV,</strong></span> <span class='ocrx_word' id='word_1_339' title='bbox 1262 2506 1314 2545; x_wconf 86' lang='lat'><strong>85</strong></span> <span class='ocrx_word' id='word_1_340' title='bbox 1333 2505 1441 2552; x_wconf 83' lang='lat' dir='ltr'><strong>idque</strong></span> <span class='ocrx_word' id='word_1_341' title='bbox 1461 2517 1569 2540; x_wconf 81' lang='lat' dir='ltr'><strong>sensu</strong></span> <span class='ocrx_word' id='word_1_342' title='bbox 1588 2504 1744 2554; x_wconf 84' lang='lat' dir='ltr'><strong>passivo.</strong></span> <span class='ocrx_word' id='word_1_343' title='bbox 1763 2524 1816 2531; x_wconf 91' lang='lat'>—</span> 
     </span>
     <span class='ocr_line' id='line_1_80' title="bbox 1168 2559 1818 2610; baseline -0.002 -14"><span class='ocrx_word' id='word_1_344' title='bbox 1168 2561 1240 2603; x_wconf 89' lang='lat' dir='ltr'><strong>Qui</strong></span> <span class='ocrx_word' id='word_1_345' title='bbox 1269 2560 1337 2597; x_wconf 92' lang='lat' dir='ltr'><strong>hoc</strong></span> <span class='ocrx_word' id='word_1_346' title='bbox 1365 2560 1443 2597; x_wconf 89' lang='lat' dir='ltr'><strong>loco</strong></span> <span class='ocrx_word' id='word_1_347' title='bbox 1464 2559 1641 2610; x_wconf 74' lang='lat' dir='ltr'><strong>Bosporus</strong></span> <span class='ocrx_word' id='word_1_348' title='bbox 1669 2565 1818 2597; x_wconf 88' lang='lat' dir='ltr'><strong>vocatur</strong></span> 
     </span>
     <span class='ocr_line' id='line_1_81' title="bbox 1171 2615 1818 2668; baseline 0 -16"><span class='ocrx_word' id='word_1_349' title='bbox 1171 2615 1363 2662; x_wconf 68' lang='lat' dir='ltr'><strong>Thracius,</strong></span> <span class='ocrx_word' id='word_1_350' title='bbox 1394 2617 1423 2652; x_wconf 92' lang='lat' dir='ltr'><strong>is</strong></span> <span class='ocrx_word' id='word_1_351' title='bbox 1443 2617 1648 2668; x_wconf 81' lang='lat' dir='ltr'><strong>simpliciter</strong></span> <span class='ocrx_word' id='word_1_352' title='bbox 1672 2629 1818 2666; x_wconf 88' lang='lat' dir='ltr'><strong>quoque</strong></span> 
     </span>
     <span class='ocr_line' id='line_1_82' title="bbox 1165 2671 1816 2722; baseline -0.002 -13"><span class='ocrx_word' id='word_1_353' title='bbox 1165 2672 1366 2722; x_wconf 85' lang='lat' dir='ltr'><strong>appellatur</strong></span> <span class='ocrx_word' id='word_1_354' title='bbox 1380 2671 1557 2722; x_wconf 76' lang='lat' dir='ltr'><strong>Bosporus</strong></span> <span class='ocrx_word' id='word_1_355' title='bbox 1574 2673 1654 2720; x_wconf 88' lang='lat' dir='ltr'>(IV,</span> <span class='ocrx_word' id='word_1_356' title='bbox 1668 2673 1742 2720; x_wconf 90' lang='lat'><strong>85)</strong></span> <span class='ocrx_word' id='word_1_357' title='bbox 1762 2671 1816 2709; x_wconf 88' lang='lat' dir='ltr'><strong>vel</strong></span> 
     </span>
     <span class='ocr_line' id='line_1_83' title="bbox 1169 2728 1818 2780; baseline -0.002 -15"><span class='ocrx_word' id='word_1_358' title='bbox 1169 2728 1422 2765; x_wconf 71' lang='lat' dir='ltr'><strong>Chalcedonioe</strong></span> <span class='ocrx_word' id='word_1_359' title='bbox 1442 2729 1628 2780; x_wconf 77' lang='lat' dir='ltr'><strong>Bosporus.</strong></span> <span class='ocrx_word' id='word_1_360' title='bbox 1665 2728 1745 2766; x_wconf 88' lang='lat' dir='ltr'><strong>Nec</strong></span> <span class='ocrx_word' id='word_1_361' title='bbox 1760 2732 1818 2765; x_wconf 83' lang='lat' dir='ltr'><strong>ta-</strong></span> 
     </span>
     <span class='ocr_line' id='line_1_84' title="bbox 1169 2785 1814 2834; baseline -0.003 -13"><span class='ocrx_word' id='word_1_362' title='bbox 1169 2798 1268 2831; x_wconf 84' lang='lat' dir='ltr'><strong>men,</strong></span> <span class='ocrx_word' id='word_1_363' title='bbox 1310 2786 1409 2834; x_wconf 86' lang='lat' dir='ltr'><strong>quod</strong></span> <span class='ocrx_word' id='word_1_364' title='bbox 1440 2786 1600 2833; x_wconf 73' lang='lat' dir='ltr'><strong>mireris,</strong></span> <span class='ocrx_word' id='word_1_365' title='bbox 1639 2785 1711 2823; x_wconf 92' lang='lat' dir='ltr'><strong>ulla</strong></span> <span class='ocrx_word' id='word_1_366' title='bbox 1740 2785 1814 2822; x_wconf 90' lang='lat' dir='ltr'><strong>eius</strong></span> 
     </span>
     <span class='ocr_line' id='line_1_85' title="bbox 1166 2840 1815 2890; baseline -0.002 -13"><span class='ocrx_word' id='word_1_367' title='bbox 1166 2841 1263 2890; x_wconf 88' lang='lat' dir='ltr'><strong>apud</strong></span> <span class='ocrx_word' id='word_1_368' title='bbox 1284 2841 1536 2889; x_wconf 72' lang='lat' dir='ltr'><strong>Thucydidem</strong></span> <span class='ocrx_word' id='word_1_369' title='bbox 1563 2842 1712 2883; x_wconf 82' lang='lat' dir='ltr'><strong>mentio.</strong></span> <span class='ocrx_word' id='word_1_370' title='bbox 1757 2840 1815 2877; x_wconf 87' lang='lat' dir='ltr'><strong>Cf.</strong></span> 
     </span>
     <span class='ocr_line' id='line_1_86' title="bbox 1167 2896 1817 2935; baseline -0.003 -2"><span class='ocrx_word' id='word_1_371' title='bbox 1167 2898 1348 2935; x_wconf 81' lang='lat' dir='ltr'><strong>Gatterer.</strong></span> <span class='ocrx_word' id='word_1_372' title='bbox 1369 2898 1548 2935; x_wconf 86' lang='lat' dir='ltr'><strong>Thracien</strong></span> <span class='ocrx_word' id='word_1_373' title='bbox 1569 2897 1660 2935; x_wconf 90' lang='lat' dir='ltr'><strong>nach</strong></span> <span class='ocrx_word' id='word_1_374' title='bbox 1678 2896 1817 2934; x_wconf 89' lang='lat' dir='ltr'><strong>Herod.</strong></span> 
     </span>
    </p>
   </div>
  </div>
 </body>
</html>
