1904 3304
113 435 213 459 entum
234 407 278 458 SSc
265 432 366 472 cythy-

111 473 157 492 um
194 466 308 493 sollerti
311 466 367 493 ssi-

124 507 182 534 u‚m
200 503 258 527 uts
245 500 291 527 sin
273 501 366 527 ntin-

105 533 173 561 icti.

425 226 510 267 374

92 339 175 358 cam:
172 339 292 425 ωὲιὲῠῡ
306 331 369 400 2¹¹¹·
400 337 587 387 Ξθικοῦ,
635 333 766 377 ἔθνεα
807 331 1098 388 ἀμαθέστατα

106 373 232 425 wcarah

830 224 1297 264 HERODOTI

1170 331 1270 377 οὔτε
1313 333 1400 389 γάρ
1441 334 1571 385 ἔθνος
1611 336 1757 378 τῶν75

322 386 369 426 ¹¹¹3
426 405 547 457 ἐντὸς
575 407 658 448 τοῦ
683 401 862 447 Πόντου
893 393 1027 448 οὐδὲν
1048 404 1200 460 ἔχομεν
1223 405 1523 461 προβαλέσθαι
1541 406 1701 462 σοφίης

423 477 547 530 πέρι,
583 475 686 519 οὔτε
720 473 860 530 ἄνδρα
889 472 1039 530 λόγιον
1069 477 1249 530 οἴδαμεν
1277 475 1534 532 γενόμενον,
1562 477 1699 531 πάρεξ

399 551 514 593 3τοῦ
552 549 786 590 Σκυθικοῦ
837 545 1013 596 ἔθνεος,
1063 546 1137 589 καὶ
1170 545 1465 602 Ἀναχάρσιος.

426 621 640 675 Σκυθικῷ
667 616 784 672 γένεϊ
807 617 857 659 ἓν
876 614 956 671 μὲν
984 615 1034 660 τὸ
1065 617 1270 673 μέγιστον
1288 620 1377 660 τῶν
1401 614 1701 674 ἄνθρωπηΐων

1539 551 1609 605 Τῷ
1652 547 1700 591 δὲ

426 688 695 746 πρηγμάτων
725 686 961 744 σοφώτατα
990 686 1170 731 πάντων
1191 687 1434 745 ἐξεύρηται,
1465 693 1554 733 τῶν
1578 687 1702 746 ἡμεῖς

397 761 574 816 4ἵδμευ·
611 759 664 804 τοὶ
694 760 844 816 μέντοι
875 757 984 803 ἄλλα
1014 757 1097 803 οὐκ
1128 759 1306 817 ἄγαμαι.
1355 760 1406 804 τὸ
1428 760 1473 804 δὲ
1499 759 1702 817 μέγιστον
1715 767 1754 802 81

431 831 549 875 οὕτω
591 842 672 888 σφι
710 829 969 887 ἀνεύρηται,
1013 830 1122 874 ὥστε
1155 830 1429 889 ἆποφυγέειν
1465 848 1510 876 τε
1540 832 1704 888 μηδένα

429 901 672 947 ἐπελθόντα
709 903 778 946 ἐπὶ
808 902 891 959 σφέ
873 917 968 953 σας,
1014 900 1073 958 μὴ
1111 904 1417 961 βουλομένους
1457 919 1502 947 τε
1542 902 1703 956 ἐξευρε-

401 979 593 1031 ὀθῆναι,
641 977 905 1030 καταλαβεῖν
948 972 1008 1029 μή
1051 971 1149 1018 οἷόν
1189 992 1233 1021 τε
1274 974 1398 1020 εἶναι.

426 1044 532 1101 μήτε
589 1043 721 1089 ἄστεα
777 1044 882 1102 μήτε
946 1046 1086 1102 τείχεα
1151 1041 1183 1104 ᾗ
1241 1047 1469 1103 ἐκτισμένα
1492 1079 1504 1098 ,

372 1224 579 1259 accuratam
623 1233 743 1261 rerum
783 1221 1034 1272 Scythicarum

373 1278 649 1328 expositionem.
689 1278 771 1317 Nec
801 1284 925 1317 tamen
953 1292 1035 1317 cum

372 1335 571 1372 Mannerto
604 1335 674 1383 (lv
699 1349 736 1386 p.
757 1335 811 1377 65
831 1333 927 1387 seq.)
957 1335 1037 1374 He-

372 1392 543 1428 rodotum
574 1396 802 1430 mercaturae
830 1405 943 1430 causa
971 1391 1037 1430 has

374 1447 485 1485 Ponti
508 1460 591 1485 oras
609 1448 736 1487 visisse
755 1452 893 1500 putem.
926 1449 1037 1486 Conf.

375 1504 485 1542 etiam
511 1504 584 1553 IV,
618 1507 672 1546 86
701 1505 764 1542 fin.
790 1506 914 1555 ibique
942 1509 1036 1543 nott.

375 1560 433 1598 Ad
465 1558 674 1612 παρέχεται
699 1562 744 1599 cf.
777 1561 851 1609 IV,
891 1560 947 1602 44
976 1562 1038 1598 fin.

375 1617 481 1661 Quae
531 1621 732 1667 sequuntur
764 1618 877 1656 verba
918 1616 1040 1656 ἔθνεα

375 1668 634 1724 α’μαθέστατα
655 1688 689 1712 κ.
708 1688 739 1712 τ.
762 1676 794 1712 λ.
821 1674 942 1723 attigit
963 1674 1040 1712 Eu-

378 1729 489 1767 stath.
510 1730 558 1766 ad
580 1729 734 1780 Dionys.
754 1744 807 1768 vs.
829 1733 924 1773 669.

422 1788 512 1834 Ἰἰτοόν
540 1783 651 1833 ἐντός
685 1789 757 1826 τοῦ
786 1784 971 1838 Πόντου]
1015 1788 1037 1824 i.

377 1855 407 1879 e.
434 1855 552 1879 earum
571 1845 745 1892 gentium,
769 1857 858 1894 quae
879 1846 928 1881 cis
946 1843 1041 1880 Pon-

377 1902 451 1935 tum
468 1899 645 1937 lmbztant.
676 1900 735 1937 Cf.
754 1901 848 1947 vul,
865 1899 920 1940 47
935 1900 1040 1938 Thu-

376 1956 520 2004 cyd.11,
539 1958 613 1998 96·
643 1972 710 1995 και
731 1953 804 1996 όσα
825 1954 925 1996 ἄλλα
943 1956 1040 2009 μέρη

376 2008 484 2058 ε’ντός
519 2015 592 2051 τοῦ
612 2009 766 2064 Ἴστρου
793 2029 972 2065 ποταμου
1006 2029 1040 2052 κ.

374 2083 407 2105 τ.
438 2070 471 2106 λ.
511 2069 614 2107 Haec
640 2083 726 2108 vero
749 2071 828 2121 ipsa
850 2071 896 2109 ab
919 2071 1042 2108 Hero-

376 2125 492 2162 doto
483 2138 519 2162 ln
543 2125 671 2174 ltalia,
702 2127 875 2175 Thuriis,
908 2128 1043 2178 scripta

377 2194 458 2219 esse
479 2182 555 2219 vult
575 2182 767 2231 Larcher.‚
796 2197 877 2222 cum
897 2185 934 2221 in
957 2184 1043 2221 Asia

375 2239 506 2275 minori
524 2239 670 2278 Samive
697 2240 735 2277 in
758 2241 878 2279 insula
902 2241 931 2278 si
953 2240 1043 2278 haec

375 2295 593 2344 scripsisset,
625 2296 747 2335 dicere
767 2310 842 2335 non
862 2297 1044 2348 potuisset

375 2352 444 2387 cis
475 2350 640 2391 Pontum.
666 2374 720 2380 —
761 2352 1038 2406 προβαλέσθαι

375 2406 432 2444 hic
471 2412 548 2444 est:
600 2410 638 2444 in
679 2410 831 2447 medium
867 2409 1038 2462 proferre,

1467 980 1582 1018 τοῖσι
1617 972 1702 1029 γὰρ

1591 1043 1700 1088 ἀλλὰ
1714 1050 1758 1086 85

1150 1220 1277 1276 πάρεξ
1291 1227 1362 1264 τοῦ
1375 1225 1589 1263 Σκυθικοῦ
1603 1221 1761 1269 ἔθνεος,

1093 1279 1161 1320 καὶ
1208 1276 1496 1332 Ἀναχάρσιος]
1554 1279 1608 1317 Ut
1653 1290 1763 1330 supra

1095 1338 1169 1375 duo
1227 1342 1401 1389 posuerat
1453 1338 1624 1383 diversa,
1691 1348 1759 1373 nec

1094 1399 1244 1444 gentem
1277 1407 1344 1432 nec
1373 1395 1488 1431 virum
1515 1393 1695 1431 eruditum
1723 1404 1764 1430 se

1094 1452 1258 1502 proferre
1275 1463 1387 1502 posse
1408 1463 1590 1496 asserens,
1621 1451 1673 1487 ita
1690 1449 1764 1486 duo

1095 1509 1168 1545 iam
1201 1508 1345 1545 subiicit
1380 1508 1523 1545 diversa
1551 1506 1636 1543 hinc
1667 1505 1763 1544 exci-

1095 1565 1246 1614 pienda,
1265 1564 1483 1613 Scytharum
1504 1562 1579 1602 scil.
1598 1566 1763 1611 gentem,

1098 1625 1136 1658 et
1158 1620 1456 1657 Anacharsidem.
1497 1618 1556 1657 De
1584 1631 1658 1669 quo
1679 1619 1762 1670 ipso

1097 1677 1144 1714 cf.
1170 1677 1248 1723 lv,
1278 1678 1348 1717 76.
1378 1679 1445 1718 77.

1153 1729 1201 1771 τά
1224 1730 1359 1783 μέντοι
1383 1729 1482 1771 ἄλλα
1503 1726 1576 1771 οὔκ
1596 1728 1762 1783 ἔῖγαμαι]

1097 1789 1119 1827 i.
1168 1803 1199 1828 e.
1258 1789 1400 1839 reliqua
1458 1792 1549 1826 certe
1593 1790 1765 1826 instituta

1098 1847 1169 1883 sive
1198 1847 1343 1883 inventa
1363 1844 1581 1896 Scytharum
1604 1844 1763 1895 equidem

1097 1916 1168 1939 non
1200 1903 1306 1940 valde
1339 1903 1457 1953 probo.
1517 1902 1577 1939 Ad
1612 1902 1761 1940 verbum

1099 1956 1251 2011 ἄγαμαι
1297 1960 1391 1997 conf.
1427 1958 1500 2006 Vl,
1545 1958 1611 2000 75.
1664 1957 1763 2005 vm,

1102 2015 1204 2062 1443
1236 2019 1273 2054 et
1296 2017 1344 2054 de
1366 2020 1545 2053 structura
1564 2015 1761 2053 Ruhnken.

1100 2072 1148 2110 ad
1178 2072 1275 2110 Tim.
1306 2086 1342 2123 p.
1380 2074 1419 2112 8.
1456 2072 1676 2110 Boissonad.
1714 2071 1763 2109 ad

1099 2129 1308 2166 Philostrat.
1330 2129 1496 2167 HeroicC.
1517 2142 1602 2180 pag.
1624 2129 1718 2168 380.

1158 2180 1257 2224 ὥστε
1287 2181 1531 2238 ἄποφυγέειν
1551 2199 1592 2223 τε
1611 2182 1763 2236 μηδένα

1099 2257 1135 2280 κ.
1155 2257 1188 2280 τ.
1209 2241 1268 2293 λ.]
1298 2243 1390 2280 Bina
1421 2247 1525 2288 sunt,
1555 2254 1652 2291 quae
1674 2241 1763 2277 insi-

1100 2299 1189 2348 gnia
1254 2303 1535 2345 commemorat,
1605 2293 1760 2348 primum

1095 2355 1180 2391 illud
1194 2383 1207 2401 ,
1236 2358 1275 2391 ut
1294 2367 1390 2391 nemo
1403 2384 1413 2402 ‚
1444 2356 1506 2404 qui
1524 2353 1611 2390 bello
1629 2353 1760 2404 (ipsos)

1095 2423 1288 2460 aggressus
1301 2411 1431 2461 faerit,
1454 2412 1583 2461 (ipsos)
1605 2410 1763 2459 effugere

374 2475 645 2501 commemorare.
703 2467 853 2516 σοφίην
881 2467 1039 2517 pruden-
1092 2470 1226 2519 possin·
1257 2467 1407 2505 alterum
1429 2468 1517 2514 hoc,
1545 2471 1585 2503 ut
1608 2468 1700 2517 ipsi,
1729 2469 1763 2504 si

377 2523 443 2556 {em
455 2519 645 2558 sollertiam
660 2521 920 2572 interpretatur
931 2524 1039 2561 wes-

378 2575 551 2625 selingius
564 2604 576 2623 ,
605 2580 816 2630 sapientiam
836 2580 1041 2629 Schweigh.

377 2633 491 2670 Paulo
543 2633 648 2672 aliter
705 2635 776 2683 111,
821 2639 923 2684 127,
979 2637 1041 2674 ubi

378 2690 474 2727 conf.
498 2694 591 2727 nott.

436 2742 563 2796 ἄνδρα
603 2741 762 2797 λόγιον]
805 2748 825 2784 i.
856 2760 887 2784 e.
927 2750 1041 2785 virum

369 2803 545 2852 peritum,
573 2804 751 2841 eruditum
771 2808 877 2854 atque
894 2805 1037 2842 cultum.

374 2859 432 2896 Cf.
451 2859 487 2907 l,
521 2863 539 2901 1
563 2860 686 2910 ibique
703 2865 798 2898 nott.
821 2861 876 2909 11,
905 2864 970 2902 77.

1097 2524 1223 2570 nolint,
1254 2537 1276 2560 a
1296 2526 1430 2560 nemine
1454 2523 1668 2574 deprehendi
1678 2536 1761 2574 pos-

1099 2582 1182 2617 sint.
1241 2579 1478 2632 ἐπέρχεσθαι
1515 2581 1646 2618 eodem
1683 2581 1760 2618 fere

1098 2649 1206 2674 sensu
1242 2636 1309 2683 VI,
1344 2639 1435 2677 108.
1474 2637 1533 2675 De
1563 2638 1675 2675 verbo
1693 2651 1760 2676 κα-

1097 2693 1283 2744 ταλαβεῖν
1304 2694 1462 2740 vid.111‚
1494 2693 1559 2736 42.
1591 2693 1662 2738 lv,
1691 2696 1728 2735 8.

1154 2753 1255 2788 τοῖσι
1285 2747 1359 2801 γάρ
1393 2747 1490 2801 μήτε
1524 2748 1643 2789 ἄστεα
1671 2765 1706 2788 κ.
1727 2765 1759 2787 τ.

1096 2807 1144 2856 λ]
1171 2806 1283 2850 Quod
1304 2807 1503 2853 Schaeser.,
1536 2819 1644 2857 quem
1664 2807 1758 2844 cons.

1097 2864 1144 2900 ad
1184 2864 1341 2912 Gregor.
1376 2863 1541 2902 Corinth.
1574 2876 1659 2915 pag.
1689 2864 1756 2909 80,

1763 623 1848 664 302
