<?xml version="1.0" encoding="UTF-8"?>
<!DOCTYPE html PUBLIC "-//W3C//DTD XHTML 1.0 Transitional//EN"
    "http://www.w3.org/TR/xhtml1/DTD/xhtml1-transitional.dtd">
<html xmlns="http://www.w3.org/1999/xhtml" xml:lang="en" lang="en">
 <head>
  <title>
</title>
<meta http-equiv="Content-Type" content="text/html;charset=utf-8" />
  <meta name='ocr-system' content='tesseract 3.04.00' />
  <meta name='ocr-capabilities' content='ocr_page ocr_carea ocr_par ocr_line ocrx_word'/>
</head>
<body>
  <div class='ocr_page' id='page_1' title='image "./musaeherodoto02hero/musaeherodoto02hero_0589.png"; bbox 0 0 1904 3304; ppageno 0'>
   <div class='ocr_carea' id='block_1_1' title="bbox 471 258 1152 297">
    <p class='ocr_par' dir='ltr' id='par_1_1' title="bbox 471 258 1152 297">
     <span class='ocr_line' id='line_1_1' title="bbox 471 258 1152 297; baseline -0.004 0"><span class='ocrx_word' id='word_1_1' title='bbox 471 258 1152 297; x_wconf 84' lang='lat' dir='ltr'><strong>MELPOMENE.1V.</strong></span> 
     </span>
    </p>
   </div>
   <div class='ocr_carea' id='block_1_2' title="bbox 1370 260 1451 299">
    <p class='ocr_par' dir='ltr' id='par_1_2' title="bbox 1370 260 1451 299">
     <span class='ocr_line' id='line_1_2' title="bbox 1370 260 1451 299; baseline 0.012 -1"><span class='ocrx_word' id='word_1_2' title='bbox 1370 260 1451 299; x_wconf 79' lang='lat'>581</span> 
     </span>
    </p>
   </div>
   <div class='ocr_carea' id='block_1_3' title="bbox 183 366 1453 427">
    <p class='ocr_par' dir='ltr' id='par_1_3' title="bbox 183 366 1453 427">
     <span class='ocr_line' id='line_1_3' title="bbox 183 366 1453 427; baseline -0.004 -13"><span class='ocrx_word' id='word_1_3' title='bbox 183 371 468 427; x_wconf 80' lang='grc' dir='ltr'><strong><em>παραπλησίῳ</em></strong></span> <span class='ocrx_word' id='word_1_4' title='bbox 515 373 576 426; x_wconf 79' lang='grc' dir='ltr'>τῷ</span> <span class='ocrx_word' id='word_1_5' title='bbox 612 367 686 412; x_wconf 83' lang='grc' dir='ltr'>καὶ</span> <span class='ocrx_word' id='word_1_6' title='bbox 727 367 1037 423; x_wconf 76' lang='grc' dir='ltr'><em>Μασσαγέται,</em></span> <span class='ocrx_word' id='word_1_7' title='bbox 1086 366 1217 411; x_wconf 81' lang='grc' dir='ltr'><em>ἐπεοέν</em></span> <span class='ocrx_word' id='word_1_8' title='bbox 1255 367 1453 409; x_wconf 85' lang='grc' dir='ltr'><em>σκίπωνα</em></span> 
     </span>
    </p>
   </div>
   <div class='ocr_carea' id='block_1_4' title="bbox 153 440 827 498">
    <p class='ocr_par' dir='ltr' id='par_1_4' title="bbox 153 440 827 498">
     <span class='ocr_line' id='line_1_4' title="bbox 153 440 827 498; baseline -0.001 -15"><span class='ocrx_word' id='word_1_9' title='bbox 153 440 540 498; x_wconf 78' lang='grc' dir='ltr'><em>4προστήσωνται,</em></span> <span class='ocrx_word' id='word_1_10' title='bbox 586 441 827 496; x_wconf 80' lang='grc' dir='ltr'><em>μίσγονται.</em></span> 
     </span>
    </p>
   </div>
   <div class='ocr_carea' id='block_1_5' title="bbox 893 437 1451 494">
    <p class='ocr_par' dir='ltr' id='par_1_5' title="bbox 893 437 1451 494">
     <span class='ocr_line' id='line_1_5' title="bbox 893 437 1451 494; baseline -0.004 -12"><span class='ocrx_word' id='word_1_11' title='bbox 893 443 1070 493; x_wconf 79' lang='grc' dir='ltr'><em>πρῶτον</em></span> <span class='ocrx_word' id='word_1_12' title='bbox 1118 439 1165 483; x_wconf 81' lang='grc' dir='ltr'>δὲ</span> <span class='ocrx_word' id='word_1_13' title='bbox 1211 437 1451 494; x_wconf 80' lang='grc' dir='ltr'><em>γαμέοντος</em></span> 
     </span>
    </p>
   </div>
   <div class='ocr_carea' id='block_1_6' title="bbox 181 507 1504 641">
    <p class='ocr_par' dir='ltr' id='par_1_6' title="bbox 181 507 1504 641">
     <span class='ocr_line' id='line_1_6' title="bbox 181 507 1504 568; baseline -0.005 -12"><span class='ocrx_word' id='word_1_14' title='bbox 181 516 461 568; x_wconf 72' lang='grc' dir='ltr'><em>Νασαμῶνος</em></span> <span class='ocrx_word' id='word_1_15' title='bbox 493 510 676 566; x_wconf 78' lang='grc' dir='ltr'><em>ἀνδρὸς,</em></span> <span class='ocrx_word' id='word_1_16' title='bbox 715 511 853 568; x_wconf 88' lang='grc' dir='ltr'><em>νόμος</em></span> <span class='ocrx_word' id='word_1_17' title='bbox 883 510 971 555; x_wconf 80' lang='grc' dir='ltr'><em>ἐστὶ</em></span> <span class='ocrx_word' id='word_1_18' title='bbox 1001 508 1082 565; x_wconf 79' lang='grc' dir='ltr'>τήν</span> <span class='ocrx_word' id='word_1_19' title='bbox 1110 507 1290 565; x_wconf 83' lang='grc' dir='ltr'><em>νύμφην</em></span> <span class='ocrx_word' id='word_1_20' title='bbox 1319 508 1444 552; x_wconf 87' lang='grc' dir='ltr'><em>νυκτὶ</em></span> <span class='ocrx_word' id='word_1_21' title='bbox 1460 511 1504 550; x_wconf 84' lang='grc'>45</span> 
     </span>
     <span class='ocr_line' id='line_1_7' title="bbox 181 578 1448 641; baseline -0.003 -15"><span class='ocrx_word' id='word_1_22' title='bbox 181 587 232 641; x_wconf 85' lang='grc' dir='ltr'>τῇ</span> <span class='ocrx_word' id='word_1_23' title='bbox 272 582 423 639; x_wconf 81' lang='grc' dir='ltr'><em>πρώτῃ</em></span> <span class='ocrx_word' id='word_1_24' title='bbox 464 582 536 626; x_wconf 74' lang='grc' dir='ltr'>διά</span> <span class='ocrx_word' id='word_1_25' title='bbox 572 582 749 627; x_wconf 80' lang='grc' dir='ltr'><em>πάντων</em></span> <span class='ocrx_word' id='word_1_26' title='bbox 787 585 1020 634; x_wconf 81' lang='grc' dir='ltr'><em>διεξελθεῖν</em></span> <span class='ocrx_word' id='word_1_27' title='bbox 1050 583 1138 623; x_wconf 74' lang='grc' dir='ltr'>τῶν</span> <span class='ocrx_word' id='word_1_28' title='bbox 1168 578 1448 636; x_wconf 86' lang='grc' dir='ltr'><em>δαιτυμόνων</em></span> 
     </span>
    </p>
   </div>
   <div class='ocr_carea' id='block_1_7' title="bbox 177 654 467 709">
    <p class='ocr_par' dir='ltr' id='par_1_7' title="bbox 177 654 467 709">
     <span class='ocr_line' id='line_1_8' title="bbox 177 654 467 709; baseline 0 -13"><span class='ocrx_word' id='word_1_29' title='bbox 177 654 444 709; x_wconf 78' lang='grc' dir='ltr'><em>μισγομένην</em></span> <span class='ocrx_word' id='word_1_30' title='bbox 456 667 467 678; x_wconf 88' lang='grc'><em>·</em></span> 
     </span>
    </p>
   </div>
   <div class='ocr_carea' id='block_1_8' title="bbox 148 724 1105 781">
    <p class='ocr_par' dir='ltr' id='par_1_8' title="bbox 148 724 1105 781">
     <span class='ocr_line' id='line_1_9' title="bbox 148 724 1105 781; baseline 0.001 -15"><span class='ocrx_word' id='word_1_31' title='bbox 148 727 325 779; x_wconf 75' lang='grc' dir='ltr'><em>5δε5ρον</em></span> <span class='ocrx_word' id='word_1_32' title='bbox 352 724 401 768; x_wconf 82' lang='grc' dir='ltr'>τὸ</span> <span class='ocrx_word' id='word_1_33' title='bbox 434 724 489 767; x_wconf 75' lang='grc' dir='ltr'><em>ἂν</em></span> <span class='ocrx_word' id='word_1_34' title='bbox 519 724 590 781; x_wconf 74' lang='grc' dir='ltr'>ἔχῃ</span> <span class='ocrx_word' id='word_1_35' title='bbox 621 724 864 780; x_wconf 85' lang='grc' dir='ltr'><em>φερόμενος</em></span> <span class='ocrx_word' id='word_1_36' title='bbox 894 724 937 776; x_wconf 79' lang='grc' dir='ltr'>ἐξ</span> <span class='ocrx_word' id='word_1_37' title='bbox 967 726 1105 767; x_wconf 82' lang='grc' dir='ltr'><em>οἴκου.</em></span> 
     </span>
    </p>
   </div>
   <div class='ocr_carea' id='block_1_9' title="bbox 525 652 1451 709">
    <p class='ocr_par' dir='ltr' id='par_1_9' title="bbox 525 652 1451 709">
     <span class='ocr_line' id='line_1_10' title="bbox 525 652 1451 709; baseline -0.001 -13"><span class='ocrx_word' id='word_1_38' title='bbox 525 657 614 696; x_wconf 82' lang='grc' dir='ltr'>τῶν</span> <span class='ocrx_word' id='word_1_39' title='bbox 653 655 700 698; x_wconf 77' lang='grc' dir='ltr'>δὲ</span> <span class='ocrx_word' id='word_1_40' title='bbox 739 654 798 706; x_wconf 81' lang='grc' dir='ltr'>ὠς</span> <span class='ocrx_word' id='word_1_41' title='bbox 836 652 1017 703; x_wconf 79' lang='grc' dir='ltr'><em>ἕκαστός</em></span> <span class='ocrx_word' id='word_1_42' title='bbox 1054 652 1098 695; x_wconf 84' lang='grc' dir='ltr'>οἱ</span> <span class='ocrx_word' id='word_1_43' title='bbox 1131 655 1292 709; x_wconf 82' lang='grc' dir='ltr'><em>μιχθῇ,</em></span> <span class='ocrx_word' id='word_1_44' title='bbox 1331 653 1451 695; x_wconf 87' lang='grc' dir='ltr'><em>διδοῖ</em></span> 
     </span>
    </p>
   </div>
   <div class='ocr_carea' id='block_1_10' title="bbox 1160 721 1447 778">
    <p class='ocr_par' dir='ltr' id='par_1_10' title="bbox 1160 721 1447 778">
     <span class='ocr_line' id='line_1_11' title="bbox 1160 721 1447 778; baseline -0.003 -12"><span class='ocrx_word' id='word_1_45' title='bbox 1160 721 1370 778; x_wconf 83' lang='grc' dir='ltr'><em>Ὁρκίοισι</em></span> <span class='ocrx_word' id='word_1_46' title='bbox 1400 722 1447 766; x_wconf 77' lang='grc' dir='ltr'>δὲ</span> 
     </span>
    </p>
   </div>
   <div class='ocr_carea' id='block_1_11' title="bbox 176 792 1502 996">
    <p class='ocr_par' dir='ltr' id='par_1_11' title="bbox 176 792 1502 996">
     <span class='ocr_line' id='line_1_12' title="bbox 176 792 1445 853; baseline -0.002 -13"><span class='ocrx_word' id='word_1_47' title='bbox 176 798 250 841; x_wconf 79' lang='grc' dir='ltr'>καὶ</span> <span class='ocrx_word' id='word_1_48' title='bbox 286 799 473 853; x_wconf 84' lang='grc' dir='ltr'><em>μαντικῇ</em></span> <span class='ocrx_word' id='word_1_49' title='bbox 510 795 719 851; x_wconf 83' lang='grc' dir='ltr'><em>χρέωνται</em></span> <span class='ocrx_word' id='word_1_50' title='bbox 758 795 917 850; x_wconf 82' lang='grc' dir='ltr'><em>τοιῇδε.</em></span> <span class='ocrx_word' id='word_1_51' title='bbox 976 792 1194 850; x_wconf 83' lang='grc' dir='ltr'><em>ὀμνύουσι</em></span> <span class='ocrx_word' id='word_1_52' title='bbox 1229 794 1309 850; x_wconf 80' lang='grc' dir='ltr'>μὲν</span> <span class='ocrx_word' id='word_1_53' title='bbox 1336 793 1445 845; x_wconf 77' lang='grc' dir='ltr'>τούς</span> 
     </span>
     <span class='ocr_line' id='line_1_13' title="bbox 176 865 1445 924; baseline -0.002 -12"><span class='ocrx_word' id='word_1_54' title='bbox 176 867 295 924; x_wconf 79' lang='grc' dir='ltr'><em>παρὰ</em></span> <span class='ocrx_word' id='word_1_55' title='bbox 335 868 461 924; x_wconf 84' lang='grc' dir='ltr'><em>σφίσι</em></span> <span class='ocrx_word' id='word_1_56' title='bbox 500 865 663 922; x_wconf 79' lang='grc' dir='ltr'><em>ἄνδρας</em></span> <span class='ocrx_word' id='word_1_57' title='bbox 703 866 1008 917; x_wconf 82' lang='grc' dir='ltr'><em>δικαιοτάτους</em></span> <span class='ocrx_word' id='word_1_58' title='bbox 1037 866 1110 909; x_wconf 86' lang='grc' dir='ltr'>καὶ</span> <span class='ocrx_word' id='word_1_59' title='bbox 1140 865 1347 919; x_wconf 77' lang='grc' dir='ltr'><em>ἀρίστους</em></span> <span class='ocrx_word' id='word_1_60' title='bbox 1374 870 1445 909; x_wconf 85' lang='grc' dir='ltr'><em>λε-</em></span> 
     </span>
     <span class='ocr_line' id='line_1_14' title="bbox 176 934 1502 996; baseline -0.004 -13"><span class='ocrx_word' id='word_1_61' title='bbox 176 939 389 996; x_wconf 81' lang='grc' dir='ltr'><em>γομένους</em></span> <span class='ocrx_word' id='word_1_62' title='bbox 415 937 638 994; x_wconf 83' lang='grc' dir='ltr'><em>γενέσθαι,</em></span> <span class='ocrx_word' id='word_1_63' title='bbox 677 936 885 989; x_wconf 76' lang='grc' dir='ltr'><em>τούτους,</em></span> <span class='ocrx_word' id='word_1_64' title='bbox 929 939 1017 980; x_wconf 75' lang='grc' dir='ltr'>τῶν</span> <span class='ocrx_word' id='word_1_65' title='bbox 1052 937 1233 992; x_wconf 84' lang='grc' dir='ltr'><em>τύμβων</em></span> <span class='ocrx_word' id='word_1_66' title='bbox 1262 934 1502 992; x_wconf 76' lang='grc' dir='ltr'><em>ἆπτόμε-ὅο</em></span> 
     </span>
    </p>
   </div>
   <div class='ocr_carea' id='block_1_12' title="bbox 147 1019 263 1055">
    <p class='ocr_par' dir='ltr' id='par_1_12' title="bbox 147 1019 263 1055">
     <span class='ocr_line' id='line_1_15' title="bbox 147 1019 263 1055; baseline 0.017 -3"><span class='ocrx_word' id='word_1_67' title='bbox 147 1019 169 1052; x_wconf 88' lang='grc'>6</span> <span class='ocrx_word' id='word_1_68' title='bbox 180 1028 263 1055; x_wconf 89' lang='grc' dir='ltr'><em>νοι.</em></span> 
     </span>
    </p>
   </div>
   <div class='ocr_carea' id='block_1_13' title="bbox 324 1005 1583 1064">
    <p class='ocr_par' dir='ltr' id='par_1_13' title="bbox 324 1005 1583 1064">
     <span class='ocr_line' id='line_1_16' title="bbox 324 1005 1583 1064; baseline -0.002 -11"><span class='ocrx_word' id='word_1_69' title='bbox 324 1009 636 1053; x_wconf 85' lang='grc' dir='ltr'><em>Μαντεύονται</em></span> <span class='ocrx_word' id='word_1_70' title='bbox 673 1008 720 1052; x_wconf 80' lang='grc' dir='ltr'>δὲ</span> <span class='ocrx_word' id='word_1_71' title='bbox 757 1008 826 1051; x_wconf 80' lang='grc' dir='ltr'>ἐπὶ</span> <span class='ocrx_word' id='word_1_72' title='bbox 862 1011 952 1051; x_wconf 81' lang='grc' dir='ltr'>τῶν</span> <span class='ocrx_word' id='word_1_73' title='bbox 982 1007 1217 1064; x_wconf 85' lang='grc' dir='ltr'><em>προγόνων</em></span> <span class='ocrx_word' id='word_1_74' title='bbox 1247 1005 1443 1063; x_wconf 82' lang='grc' dir='ltr'><em>φοιτέον-</em></span> <span class='ocrx_word' id='word_1_75' title='bbox 1499 1011 1583 1054; x_wconf 89' lang='lat'>358</span> 
     </span>
    </p>
   </div>
   <div class='ocr_carea' id='block_1_14' title="bbox 173 1077 1444 1208">
    <p class='ocr_par' dir='ltr' id='par_1_14' title="bbox 173 1077 1444 1208">
     <span class='ocr_line' id='line_1_17' title="bbox 173 1077 1444 1138; baseline -0.004 -12"><span class='ocrx_word' id='word_1_76' title='bbox 173 1099 241 1133; x_wconf 87' lang='grc' dir='ltr'>τες</span> <span class='ocrx_word' id='word_1_77' title='bbox 277 1081 330 1125; x_wconf 82' lang='grc' dir='ltr'>τὰ</span> <span class='ocrx_word' id='word_1_78' title='bbox 368 1080 558 1138; x_wconf 87' lang='grc' dir='ltr'><em>σήματα,</em></span> <span class='ocrx_word' id='word_1_79' title='bbox 600 1080 674 1123; x_wconf 81' lang='grc' dir='ltr'>καὶ</span> <span class='ocrx_word' id='word_1_80' title='bbox 711 1078 1021 1136; x_wconf 79' lang='grc' dir='ltr'><em>κατευξάμενοι</em></span> <span class='ocrx_word' id='word_1_81' title='bbox 1056 1077 1444 1133; x_wconf 79' lang='grc' dir='ltr'><em>ἐπικατακοιμέων-</em></span> 
     </span>
     <span class='ocr_line' id='line_1_18' title="bbox 174 1148 1438 1208; baseline -0.005 -11"><span class='ocrx_word' id='word_1_82' title='bbox 174 1167 267 1197; x_wconf 90' lang='grc' dir='ltr'><em>ται·</em></span> <span class='ocrx_word' id='word_1_83' title='bbox 299 1151 348 1196; x_wconf 87' lang='grc' dir='ltr'>τὸ</span> <span class='ocrx_word' id='word_1_84' title='bbox 372 1149 415 1196; x_wconf 90' lang='grc' dir='ltr'>δ’</span> <span class='ocrx_word' id='word_1_85' title='bbox 440 1150 494 1194; x_wconf 79' lang='grc' dir='ltr'><em>ἂν</em></span> <span class='ocrx_word' id='word_1_86' title='bbox 512 1153 585 1208; x_wconf 86' lang='grc' dir='ltr'>ἰ’δῃ</span> <span class='ocrx_word' id='word_1_87' title='bbox 602 1150 649 1194; x_wconf 81' lang='grc' dir='ltr'><em>ἐν</em></span> <span class='ocrx_word' id='word_1_88' title='bbox 669 1154 723 1208; x_wconf 88' lang='grc' dir='ltr'>τῇ</span> <span class='ocrx_word' id='word_1_89' title='bbox 744 1149 843 1203; x_wconf 83' lang='grc' dir='ltr'><em>ὄψει</em></span> <span class='ocrx_word' id='word_1_90' title='bbox 864 1149 1089 1202; x_wconf 79' lang='grc' dir='ltr'><em>ἐνύπνιον,</em></span> <span class='ocrx_word' id='word_1_91' title='bbox 1109 1148 1252 1207; x_wconf 86' lang='grc' dir='ltr'><em>τούτῳ</em></span> <span class='ocrx_word' id='word_1_92' title='bbox 1271 1153 1438 1206; x_wconf 77' lang='grc' dir='ltr'><em>χρᾶται.</em></span> 
     </span>
    </p>
   </div>
   <div class='ocr_carea' id='block_1_15' title="bbox 250 1254 389 1261">
    <p class='ocr_par' dir='ltr' id='par_1_15' title="bbox 250 1254 389 1261">
     <span class='ocr_line' id='line_1_19' title="bbox 250 1254 389 1261; baseline 0 0"><span class='ocrx_word' id='word_1_93' title='bbox 250 1254 389 1261; x_wconf 95' lang='lat' dir='ltr'> </span> 
     </span>
    </p>
   </div>
   <div class='ocr_carea' id='block_1_16' title="bbox 61 1319 778 2833">
    <p class='ocr_par' dir='ltr' id='par_1_16' title="bbox 61 1319 778 2215">
     <span class='ocr_line' id='line_1_20' title="bbox 118 1319 778 1368; baseline -0.005 -10"><span class='ocrx_word' id='word_1_94' title='bbox 118 1334 261 1366; x_wconf 85' lang='grc' dir='ltr'><em>ωνται,</em></span> <span class='ocrx_word' id='word_1_95' title='bbox 302 1319 323 1356; x_wconf 90' lang='lat' dir='ltr'>i.</span> <span class='ocrx_word' id='word_1_96' title='bbox 344 1332 374 1356; x_wconf 94' lang='lat' dir='ltr'>e.</span> <span class='ocrx_word' id='word_1_97' title='bbox 407 1320 654 1364; x_wconf 72' lang='lat' dir='ltr'>incommune,</span> <span class='ocrx_word' id='word_1_98' title='bbox 691 1331 778 1368; x_wconf 80' lang='lat' dir='ltr'>pro-</span> 
     </span>
     <span class='ocr_line' id='line_1_21' title="bbox 117 1374 777 1424; baseline -0.002 -12"><span class='ocrx_word' id='word_1_99' title='bbox 117 1378 245 1413; x_wconf 80' lang='lat' dir='ltr'>miscue</span> <span class='ocrx_word' id='word_1_100' title='bbox 255 1374 403 1424; x_wconf 77' lang='lat' dir='ltr'>feminis</span> <span class='ocrx_word' id='word_1_101' title='bbox 426 1378 578 1412; x_wconf 76' lang='lat' dir='ltr'>utuntur</span> <span class='ocrx_word' id='word_1_102' title='bbox 601 1388 629 1412; x_wconf 82' lang='lat' dir='ltr'><strong>S.</strong></span> <span class='ocrx_word' id='word_1_103' title='bbox 656 1379 777 1412; x_wconf 80' lang='lat' dir='ltr'>coeunt</span> 
     </span>
     <span class='ocr_line' id='line_1_22' title="bbox 117 1432 777 1481; baseline -0.002 -11"><span class='ocrx_word' id='word_1_104' title='bbox 117 1433 197 1478; x_wconf 88' lang='lat' dir='ltr'>(ubi</span> <span class='ocrx_word' id='word_1_105' title='bbox 235 1433 330 1469; x_wconf 87' lang='lat' dir='ltr'>conf.</span> <span class='ocrx_word' id='word_1_106' title='bbox 368 1432 506 1479; x_wconf 88' lang='lat' dir='ltr'>nott.);</span> <span class='ocrx_word' id='word_1_107' title='bbox 571 1432 619 1468; x_wconf 86' lang='lat' dir='ltr'>ad</span> <span class='ocrx_word' id='word_1_108' title='bbox 668 1444 777 1481; x_wconf 85' lang='lat' dir='ltr'>quem</span> 
     </span>
     <span class='ocr_line' id='line_1_23' title="bbox 115 1487 778 1539; baseline 0.002 -15"><span class='ocrx_word' id='word_1_109' title='bbox 115 1490 232 1539; x_wconf 89' lang='lat' dir='ltr'>ipsum</span> <span class='ocrx_word' id='word_1_110' title='bbox 255 1488 369 1525; x_wconf 92' lang='lat' dir='ltr'>locum</span> <span class='ocrx_word' id='word_1_111' title='bbox 391 1487 532 1526; x_wconf 85' lang='lat' dir='ltr'><strong>Noster</strong></span> <span class='ocrx_word' id='word_1_112' title='bbox 560 1487 617 1524; x_wconf 90' lang='lat' dir='ltr'>hic</span> <span class='ocrx_word' id='word_1_113' title='bbox 642 1501 778 1538; x_wconf 91' lang='lat' dir='ltr'>provo-</span> 
     </span>
     <span class='ocr_line' id='line_1_24' title="bbox 114 1543 776 1582; baseline 0 -1"><span class='ocrx_word' id='word_1_114' title='bbox 114 1550 182 1582; x_wconf 80' lang='lat' dir='ltr'>cat.</span> <span class='ocrx_word' id='word_1_115' title='bbox 224 1544 460 1582; x_wconf 88' lang='lat' dir='ltr'>Consimilem</span> <span class='ocrx_word' id='word_1_116' title='bbox 477 1543 639 1580; x_wconf 83' lang='lat' dir='ltr'>Arabum</span> <span class='ocrx_word' id='word_1_117' title='bbox 667 1545 776 1581; x_wconf 88' lang='lat' dir='ltr'>ritum</span> 
     </span>
     <span class='ocr_line' id='line_1_25' title="bbox 113 1599 774 1649; baseline 0.002 -13"><span class='ocrx_word' id='word_1_118' title='bbox 113 1601 248 1638; x_wconf 84' lang='lat' dir='ltr'>Strabo</span> <span class='ocrx_word' id='word_1_119' title='bbox 272 1605 472 1647; x_wconf 85' lang='lat' dir='ltr'>memorat,</span> <span class='ocrx_word' id='word_1_120' title='bbox 509 1599 597 1636; x_wconf 90' lang='lat' dir='ltr'>XVI</span> <span class='ocrx_word' id='word_1_121' title='bbox 625 1613 662 1649; x_wconf 91' lang='lat' dir='ltr'>p.</span> <span class='ocrx_word' id='word_1_122' title='bbox 692 1602 774 1641; x_wconf 86' lang='lat'>783</span> 
     </span>
     <span class='ocr_line' id='line_1_26' title="bbox 112 1651 773 1706; baseline 0.003 -13"><span class='ocrx_word' id='word_1_123' title='bbox 112 1655 156 1694; x_wconf 90' lang='lat' dir='ltr'>A.</span> <span class='ocrx_word' id='word_1_124' title='bbox 177 1671 204 1695; x_wconf 94' lang='lat' dir='ltr'>s.</span> <span class='ocrx_word' id='word_1_125' title='bbox 226 1657 416 1704; x_wconf 80' lang='lat' dir='ltr'><strong>1129D.‚</strong></span> <span class='ocrx_word' id='word_1_126' title='bbox 443 1657 522 1694; x_wconf 88' lang='lat' dir='ltr'>ubi:</span> <span class='ocrx_word' id='word_1_127' title='bbox 554 1654 579 1695; x_wconf 81' lang='grc' dir='ltr'>ό</span> <span class='ocrx_word' id='word_1_128' title='bbox 601 1655 643 1695; x_wconf 81' lang='grc' dir='ltr'>δὲ</span> <span class='ocrx_word' id='word_1_129' title='bbox 662 1651 773 1706; x_wconf 78' lang='grc' dir='ltr'><em>φθά-</em></span> 
     </span>
     <span class='ocr_line' id='line_1_27' title="bbox 113 1710 774 1764; baseline -0.002 -11"><span class='ocrx_word' id='word_1_130' title='bbox 113 1726 183 1760; x_wconf 82' lang='grc' dir='ltr'>σας</span> <span class='ocrx_word' id='word_1_131' title='bbox 216 1710 349 1753; x_wconf 72' lang='grc' dir='ltr'><em>εἰσιών</em></span> <span class='ocrx_word' id='word_1_132' title='bbox 372 1714 578 1764; x_wconf 82' lang='grc' dir='ltr'><em>μίγνυται,</em></span> <span class='ocrx_word' id='word_1_133' title='bbox 604 1712 774 1762; x_wconf 82' lang='grc' dir='ltr'><em>προθεὶς</em></span> 
     </span>
     <span class='ocr_line' id='line_1_28' title="bbox 111 1765 773 1821; baseline -0.003 -13"><span class='ocrx_word' id='word_1_134' title='bbox 111 1773 184 1821; x_wconf 86' lang='grc' dir='ltr'>τῆς</span> <span class='ocrx_word' id='word_1_135' title='bbox 200 1766 331 1819; x_wconf 79' lang='grc' dir='ltr'><em>θύρας</em></span> <span class='ocrx_word' id='word_1_136' title='bbox 350 1765 504 1821; x_wconf 75' lang='grc' dir='ltr'><em>ῥάβδον</em></span> <span class='ocrx_word' id='word_1_137' title='bbox 528 1784 563 1807; x_wconf 87' lang='grc' dir='ltr'>κ.</span> <span class='ocrx_word' id='word_1_138' title='bbox 585 1784 616 1807; x_wconf 92' lang='grc' dir='ltr'><em>τ.</em></span> <span class='ocrx_word' id='word_1_139' title='bbox 639 1771 672 1807; x_wconf 83' lang='grc' dir='ltr'>λ.</span> <span class='ocrx_word' id='word_1_140' title='bbox 730 1770 773 1806; x_wconf 87' lang='lat' dir='ltr'>In</span> 
     </span>
     <span class='ocr_line' id='line_1_29' title="bbox 111 1826 773 1874; baseline -0.002 -10"><span class='ocrx_word' id='word_1_141' title='bbox 111 1827 334 1865; x_wconf 87' lang='lat' dir='ltr'>Herodoteis</span> <span class='ocrx_word' id='word_1_142' title='bbox 345 1827 466 1864; x_wconf 86' lang='lat' dir='ltr'>verbis</span> <span class='ocrx_word' id='word_1_143' title='bbox 480 1826 687 1874; x_wconf 77' lang='lat' dir='ltr'>asyndeton</span> <span class='ocrx_word' id='word_1_144' title='bbox 705 1839 773 1863; x_wconf 88' lang='lat' dir='ltr'>no-</span> 
     </span>
     <span class='ocr_line' id='line_1_30' title="bbox 111 1883 770 1932; baseline 0 -12"><span class='ocrx_word' id='word_1_145' title='bbox 111 1887 168 1920; x_wconf 86' lang='lat' dir='ltr'>tat</span> <span class='ocrx_word' id='word_1_146' title='bbox 187 1884 339 1930; x_wconf 80' lang='lat' dir='ltr'>Struve,</span> <span class='ocrx_word' id='word_1_147' title='bbox 373 1896 480 1932; x_wconf 93' lang='lat' dir='ltr'>quem</span> <span class='ocrx_word' id='word_1_148' title='bbox 502 1883 698 1920; x_wconf 82' lang='lat' dir='ltr'>afferemus</span> <span class='ocrx_word' id='word_1_149' title='bbox 721 1884 770 1920; x_wconf 84' lang='lat' dir='ltr'>ad</span> 
     </span>
     <span class='ocr_line' id='line_1_31' title="bbox 111 1940 770 1988; baseline -0.005 -8"><span class='ocrx_word' id='word_1_150' title='bbox 111 1940 175 1986; x_wconf 82' lang='lat' dir='ltr'>IV,</span> <span class='ocrx_word' id='word_1_151' title='bbox 197 1940 288 1980; x_wconf 88' lang='grc'>187.</span> <span class='ocrx_word' id='word_1_152' title='bbox 328 1940 386 1977; x_wconf 89' lang='lat' dir='ltr'>De</span> <span class='ocrx_word' id='word_1_153' title='bbox 416 1940 535 1977; x_wconf 79' lang='lat' dir='ltr'>verbis</span> <span class='ocrx_word' id='word_1_154' title='bbox 563 1942 770 1988; x_wconf 79' lang='grc' dir='ltr'><em>παραπλη-</em></span> 
     </span>
     <span class='ocr_line' id='line_1_32' title="bbox 114 1994 770 2049; baseline -0.005 -15"><span class='ocrx_word' id='word_1_155' title='bbox 114 1996 186 2049; x_wconf 79' lang='grc' dir='ltr'>σίῳ</span> <span class='ocrx_word' id='word_1_156' title='bbox 215 1998 276 2048; x_wconf 77' lang='grc' dir='ltr'>τῷ</span> <span class='ocrx_word' id='word_1_157' title='bbox 302 2010 325 2034; x_wconf 82' lang='grc' dir='ltr'><em>κ</em></span> <span class='ocrx_word' id='word_1_158' title='bbox 342 1994 394 2034; x_wconf 86' lang='grc' dir='ltr'>αὶ</span> <span class='ocrx_word' id='word_1_159' title='bbox 417 1997 512 2032; x_wconf 86' lang='lat' dir='ltr'>conf.</span> <span class='ocrx_word' id='word_1_160' title='bbox 531 1999 623 2032; x_wconf 88' lang='lat' dir='ltr'>nott.</span> <span class='ocrx_word' id='word_1_161' title='bbox 643 1996 690 2031; x_wconf 80' lang='lat' dir='ltr'>ad</span> <span class='ocrx_word' id='word_1_162' title='bbox 709 1995 770 2041; x_wconf 75' lang='lat' dir='ltr'>lv,</span> 
     </span>
     <span class='ocr_line' id='line_1_33' title="bbox 115 2052 769 2102; baseline -0.002 -14"><span class='ocrx_word' id='word_1_163' title='bbox 115 2054 206 2093; x_wconf 89' lang='lat'><strong>171.</strong></span> <span class='ocrx_word' id='word_1_164' title='bbox 248 2052 290 2088; x_wconf 92' lang='lat' dir='ltr'>In</span> <span class='ocrx_word' id='word_1_165' title='bbox 320 2064 423 2102; x_wconf 87' lang='lat' dir='ltr'>seqq.</span> <span class='ocrx_word' id='word_1_166' title='bbox 448 2054 495 2089; x_wconf 83' lang='lat' dir='ltr'>ad</span> <span class='ocrx_word' id='word_1_167' title='bbox 520 2053 647 2102; x_wconf 80' lang='grc' dir='ltr'><em>μιχθῇ</em></span> <span class='ocrx_word' id='word_1_168' title='bbox 673 2053 769 2088; x_wconf 91' lang='lat' dir='ltr'>conf.</span> 
     </span>
     <span class='ocr_line' id='line_1_34' title="bbox 111 2108 770 2159; baseline -0.002 -13"><span class='ocrx_word' id='word_1_169' title='bbox 111 2108 243 2146; x_wconf 85' lang='lat' dir='ltr'>Matth.</span> <span class='ocrx_word' id='word_1_170' title='bbox 261 2108 325 2144; x_wconf 91' lang='lat' dir='ltr'>Gr</span> <span class='ocrx_word' id='word_1_171' title='bbox 340 2109 405 2145; x_wconf 91' lang='lat' dir='ltr'>Gr.</span> <span class='ocrx_word' id='word_1_172' title='bbox 426 2121 513 2159; x_wconf 81' lang='lat' dir='ltr'>pag.</span> <span class='ocrx_word' id='word_1_173' title='bbox 536 2110 642 2149; x_wconf 85' lang='lat'>1006</span> <span class='ocrx_word' id='word_1_174' title='bbox 664 2108 770 2145; x_wconf 85' lang='lat' dir='ltr'>etad</span> 
     </span>
     <span class='ocr_line' id='line_1_35' title="bbox 61 2162 550 2215; baseline -0.008 -11"><span class='ocrx_word' id='word_1_175' title='bbox 61 2162 65 2167; x_wconf 82' lang='grc'>’</span> <span class='ocrx_word' id='word_1_176' title='bbox 112 2165 222 2204; x_wconf 78' lang='grc' dir='ltr'><em>διδοῖ</em></span> <span class='ocrx_word' id='word_1_177' title='bbox 235 2177 349 2215; x_wconf 84' lang='lat' dir='ltr'>supra</span> <span class='ocrx_word' id='word_1_178' title='bbox 371 2164 435 2212; x_wconf 89' lang='lat' dir='ltr'>IV,</span> <span class='ocrx_word' id='word_1_179' title='bbox 458 2164 550 2205; x_wconf 82' lang='grc'><strong>143.</strong></span> 
     </span>
    </p>

    <p class='ocr_par' dir='ltr' id='par_1_17' title="bbox 110 2217 769 2833">
     <span class='ocr_line' id='line_1_36' title="bbox 167 2217 767 2272; baseline -0.003 -12"><span class='ocrx_word' id='word_1_180' title='bbox 167 2217 361 2272; x_wconf 88' lang='grc' dir='ltr'><em>οιινύουσι</em></span> <span class='ocrx_word' id='word_1_181' title='bbox 389 2220 458 2272; x_wconf 79' lang='grc' dir='ltr'>μὲν</span> <span class='ocrx_word' id='word_1_182' title='bbox 485 2235 579 2266; x_wconf 87' lang='grc' dir='ltr'><em>τους</em></span> <span class='ocrx_word' id='word_1_183' title='bbox 608 2235 642 2258; x_wconf 84' lang='grc' dir='ltr'>κ.</span> <span class='ocrx_word' id='word_1_184' title='bbox 669 2234 699 2257; x_wconf 87' lang='grc' dir='ltr'><em>τ.</em></span> <span class='ocrx_word' id='word_1_185' title='bbox 721 2217 767 2269; x_wconf 58' lang='lat' dir='ltr'>L]</span> 
     </span>
     <span class='ocr_line' id='line_1_37' title="bbox 110 2272 769 2327; baseline -0.005 -11"><span class='ocrx_word' id='word_1_186' title='bbox 110 2277 168 2316; x_wconf 90' lang='lat' dir='ltr'>De</span> <span class='ocrx_word' id='word_1_187' title='bbox 192 2282 372 2315; x_wconf 82' lang='lat' dir='ltr'>structura</span> <span class='ocrx_word' id='word_1_188' title='bbox 398 2278 498 2315; x_wconf 83' lang='lat' dir='ltr'>verbi</span> <span class='ocrx_word' id='word_1_189' title='bbox 524 2272 697 2327; x_wconf 73' lang='grc' dir='ltr'><em>ὀμνύναι</em></span> <span class='ocrx_word' id='word_1_190' title='bbox 724 2277 769 2313; x_wconf 91' lang='lat' dir='ltr'><strong>cf.</strong></span> 
     </span>
     <span class='ocr_line' id='line_1_38' title="bbox 110 2332 769 2384; baseline -0.006 -12"><span class='ocrx_word' id='word_1_191' title='bbox 110 2335 241 2372; x_wconf 84' lang='lat' dir='ltr'>Matth.</span> <span class='ocrx_word' id='word_1_192' title='bbox 263 2333 300 2384; x_wconf 60' lang='grc' dir='ltr'>ξ.</span> <span class='ocrx_word' id='word_1_193' title='bbox 321 2332 416 2381; x_wconf 80' lang='lat'>413,</span> <span class='ocrx_word' id='word_1_194' title='bbox 439 2336 489 2374; x_wconf 88' lang='lat'>10</span> <span class='ocrx_word' id='word_1_195' title='bbox 516 2338 551 2372; x_wconf 89' lang='lat' dir='ltr'>et</span> <span class='ocrx_word' id='word_1_196' title='bbox 566 2334 614 2370; x_wconf 84' lang='lat' dir='ltr'>ad</span> <span class='ocrx_word' id='word_1_197' title='bbox 632 2346 769 2383; x_wconf 86' lang='lat' dir='ltr'>prono-</span> 
     </span>
     <span class='ocr_line' id='line_1_39' title="bbox 112 2387 767 2440; baseline -0.002 -13"><span class='ocrx_word' id='word_1_198' title='bbox 112 2404 193 2428; x_wconf 85' lang='lat' dir='ltr'>men</span> <span class='ocrx_word' id='word_1_199' title='bbox 213 2387 379 2436; x_wconf 85' lang='grc' dir='ltr'><em>τούτους</em></span> <span class='ocrx_word' id='word_1_200' title='bbox 402 2391 490 2428; x_wconf 85' lang='lat' dir='ltr'><strong>ibid.</strong></span> <span class='ocrx_word' id='word_1_201' title='bbox 509 2404 546 2440; x_wconf 89' lang='lat' dir='ltr'>p.</span> <span class='ocrx_word' id='word_1_202' title='bbox 567 2391 661 2429; x_wconf 84' lang='lat'><strong>878.</strong></span> <span class='ocrx_word' id='word_1_203' title='bbox 707 2388 767 2427; x_wconf 84' lang='lat' dir='ltr'>Ad</span> 
     </span>
     <span class='ocr_line' id='line_1_40' title="bbox 111 2446 768 2497; baseline 0 -15"><span class='ocrx_word' id='word_1_204' title='bbox 111 2448 225 2496; x_wconf 81' lang='lat' dir='ltr'><strong>ipsam</strong></span> <span class='ocrx_word' id='word_1_205' title='bbox 246 2460 321 2485; x_wconf 88' lang='lat' dir='ltr'>rem</span> <span class='ocrx_word' id='word_1_206' title='bbox 338 2448 523 2497; x_wconf 83' lang='lat' dir='ltr'>pertinent</span> <span class='ocrx_word' id='word_1_207' title='bbox 543 2446 666 2484; x_wconf 81' lang='lat' dir='ltr'>Melae</span> <span class='ocrx_word' id='word_1_208' title='bbox 685 2459 768 2484; x_wconf 86' lang='lat' dir='ltr'>ver-</span> 
     </span>
     <span class='ocr_line' id='line_1_41' title="bbox 113 2502 768 2552; baseline 0.002 -14"><span class='ocrx_word' id='word_1_209' title='bbox 113 2504 161 2539; x_wconf 82' lang='lat' dir='ltr'>ba</span> <span class='ocrx_word' id='word_1_210' title='bbox 182 2503 213 2548; x_wconf 93' lang='lat' dir='ltr'>I,</span> <span class='ocrx_word' id='word_1_211' title='bbox 240 2505 278 2548; x_wconf 86' lang='lat'>8,</span> <span class='ocrx_word' id='word_1_212' title='bbox 300 2504 375 2544; x_wconf 88' lang='lat'>55:</span> <span class='ocrx_word' id='word_1_213' title='bbox 429 2502 618 2552; x_wconf 81' lang='lat' dir='ltr'>„Augilae</span> <span class='ocrx_word' id='word_1_214' title='bbox 642 2514 768 2540; x_wconf 83' lang='lat' dir='ltr'>manes</span> 
     </span>
     <span class='ocr_line' id='line_1_42' title="bbox 113 2554 768 2610; baseline 0 -15"><span class='ocrx_word' id='word_1_215' title='bbox 113 2562 256 2596; x_wconf 87' lang='lat' dir='ltr'>tantum</span> <span class='ocrx_word' id='word_1_216' title='bbox 282 2559 382 2597; x_wconf 87' lang='lat' dir='ltr'>Deos</span> <span class='ocrx_word' id='word_1_217' title='bbox 413 2554 562 2610; x_wconf 82' lang='lat' dir='ltr'>putant:</span> <span class='ocrx_word' id='word_1_218' title='bbox 613 2573 680 2610; x_wconf 89' lang='lat' dir='ltr'>per</span> <span class='ocrx_word' id='word_1_219' title='bbox 705 2571 768 2596; x_wconf 91' lang='lat' dir='ltr'>eos</span> 
     </span>
     <span class='ocr_line' id='line_1_43' title="bbox 113 2615 768 2660; baseline 0 -9"><span class='ocrx_word' id='word_1_220' title='bbox 113 2615 301 2660; x_wconf 81' lang='lat' dir='ltr'>deierant,</span> <span class='ocrx_word' id='word_1_221' title='bbox 333 2628 395 2653; x_wconf 89' lang='lat' dir='ltr'>eos</span> <span class='ocrx_word' id='word_1_222' title='bbox 414 2621 455 2653; x_wconf 91' lang='lat' dir='ltr'>ut</span> <span class='ocrx_word' id='word_1_223' title='bbox 474 2615 617 2653; x_wconf 82' lang='lat' dir='ltr'>oracula</span> <span class='ocrx_word' id='word_1_224' title='bbox 637 2629 768 2653; x_wconf 87' lang='lat' dir='ltr'>consu-</span> 
     </span>
     <span class='ocr_line' id='line_1_44' title="bbox 113 2672 769 2722; baseline 0.003 -16"><span class='ocrx_word' id='word_1_225' title='bbox 113 2672 211 2717; x_wconf 83' lang='lat' dir='ltr'>lunt3</span> <span class='ocrx_word' id='word_1_226' title='bbox 260 2673 472 2721; x_wconf 82' lang='lat' dir='ltr'>precatique</span> <span class='ocrx_word' id='word_1_227' title='bbox 502 2685 598 2722; x_wconf 82' lang='lat' dir='ltr'>quae</span> <span class='ocrx_word' id='word_1_228' title='bbox 632 2672 769 2718; x_wconf 82' lang='lat' dir='ltr'>volunt,</span> 
     </span>
     <span class='ocr_line' id='line_1_45' title="bbox 113 2727 768 2778; baseline 0.005 -15"><span class='ocrx_word' id='word_1_229' title='bbox 113 2727 175 2764; x_wconf 87' lang='lat' dir='ltr'>ubi</span> <span class='ocrx_word' id='word_1_230' title='bbox 197 2727 341 2764; x_wconf 89' lang='lat' dir='ltr'>tumulis</span> <span class='ocrx_word' id='word_1_231' title='bbox 360 2727 558 2767; x_wconf 79' lang='lat' dir='ltr'>incubuere</span> <span class='ocrx_word' id='word_1_232' title='bbox 571 2758 582 2776; x_wconf 92' lang='lat'>‚</span> <span class='ocrx_word' id='word_1_233' title='bbox 621 2742 689 2778; x_wconf 90' lang='lat' dir='ltr'>pro</span> <span class='ocrx_word' id='word_1_234' title='bbox 709 2741 768 2766; x_wconf 85' lang='lat' dir='ltr'>re-</span> 
     </span>
     <span class='ocr_line' id='line_1_46' title="bbox 112 2784 767 2833; baseline 0.005 -14"><span class='ocrx_word' id='word_1_235' title='bbox 112 2784 256 2833; x_wconf 79' lang='lat' dir='ltr'>sponsis</span> <span class='ocrx_word' id='word_1_236' title='bbox 294 2785 414 2820; x_wconf 86' lang='lat' dir='ltr'>ferunt</span> <span class='ocrx_word' id='word_1_237' title='bbox 445 2786 596 2822; x_wconf 87' lang='lat' dir='ltr'>somnia.</span> <span class='ocrx_word' id='word_1_238' title='bbox 609 2787 634 2806; x_wconf 89' lang='lat'>“</span> <span class='ocrx_word' id='word_1_239' title='bbox 692 2784 767 2822; x_wconf 86' lang='lat' dir='ltr'>Ubi</span> 
     </span>
    </p>
   </div>
   <div class='ocr_carea' id='block_1_17' title="bbox 113 2839 768 2946">
    <p class='ocr_par' dir='ltr' id='par_1_18' title="bbox 113 2839 768 2946">
     <span class='ocr_line' id='line_1_47' title="bbox 113 2839 765 2891; baseline 0.003 -16"><span class='ocrx_word' id='word_1_240' title='bbox 113 2841 208 2876; x_wconf 80' lang='lat' dir='ltr'>conf.</span> <span class='ocrx_word' id='word_1_241' title='bbox 229 2839 444 2877; x_wconf 86' lang='lat' dir='ltr'>Tzschucke</span> <span class='ocrx_word' id='word_1_242' title='bbox 464 2845 557 2878; x_wconf 91' lang='lat' dir='ltr'>nott.</span> <span class='ocrx_word' id='word_1_243' title='bbox 579 2854 707 2891; x_wconf 81' lang='lat' dir='ltr'>exegg.</span> <span class='ocrx_word' id='word_1_244' title='bbox 728 2855 765 2891; x_wconf 87' lang='lat' dir='ltr'>p.</span> 
     </span>
     <span class='ocr_line' id='line_1_48' title="bbox 113 2895 768 2946; baseline -0.002 -11"><span class='ocrx_word' id='word_1_245' title='bbox 113 2897 194 2937; x_wconf 74' lang='lat'>‘233</span> <span class='ocrx_word' id='word_1_246' title='bbox 224 2908 299 2946; x_wconf 87' lang='lat' dir='ltr'>seq.</span> <span class='ocrx_word' id='word_1_247' title='bbox 359 2895 450 2934; x_wconf 90' lang='lat' dir='ltr'>Plin.</span> <span class='ocrx_word' id='word_1_248' title='bbox 477 2897 527 2934; x_wconf 92' lang='lat' dir='ltr'>H.</span> <span class='ocrx_word' id='word_1_249' title='bbox 556 2896 605 2934; x_wconf 93' lang='lat' dir='ltr'>N.</span> <span class='ocrx_word' id='word_1_250' title='bbox 631 2897 686 2945; x_wconf 93' lang='lat' dir='ltr'>V,</span> <span class='ocrx_word' id='word_1_251' title='bbox 720 2898 768 2939; x_wconf 89' lang='lat'>8:</span> 
     </span>
    </p>
   </div>
   <div class='ocr_carea' id='block_1_18' title="bbox 823 1317 1502 2877">
    <p class='ocr_par' dir='ltr' id='par_1_19' title="bbox 835 1317 1500 1412">
     <span class='ocr_line' id='line_1_49' title="bbox 835 1317 1500 1367; baseline -0.006 -13"><span class='ocrx_word' id='word_1_252' title='bbox 835 1317 1019 1367; x_wconf 83' lang='lat' dir='ltr'>„Augilae</span> <span class='ocrx_word' id='word_1_253' title='bbox 1067 1317 1204 1354; x_wconf 82' lang='lat' dir='ltr'>inferos</span> <span class='ocrx_word' id='word_1_254' title='bbox 1249 1318 1392 1352; x_wconf 83' lang='lat' dir='ltr'>tantum</span> <span class='ocrx_word' id='word_1_255' title='bbox 1437 1327 1500 1351; x_wconf 94' lang='lat' dir='ltr'>co-</span> 
     </span>
     <span class='ocr_line' id='line_1_50' title="bbox 836 1374 952 1412; baseline 0 -1"><span class='ocrx_word' id='word_1_256' title='bbox 836 1374 952 1412; x_wconf 91' lang='lat' dir='ltr'>lunt.“</span> 
     </span>
    </p>

    <p class='ocr_par' dir='ltr' id='par_1_20' title="bbox 823 1424 1502 2429">
     <span class='ocr_line' id='line_1_51' title="bbox 892 1424 1502 1479; baseline -0.01 -10"><span class='ocrx_word' id='word_1_257' title='bbox 892 1429 959 1469; x_wconf 78' lang='grc' dir='ltr'>καὶ</span> <span class='ocrx_word' id='word_1_258' title='bbox 990 1424 1280 1479; x_wconf 71' lang='grc' dir='ltr'><em>κατευξάμενοι</em></span> <span class='ocrx_word' id='word_1_259' title='bbox 1312 1425 1502 1465; x_wconf 80' lang='grc' dir='ltr'><em>ἐπικατα-</em></span> 
     </span>
     <span class='ocr_line' id='line_1_52' title="bbox 836 1483 1500 1538; baseline -0.012 -12"><span class='ocrx_word' id='word_1_260' title='bbox 836 1484 1088 1538; x_wconf 81' lang='grc' dir='ltr'><em>κοιμὲωνται]</em></span> <span class='ocrx_word' id='word_1_261' title='bbox 1120 1487 1143 1522; x_wconf 93' lang='lat' dir='ltr'>i.</span> <span class='ocrx_word' id='word_1_262' title='bbox 1163 1498 1194 1522; x_wconf 87' lang='lat' dir='ltr'>e.</span> <span class='ocrx_word' id='word_1_263' title='bbox 1216 1485 1385 1534; x_wconf 73' lang='lat' dir='ltr'><em>peractis,</em></span> <span class='ocrx_word' id='word_1_264' title='bbox 1405 1483 1500 1519; x_wconf 79' lang='lat' dir='ltr'>solu-</span> 
     </span>
     <span class='ocr_line' id='line_1_53' title="bbox 834 1539 1495 1594; baseline -0.008 -14"><span class='ocrx_word' id='word_1_265' title='bbox 834 1545 882 1580; x_wconf 73' lang='lat' dir='ltr'>tis</span> <span class='ocrx_word' id='word_1_266' title='bbox 894 1544 1057 1594; x_wconf 78' lang='lat' dir='ltr'>precibus</span> <span class='ocrx_word' id='word_1_267' title='bbox 1075 1541 1303 1578; x_wconf 65' lang='lat' dir='ltr'>zmlorzniunt.</span> <span class='ocrx_word' id='word_1_268' title='bbox 1355 1539 1410 1576; x_wconf 92' lang='lat' dir='ltr'>Ac</span> <span class='ocrx_word' id='word_1_269' title='bbox 1427 1552 1495 1575; x_wconf 91' lang='lat' dir='ltr'>no-</span> 
     </span>
     <span class='ocr_line' id='line_1_54' title="bbox 832 1595 1493 1646; baseline -0.009 -9"><span class='ocrx_word' id='word_1_270' title='bbox 832 1604 889 1636; x_wconf 85' lang='lat' dir='ltr'>tat</span> <span class='ocrx_word' id='word_1_271' title='bbox 908 1598 1129 1646; x_wconf 53' lang='lat' dir='ltr'>lVesseling.</span> <span class='ocrx_word' id='word_1_272' title='bbox 1161 1598 1208 1633; x_wconf 81' lang='lat' dir='ltr'>ad</span> <span class='ocrx_word' id='word_1_273' title='bbox 1233 1596 1344 1634; x_wconf 86' lang='lat' dir='ltr'>Diod.</span> <span class='ocrx_word' id='word_1_274' title='bbox 1372 1596 1410 1642; x_wconf 93' lang='lat'>1,</span> <span class='ocrx_word' id='word_1_275' title='bbox 1441 1595 1493 1636; x_wconf 80' lang='grc'>53</span> 
     </span>
     <span class='ocr_line' id='line_1_55' title="bbox 832 1651 1495 1703; baseline -0.005 -10"><span class='ocrx_word' id='word_1_276' title='bbox 832 1656 868 1692; x_wconf 89' lang='lat' dir='ltr'>in</span> <span class='ocrx_word' id='word_1_277' title='bbox 902 1655 963 1693; x_wconf 87' lang='lat' dir='ltr'>illa</span> <span class='ocrx_word' id='word_1_278' title='bbox 1002 1654 1199 1692; x_wconf 73' lang='lat' dir='ltr'>incubandi</span> <span class='ocrx_word' id='word_1_279' title='bbox 1238 1651 1495 1703; x_wconf 80' lang='lat' dir='ltr'>superstitione</span> 
     </span>
     <span class='ocr_line' id='line_1_56' title="bbox 830 1710 1494 1763; baseline -0.005 -14"><span class='ocrx_word' id='word_1_280' title='bbox 830 1713 983 1750; x_wconf 89' lang='lat' dir='ltr'>inveniri</span> <span class='ocrx_word' id='word_1_281' title='bbox 1027 1710 1318 1763; x_wconf 75' lang='grc' dir='ltr'><em>ἐγκοιμᾶσθαι,</em></span> <span class='ocrx_word' id='word_1_282' title='bbox 1371 1723 1494 1747; x_wconf 82' lang='grc' dir='ltr'><em>κατα-</em></span> 
     </span>
     <span class='ocr_line' id='line_1_57' title="bbox 830 1765 1493 1819; baseline -0.011 -11"><span class='ocrx_word' id='word_1_283' title='bbox 830 1770 1076 1819; x_wconf 81' lang='grc' dir='ltr'><em>κοιμᾶσθαι,</em></span> <span class='ocrx_word' id='word_1_284' title='bbox 1102 1768 1184 1813; x_wconf 84' lang='lat' dir='ltr'>alia,</span> <span class='ocrx_word' id='word_1_285' title='bbox 1205 1765 1493 1804; x_wconf 84' lang='lat' dir='ltr'>Tertullianum-</span> 
     </span>
     <span class='ocr_line' id='line_1_58' title="bbox 829 1821 1491 1875; baseline -0.009 -12"><span class='ocrx_word' id='word_1_286' title='bbox 829 1839 902 1875; x_wconf 90' lang='lat' dir='ltr'>que</span> <span class='ocrx_word' id='word_1_287' title='bbox 941 1825 1076 1863; x_wconf 85' lang='lat' dir='ltr'>excitat</span> <span class='ocrx_word' id='word_1_288' title='bbox 1116 1824 1176 1861; x_wconf 93' lang='lat' dir='ltr'>De</span> <span class='ocrx_word' id='word_1_289' title='bbox 1213 1823 1324 1860; x_wconf 83' lang='lat' dir='ltr'>anim.</span> <span class='ocrx_word' id='word_1_290' title='bbox 1360 1822 1414 1863; x_wconf 88' lang='grc'>57</span> <span class='ocrx_word' id='word_1_291' title='bbox 1443 1821 1491 1857; x_wconf 82' lang='lat' dir='ltr'>ad</span> 
     </span>
     <span class='ocr_line' id='line_1_59' title="bbox 829 1878 1489 1919; baseline -0.009 0"><span class='ocrx_word' id='word_1_292' title='bbox 829 1883 920 1919; x_wconf 86' lang='lat' dir='ltr'>haec</span> <span class='ocrx_word' id='word_1_293' title='bbox 966 1881 1204 1918; x_wconf 83' lang='lat' dir='ltr'>alludentem.</span> <span class='ocrx_word' id='word_1_294' title='bbox 1285 1878 1321 1916; x_wconf 85' lang='lat' dir='ltr'>T</span> <span class='ocrx_word' id='word_1_295' title='bbox 1324 1892 1347 1914; x_wconf 92' lang='lat' dir='ltr'>u</span> <span class='ocrx_word' id='word_1_296' title='bbox 1392 1878 1489 1915; x_wconf 90' lang='lat' dir='ltr'>conf.</span> 
     </span>
     <span class='ocr_line' id='line_1_60' title="bbox 828 1934 1488 1984; baseline -0.008 -8.937"><span class='ocrx_word' id='word_1_297' title='bbox 828 1938 903 1976; x_wconf 81' lang='lat' dir='ltr'>&#39;ssz</span> <span class='ocrx_word' id='word_1_298' title='bbox 907 1938 1046 1975; x_wconf 88' lang='lat' dir='ltr'>chucke</span> <span class='ocrx_word' id='word_1_299' title='bbox 1065 1938 1113 1974; x_wconf 81' lang='lat' dir='ltr'>ad</span> <span class='ocrx_word' id='word_1_300' title='bbox 1130 1936 1220 1973; x_wconf 89' lang='lat' dir='ltr'>Mel.</span> <span class='ocrx_word' id='word_1_301' title='bbox 1241 1934 1269 1982; x_wconf 83' lang='lat' dir='ltr'>I,</span> <span class='ocrx_word' id='word_1_302' title='bbox 1293 1936 1332 1981; x_wconf 88' lang='grc'>8,</span> <span class='ocrx_word' id='word_1_303' title='bbox 1353 1936 1378 1974; x_wconf 91' lang='grc'>8</span> <span class='ocrx_word' id='word_1_304' title='bbox 1399 1947 1488 1984; x_wconf 82' lang='lat' dir='ltr'>pag.</span> 
     </span>
     <span class='ocr_line' id='line_1_61' title="bbox 827 1989 1490 2042; baseline -0.009 -10"><span class='ocrx_word' id='word_1_305' title='bbox 827 1996 910 2035; x_wconf 80' lang='grc'>233</span> <span class='ocrx_word' id='word_1_306' title='bbox 937 2007 1015 2042; x_wconf 91' lang='lat' dir='ltr'>seq.</span> <span class='ocrx_word' id='word_1_307' title='bbox 1048 1998 1145 2030; x_wconf 87' lang='lat' dir='ltr'>nott.</span> <span class='ocrx_word' id='word_1_308' title='bbox 1174 2004 1305 2039; x_wconf 83' lang='lat' dir='ltr'>exegg.</span> <span class='ocrx_word' id='word_1_309' title='bbox 1340 1990 1420 2027; x_wconf 90' lang='lat' dir='ltr'>Vol.</span> <span class='ocrx_word' id='word_1_310' title='bbox 1439 1989 1490 2027; x_wconf 82' lang='grc' dir='ltr'>ΙΙΙ</span> 
     </span>
     <span class='ocr_line' id='line_1_62' title="bbox 827 2020 1489 2099; baseline -0.006 -12"><span class='ocrx_word' id='word_1_311' title='bbox 827 2051 869 2087; x_wconf 89' lang='grc' dir='ltr'>Ρ.</span> <span class='ocrx_word' id='word_1_312' title='bbox 891 2050 905 2087; x_wconf 90' lang='grc' dir='ltr'>Ι</span> <span class='ocrx_word' id='word_1_313' title='bbox 925 2054 961 2087; x_wconf 90' lang='lat' dir='ltr'>et</span> <span class='ocrx_word' id='word_1_314' title='bbox 980 2062 1066 2099; x_wconf 79' lang='lat' dir='ltr'><strong>pag.</strong></span> <span class='ocrx_word' id='word_1_315' title='bbox 1087 2051 1182 2095; x_wconf 77' lang='grc'><em>236,</em></span> <span class='ocrx_word' id='word_1_316' title='bbox 1203 2048 1266 2084; x_wconf 92' lang='lat' dir='ltr'>ubi</span> <span class='ocrx_word' id='word_1_317' title='bbox 1270 2020 1378 2084; x_wconf 64' lang='lat' dir='ltr'>0aliae</span> <span class='ocrx_word' id='word_1_318' title='bbox 1401 2046 1489 2083; x_wconf 81' lang='lat' dir='ltr'>alia-</span> 
     </span>
     <span class='ocr_line' id='line_1_63' title="bbox 826 2103 1488 2155; baseline -0.006 -12"><span class='ocrx_word' id='word_1_319' title='bbox 826 2119 903 2143; x_wconf 77' lang='lat' dir='ltr'>rum</span> <span class='ocrx_word' id='word_1_320' title='bbox 923 2107 1086 2155; x_wconf 85' lang='lat' dir='ltr'>gentium</span> <span class='ocrx_word' id='word_1_321' title='bbox 1103 2103 1488 2142; x_wconf 84' lang='lat' dir='ltr'>incubationesistius-</span> 
     </span>
     <span class='ocr_line' id='line_1_64' title="bbox 825 2136 1487 2209; baseline -0.006 -10"><span class='ocrx_word' id='word_1_322' title='bbox 825 2136 946 2199; x_wconf 66' lang='lat' dir='ltr'>modiD</span> <span class='ocrx_word' id='word_1_323' title='bbox 952 2161 1158 2198; x_wconf 73' lang='lat' dir='ltr'>laudantur.</span> <span class='ocrx_word' id='word_1_324' title='bbox 1210 2161 1253 2198; x_wconf 92' lang='lat' dir='ltr'>In</span> <span class='ocrx_word' id='word_1_325' title='bbox 1273 2172 1376 2209; x_wconf 89' lang='lat' dir='ltr'>seqq.</span> <span class='ocrx_word' id='word_1_326' title='bbox 1398 2159 1487 2196; x_wconf 89' lang='lat' dir='ltr'>reti-</span> 
     </span>
     <span class='ocr_line' id='line_1_65' title="bbox 825 2212 1485 2271; baseline -0.003 -16"><span class='ocrx_word' id='word_1_327' title='bbox 825 2220 886 2255; x_wconf 92' lang='lat' dir='ltr'>nui</span> <span class='ocrx_word' id='word_1_328' title='bbox 915 2233 957 2257; x_wconf 94' lang='grc' dir='ltr'>το</span> <span class='ocrx_word' id='word_1_329' title='bbox 986 2213 1028 2257; x_wconf 86' lang='grc' dir='ltr'>δ’</span> <span class='ocrx_word' id='word_1_330' title='bbox 1057 2232 1110 2256; x_wconf 86' lang='grc' dir='ltr'><em>αν</em></span> <span class='ocrx_word' id='word_1_331' title='bbox 1143 2217 1208 2271; x_wconf 78' lang='grc' dir='ltr'>ἴδῃ</span> <span class='ocrx_word' id='word_1_332' title='bbox 1236 2216 1279 2256; x_wconf 81' lang='grc' dir='ltr'><em>ἒν</em></span> <span class='ocrx_word' id='word_1_333' title='bbox 1305 2218 1355 2269; x_wconf 90' lang='grc' dir='ltr'>τῇ</span> <span class='ocrx_word' id='word_1_334' title='bbox 1377 2212 1485 2263; x_wconf 66' lang='grc' dir='ltr'><em>ὕψει,</em></span> 
     </span>
     <span class='ocr_line' id='line_1_66' title="bbox 825 2270 1485 2326; baseline -0.008 -14"><span class='ocrx_word' id='word_1_335' title='bbox 825 2277 887 2312; x_wconf 88' lang='lat' dir='ltr'>ubi</span> <span class='ocrx_word' id='word_1_336' title='bbox 907 2275 991 2312; x_wconf 92' lang='lat' dir='ltr'>olim</span> <span class='ocrx_word' id='word_1_337' title='bbox 1015 2273 1140 2314; x_wconf 81' lang='grc' dir='ltr'><em>ἴδοιεν</em></span> <span class='ocrx_word' id='word_1_338' title='bbox 1161 2276 1211 2326; x_wconf 85' lang='grc' dir='ltr'>τῇ</span> <span class='ocrx_word' id='word_1_339' title='bbox 1229 2270 1338 2322; x_wconf 76' lang='grc' dir='ltr'><em>ὄψει.</em></span> <span class='ocrx_word' id='word_1_340' title='bbox 1386 2271 1485 2309; x_wconf 83' lang='lat' dir='ltr'>Atti-</span> 
     </span>
     <span class='ocr_line' id='line_1_67' title="bbox 824 2328 1484 2381; baseline -0.006 -12"><span class='ocrx_word' id='word_1_341' title='bbox 824 2333 880 2381; x_wconf 81' lang='lat' dir='ltr'>git</span> <span class='ocrx_word' id='word_1_342' title='bbox 898 2331 1069 2369; x_wconf 88' lang='lat' dir='ltr'>Eustath.</span> <span class='ocrx_word' id='word_1_343' title='bbox 1100 2332 1147 2368; x_wconf 79' lang='lat' dir='ltr'>ad</span> <span class='ocrx_word' id='word_1_344' title='bbox 1167 2330 1321 2379; x_wconf 77' lang='lat' dir='ltr'>Diony-s</span> <span class='ocrx_word' id='word_1_345' title='bbox 1340 2328 1484 2378; x_wconf 79' lang='lat' dir='ltr'>Perieg.</span> 
     </span>
     <span class='ocr_line' id='line_1_68' title="bbox 823 2389 992 2429; baseline -0.012 -3"><span class='ocrx_word' id='word_1_346' title='bbox 823 2403 876 2426; x_wconf 82' lang='lat' dir='ltr'>vs.</span> <span class='ocrx_word' id='word_1_347' title='bbox 899 2389 992 2429; x_wconf 82' lang='lat'><strong>209.</strong></span> 
     </span>
    </p>

    <p class='ocr_par' dir='ltr' id='par_1_21' title="bbox 823 2439 1484 2877">
     <span class='ocr_line' id='line_1_69' title="bbox 881 2439 1484 2498; baseline -0.008 -15"><span class='ocrx_word' id='word_1_348' title='bbox 881 2439 1010 2498; x_wconf 77' lang='grc' dir='ltr'><em>τούτῳ</em></span> <span class='ocrx_word' id='word_1_349' title='bbox 1037 2443 1188 2495; x_wconf 74' lang='grc' dir='ltr'><em>χρᾶται]</em></span> <span class='ocrx_word' id='word_1_350' title='bbox 1249 2443 1388 2493; x_wconf 75' lang='grc' dir='ltr'><em>χρᾶται</em></span> <span class='ocrx_word' id='word_1_351' title='bbox 1417 2453 1484 2491; x_wconf 90' lang='lat' dir='ltr'>pro</span> 
     </span>
     <span class='ocr_line' id='line_1_70' title="bbox 825 2498 1482 2553; baseline -0.011 -13"><span class='ocrx_word' id='word_1_352' title='bbox 825 2503 997 2553; x_wconf 76' lang='grc' dir='ltr'><em>χρῶνται</em></span> <span class='ocrx_word' id='word_1_353' title='bbox 1016 2514 1094 2537; x_wconf 91' lang='lat' dir='ltr'>cum</span> <span class='ocrx_word' id='word_1_354' title='bbox 1105 2499 1308 2548; x_wconf 80' lang='lat' dir='ltr'>Schweigh.</span> <span class='ocrx_word' id='word_1_355' title='bbox 1320 2502 1356 2536; x_wconf 84' lang='lat' dir='ltr'>et</span> <span class='ocrx_word' id='word_1_356' title='bbox 1366 2498 1482 2534; x_wconf 84' lang='lat' dir='ltr'>Gaisf.</span> 
     </span>
     <span class='ocr_line' id='line_1_71' title="bbox 825 2557 1483 2595; baseline -0.008 0"><span class='ocrx_word' id='word_1_357' title='bbox 825 2559 913 2595; x_wconf 91' lang='lat' dir='ltr'>dedi</span> <span class='ocrx_word' id='word_1_358' title='bbox 932 2571 952 2595; x_wconf 93' lang='lat' dir='ltr'>e</span> <span class='ocrx_word' id='word_1_359' title='bbox 966 2557 1140 2594; x_wconf 89' lang='lat' dir='ltr'>librorum</span> <span class='ocrx_word' id='word_1_360' title='bbox 1151 2561 1378 2594; x_wconf 86' lang='lat' dir='ltr'>vetustorum</span> <span class='ocrx_word' id='word_1_361' title='bbox 1396 2567 1483 2591; x_wconf 90' lang='lat' dir='ltr'>con-</span> 
     </span>
     <span class='ocr_line' id='line_1_72' title="bbox 826 2611 1484 2662; baseline -0.008 -11"><span class='ocrx_word' id='word_1_362' title='bbox 826 2628 947 2651; x_wconf 84' lang='lat' dir='ltr'>sensu.</span> <span class='ocrx_word' id='word_1_363' title='bbox 985 2612 1118 2662; x_wconf 89' lang='lat' dir='ltr'>Neque</span> <span class='ocrx_word' id='word_1_364' title='bbox 1140 2613 1236 2650; x_wconf 88' lang='lat' dir='ltr'>enim</span> <span class='ocrx_word' id='word_1_365' title='bbox 1255 2611 1413 2648; x_wconf 89' lang='lat' dir='ltr'>insolens</span> <span class='ocrx_word' id='word_1_366' title='bbox 1431 2611 1484 2646; x_wconf 87' lang='lat' dir='ltr'>vi-</span> 
     </span>
     <span class='ocr_line' id='line_1_73' title="bbox 826 2667 1483 2708; baseline -0.009 0"><span class='ocrx_word' id='word_1_367' title='bbox 826 2672 906 2708; x_wconf 86' lang='lat' dir='ltr'>deri</span> <span class='ocrx_word' id='word_1_368' title='bbox 937 2671 1049 2707; x_wconf 90' lang='lat' dir='ltr'>debet</span> <span class='ocrx_word' id='word_1_369' title='bbox 1077 2668 1284 2706; x_wconf 84' lang='lat' dir='ltr'>istiusmodi</span> <span class='ocrx_word' id='word_1_370' title='bbox 1311 2667 1483 2704; x_wconf 86' lang='lat' dir='ltr'>transitus</span> 
     </span>
     <span class='ocr_line' id='line_1_74' title="bbox 825 2723 1483 2777; baseline -0.008 -13"><span class='ocrx_word' id='word_1_371' title='bbox 825 2740 845 2764; x_wconf 93' lang='lat' dir='ltr'>e</span> <span class='ocrx_word' id='word_1_372' title='bbox 863 2726 992 2777; x_wconf 81' lang='lat' dir='ltr'>plurali</span> <span class='ocrx_word' id='word_1_373' title='bbox 1009 2739 1160 2763; x_wconf 90' lang='lat' dir='ltr'>numero</span> <span class='ocrx_word' id='word_1_374' title='bbox 1186 2725 1223 2761; x_wconf 88' lang='lat' dir='ltr'>in</span> <span class='ocrx_word' id='word_1_375' title='bbox 1250 2723 1483 2773; x_wconf 84' lang='lat' dir='ltr'>singularem.</span> 
     </span>
     <span class='ocr_line' id='line_1_75' title="bbox 824 2779 1482 2834; baseline -0.009 -14"><span class='ocrx_word' id='word_1_376' title='bbox 824 2784 922 2821; x_wconf 89' lang='lat' dir='ltr'>Hinc</span> <span class='ocrx_word' id='word_1_377' title='bbox 945 2796 1093 2832; x_wconf 91' lang='lat' dir='ltr'>quoque</span> <span class='ocrx_word' id='word_1_378' title='bbox 1124 2782 1191 2834; x_wconf 82' lang='grc' dir='ltr'>ἴδῃ</span> <span class='ocrx_word' id='word_1_379' title='bbox 1225 2782 1262 2817; x_wconf 90' lang='lat' dir='ltr'>in</span> <span class='ocrx_word' id='word_1_380' title='bbox 1293 2779 1482 2829; x_wconf 78' lang='lat' dir='ltr'>singulari,</span> 
     </span>
     <span class='ocr_line' id='line_1_76' title="bbox 823 2837 1480 2877; baseline -0.008 -1"><span class='ocrx_word' id='word_1_381' title='bbox 823 2840 886 2876; x_wconf 89' lang='lat' dir='ltr'>ubi</span> <span class='ocrx_word' id='word_1_382' title='bbox 914 2840 1069 2877; x_wconf 87' lang='lat' dir='ltr'>subiecti</span> <span class='ocrx_word' id='word_1_383' title='bbox 1092 2838 1335 2875; x_wconf 84' lang='lat' dir='ltr'>nominativus</span> <span class='ocrx_word' id='word_1_384' title='bbox 1364 2837 1480 2873; x_wconf 86' lang='lat' dir='ltr'>deest.</span> 
     </span>
    </p>
   </div>
   <div class='ocr_carea' id='block_1_19' title="bbox 825 2896 1045 2944">
    <p class='ocr_par' dir='ltr' id='par_1_22' title="bbox 825 2896 1045 2944">
     <span class='ocr_line' id='line_1_77' title="bbox 825 2896 1045 2944; baseline 0 -11"><span class='ocrx_word' id='word_1_385' title='bbox 825 2896 883 2933; x_wconf 86' lang='lat' dir='ltr'>cf.</span> <span class='ocrx_word' id='word_1_386' title='bbox 902 2896 931 2944; x_wconf 76' lang='grc' dir='ltr'>ι,</span> <span class='ocrx_word' id='word_1_387' title='bbox 954 2899 1045 2937; x_wconf 80' lang='lat'><strong>132.</strong></span> 
     </span>
    </p>
   </div>
  </div>
 </body>
</html>
