1904 3304
480 267 1047 308 MELPOMENE.
1107 270 1166 308 lv.
1375 273 1456 312 371

1535 379 1634 407 Asiam
1646 401 1654 415 ‚
1680 381 1776 408 Euro-

1534 421 1620 449 pam,
1641 416 1777 454 *nomina

1533 456 1600 473 esse
1641 454 1777 476 lacertae

1533 482 1669 516 originis.

186 378 246 428 (οἱ
275 376 321 419 δὲ
355 375 522 418 Τάναϊν
550 376 749 432 ποταμόν
777 378 854 422 τὸν
882 379 1091 438 Μαιήτην
1119 379 1192 424 καὶ
1222 378 1461 436 Πορθμήϊα

185 447 238 491 τοὶ
270 447 488 503 Κιμμέρια
518 446 738 504 λέγουσι’)
783 447 888 494 οὐδὲ
924 455 1014 495 τῶν
1053 451 1376 507 διουρισάντων
1405 451 1457 495 τοὶ

186 518 407 575 οὐνόματα
426 520 675 572 πυθέσθαι,
715 521 788 564 καὶ
809 520 914 565 ὅθεν
936 522 1088 566 ἔθεντο
1106 523 1181 574 τοὶς
1202 523 1462 578 ἐπωνυμίας.

156 590 214 647 3ἡ
247 591 299 647 δή
329 590 412 646 γάρ
444 591 588 647 Λιβύη
624 592 703 648 μὲν
740 591 811 635 ἐπὶ
841 593 1009 651 Λιβύης
1047 595 1214 651 λέγεται
1254 594 1342 639 ὑπὸ
1373 598 1461 638 τῶν
1474 602 1518 635 55

126 780 170 805 ex
191 779 263 815 qua
281 765 391 803 Nilus
410 768 604 813 utramque
624 764 793 801 dirimere

126 823 326 873 putabatur
367 822 465 859 orbis
497 826 674 858 terrarum
707 834 792 870 par-

125 882 222 925 tem,
252 880 355 928 sequi
381 879 556 915 videatur.
597 877 694 914 Hinc
719 878 792 913 sre-

125 941 282 985 quenter
302 936 470 986 componi
484 938 608 971 monet
619 933 786 972 Volcker.

125 992 244 1040 Myth.
274 992 414 1041 Geogr.
447 991 460 1027 Ι
483 1003 569 1040 pag.
595 990 685 1030 152.
709 991 787 1029 153

123 1049 334 1098 Aegyptum
351 1054 464 1096 atque
478 1047 631 1083 Pontum
652 1052 787 1083 terras-

123 1118 195 1155 que
218 1105 337 1142 Ponto
361 1106 584 1149 adiacentes,
612 1109 786 1151 tanquam

122 1162 298 1200 terminos
310 1166 429 1199 terrae
442 1160 587 1197 ultimos
598 1160 786 1197 meridiem

123 1231 165 1256 ac
185 1219 475 1269 septentrionem
490 1230 627 1254 versus.
658 1216 711 1253 Ac
724 1217 789 1254 ‹le-

124 1277 235 1323 nique
254 1275 389 1312 Phasin
408 1275 639 1311 Herodotum
669 1274 787 1322 ipsum

123 1332 252 1369 visisse
272 1332 462 1368 statuimus
481 1331 527 1367 ob
541 1331 584 1375 ll,
607 1332 685 1370 104
705 1330 788 1375 (ubi

122 1389 196 1425 vid.
215 1389 344 1435 nott).
366 1387 444 1424 coll.
460 1387 503 1432 ll,
528 1389 618 1428 105.
642 1387 702 1433 lv,
723 1388 789 1427 86.

124 1445 244 1488 Quem
282 1449 405 1481 tamen
434 1444 585 1481 ulterius
616 1456 789 1493 progres-

123 1514 202 1538 sum
223 1513 303 1538 esse
320 1513 508 1548 negamus.
542 1500 600 1536 De
619 1500 700 1549 ipso
719 1501 788 1535 ssu-

121 1558 179 1593 vio
196 1557 317 1593 omnia
327 1558 404 1593 sere
413 1556 559 1604 collegit
569 1556 788 1593 Tzschucke

121 1614 169 1650 ad
194 1612 279 1651 Mel.
311 1612 346 1659 1,
379 1615 443 1653 19.
471 1625 557 1662 pag.
575 1611 658 1652 614
679 1624 785 1661 seqq.

121 1674 214 1706 nott.
229 1682 359 1718 exegg.
384 1669 485 1716 (Vol.
500 1669 549 1706 111
561 1668 600 1705 P.
614 1669 661 1715 Ι),
681 1669 727 1705 de
740 1681 784 1706 eo

120 1738 268 1776 quoque
297 1727 508 1776 disputans,
540 1726 640 1775 quod
662 1725 785 1762 termi-

119 1796 205 1820 num
226 1783 336 1820 Asiae
365 1787 402 1820 et
422 1783 593 1833 Europae
618 1782 702 1819 olim
723 1795 785 1820 ve-

119 1845 216 1877 teres
240 1841 435 1877 statuerint
456 1840 590 1877 Phasin
611 1852 690 1877 eam
709 1839 783 1875 for-

120 1901 222 1935 tasse
241 1897 288 1933 ob
313 1909 458 1934 causam
471 1925 482 1943 ‚
513 1897 613 1946 quod
632 1896 784 1945 naviga-

118 1954 227 1989 tionis
246 1954 438 1990 terminum
455 1953 539 1990 olim
558 1954 715 1991 eundem
734 1952 784 1990 illi

118 2010 308 2059 posuerint
329 2023 484 2047 amnem.
516 2010 574 2047 De
599 2023 672 2059 quo
688 2023 783 2047 nunc

119 2065 284 2117 pluribus
305 2066 507 2116 disquirere
530 2079 604 2103 nou
621 2070 738 2104 vacat.

179 2121 222 2161 οἷ
241 2120 284 2161 δὲ
303 2117 451 2161 Τάναϊν
473 2119 665 2173 ποταμὸν]
688 2122 783 2159 Cum

119 2178 225 2216 huius
258 2180 462 2217 sententiae
490 2180 609 2217 obiter
640 2183 783 2216 tantum

117 2234 257 2274 Noster
290 2236 401 2273 faciat
430 2237 674 2282 mentionem,
716 2249 784 2273 nec

119 2291 253 2330 multos
264 2293 330 2330 sed
339 2292 478 2342 aliquos
490 2297 633 2330 tantum
652 2292 714 2340 (οἱ
723 2289 781 2340 δὲ)

121 2361 202 2387 eam
227 2350 333 2399 sequi
351 2350 506 2398 scribat,
537 2349 636 2386 haud
659 2351 784 2386 imme-

120 2406 192 2443 rito
210 2406 299 2444 inde
323 2406 485 2455 colligas,
514 2407 613 2456 quod
633 2406 783 2443 aliorum

122 2473 270 2511 quoque
314 2463 529 2512 scriptorum
573 2463 784 2500 testimonia

123 2519 272 2566 docent,
292 2518 442 2557 alteram
458 2521 688 2566 sententiam,
712 2521 784 2569 qua

124 2574 260 2612 Phasin
279 2588 346 2624 pro
369 2577 478 2614 Asiae
498 2578 651 2614 termino
671 2577 784 2614 habe-

123 2636 230 2678 rent,
269 2631 449 2669 Herodoti
478 2639 601 2671 aetate
628 2646 781 2684 praeva-

124 2687 245 2724 luisse.
276 2687 334 2724 Cf.
357 2688 511 2738 Breiger
531 2690 552 2727 l.
571 2690 591 2726 l.
608 2702 695 2740 pag.
717 2692 783 2730 72.

124 2743 253 2793 Heyse
286 2744 306 2781 l.
341 2743 362 2781 l.
385 2759 420 2795 p.
445 2747 524 2787 104
541 2747 662 2796 ibique
682 2747 783 2796 Aga-

125 2800 276 2838 themer.
305 2800 340 2847 Ι,
373 2804 395 2842 1
424 2805 620 2840 testantem
642 2807 783 2841 veteres

126 2855 238 2894 Asiae
266 2862 376 2907 atque
396 2857 567 2909 Europae
591 2861 784 2897 terminum

124 2915 291 2964 posuisse
333 2910 465 2954 Φάσιν
500 2913 677 2967 ποταμὸν
715 2915 784 2956 καὶ

850 762 915 804 τὸν
936 763 1008 811 ἕως
1032 765 1221 813 Κασπίας
1240 761 1416 816 ἰσθμόν;
1453 779 1512 803 re-

849 822 1029 859 centiores
1058 823 1222 860 Maeotin
1267 823 1437 872 paludem
1478 828 1513 860 et

848 878 994 915 Tanain
1007 880 1165 916 fluvium.
1196 879 1249 916 Ac
1263 878 1410 915 Tanain
1422 880 1514 928 Scy-

847 934 905 971 lax
925 947 1074 983 quoque
1091 934 1202 973 Asiae
1221 941 1330 985 atque
1345 936 1512 985 Europae

845 993 1038 1028 terminum
1072 993 1286 1039 constituit,
1323 991 1358 1042 ᾗ.
1390 994 1443 1033 69
1475 1005 1512 1042 p.

846 1050 911 1088 30.
951 1048 1072 1085 Huds.
1103 1062 1138 1099 p.
1169 1049 1252 1090 284
1288 1049 1384 1086 Gail.
1432 1047 1513 1085 Nec

846 1104 952 1141 aliam
984 1104 1128 1153 Polybii
1148 1134 1158 1152 ,
1215 1106 1364 1154 Scymni
1416 1105 1512 1152 Chii,

845 1161 1022 1198 iuniorum
1048 1162 1221 1212 deinceps
1241 1163 1351 1200 fuisse
1362 1166 1512 1199 senten-

846 1219 935 1255 tiam
974 1219 1113 1255 monuit
1142 1219 1322 1256 Dodwell.
1355 1219 1511 1256 Dissert.

849 1276 896 1311 de
917 1274 1055 1322 Scylac.
1077 1273 1112 1325 ἓ.
1130 1277 1191 1316 18.
1224 1276 1272 1312 Et
1290 1276 1385 1312 conf.
1408 1276 1513 1312 deni-

848 1343 920 1380 que
945 1332 1079 1369 Ritter.
1109 1331 1281 1369 Vorhalle
1318 1345 1403 1382 pag.
1429 1333 1510 1373 319

849 1400 953 1436 seqq.
997 1388 1215 1425 'l'zschucke
1253 1389 1301 1425 ad
1330 1388 1511 1438 Pompon.

848 1443 936 1481 Mel.
957 1444 994 1490 Ι,
1028 1446 1105 1484 136
1129 1450 1221 1481 nott.
1236 1457 1366 1494 exegg.
1387 1458 1422 1495 p.
1444 1444 1511 1485 51.

902 1497 969 1539 τὸν
990 1495 1204 1550 Μαιήτην]
1228 1499 1296 1539 καὶ
1322 1503 1510 1539 Μαιῶτιν

844 1556 992 1594 exhibet
1023 1557 1222 1607 Procopius
1240 1558 1284 1594 B.
1308 1558 1356 1594 G.
1380 1557 1452 1603 lV,
1483 1560 1509 1598 6

842 1613 1060 1651 Herodotea
1090 1613 1300 1650 exscribens
1325 1617 1364 1651 et
1383 1613 1511 1650 Maeo-

843 1673 950 1706 te'cam
989 1669 1159 1720 paludem
1197 1669 1402 1719 intelligens
1436 1683 1510 1707 non

842 1726 947 1764 aliter
967 1739 1009 1763 ac
1026 1725 1133 1763 Valla
1149 1732 1261 1776 atque
1276 1725 1507 1775 Agathemer.

841 1783 864 1820 l.
883 1783 969 1819 l.-——
990 1783 1078 1831 ‚,At‚
1102 1796 1212 1832 quum
1233 1784 1268 1820 in
1289 1781 1359 1823 τὸν
1372 1779 1510 1835 Μαιή-

841 1854 914 1890 την
938 1841 1171 1877 consentiant
1188 1840 1280 1888 libri,
1312 1840 1400 1877 nihil
1424 1853 1511 1891 pro-

842 1898 940 1935 fecto
964 1896 1138 1947 impedit,
1170 1910 1243 1946 quo
1262 1898 1379 1934 minus
1402 1897 1509 1935 intel-

841 1954 995 2003 ligamus
1022 1952 1242 1991 Maeotz'cum
1264 1955 1421 2005 fluvium
1451 1954 1509 1992 hic

840 2011 910 2048 dici
930 2010 1094 2057 Tanaim,
1115 2011 1157 2058 (i.
1179 2023 1209 2048 e.
1227 2012 1289 2060 qui
1299 2025 1366 2062 per
1378 2011 1507 2048 Maeo-

839 2072 958 2104 tarum
981 2067 1071 2105 fines
1094 2066 1294 2119 decurrit),
1326 2068 1507 2117 quemad-

840 2123 988 2160 modum
1030 2125 1176 2170 Νεῖλος
1218 2122 1242 2162 ό
1281 2120 1507 2176 Αἰγύπτιος

840 2180 1072 2224 nominatur,
1110 2184 1149 2217 et
1185 2181 1312 2226 Φᾶσις
1353 2179 1373 2220 ὁ
1401 2176 1505 2219 Κόλ-

840 2237 947 2287 χος.“
1008 2236 1210 2285 Schwez‘gh.
1281 2238 1340 2275 Cf.
1395 2250 1506 2289 supra

840 2297 933 2331 nott.
954 2293 1013 2330 ad.
1033 2294 1106 2341 IV,
1137 2295 1175 2333 ὃ.

897 2348 965 2388 καὶ
981 2345 1207 2402 Πορθμήϊα
1228 2346 1275 2388 to?
1290 2348 1506 2401 Κιμμέρια]

841 2406 953 2443 conf.
972 2411 1064 2443 nott.
1084 2407 1131 2443 ad
1146 2406 1210 2453 IV,
1231 2408 1293 2446 12.
1324 2406 1412 2443 Mox
1426 2421 1504 2444 cum

842 2463 958 2500 Gaisf.
990 2464 1133 2514 recepi,
1167 2464 1268 2512 quod
1298 2464 1504 2513 Schweigh.

841 2524 1056 2570 reposuerat
1075 2518 1104 2570 ἦ
1124 2516 1174 2570 δή
1193 2517 1269 2572 γοῖρ
1281 2516 1421 2571 Λιβύη
1436 2534 1504 2571 pro

841 2573 920 2627 ἤδη
946 2573 1020 2628 γαρ
1041 2572 1178 2628 Λιβύη
1209 2575 1292 2626 μέν.
1334 2577 1375 2614 In
1402 2577 1503 2615 Mat-

841 2633 938 2671 thiae
968 2634 1130 2671 editione
1160 2638 1280 2671 exstat
1308 2629 1388 2684 ἤδη
1415 2629 1505 2686 γάρ.

841 2688 900 2727 Ad
945 2691 1056 2728 verba
1093 2688 1158 2729 ἐπὶ
1205 2686 1364 2741 Λιβύης
1405 2692 1503 2728 conf.

840 2746 973 2784 Matth.
1003 2745 1039 2798 ᾗ.
1060 2747 1166 2794 584,
1197 2763 1233 2785 α.
1266 2761 1293 2786 ε.
1321 2761 1356 2798 p.
1384 2749 1503 2789 1162·

841 2803 899 2840 Ad
929 2802 1070 2852 Libyae
1101 2816 1235 2841 nomen
1263 2805 1358 2842 conf.
1395 2805 1503 2841 etiam

842 2873 936 2909 quae
954 2861 1104 2898 Servius
1131 2861 1272 2911 profert
1298 2861 1346 2898 ad
1375 2860 1502 2909 Virgil.

842 2917 934 2954 Aen.
964 2916 1002 2965 Ι,
1032 2919 1099 2957 21.

1141 2969 1196 3014 24
1213 2969 1231 2986 *
