1904 3304
464 217 1151 258 MELPOMENE.1V.
1351 220 1435 261 495

179 334 258 375 τοῦ
291 327 522 384 ἐμφανέος,
561 327 628 370 ὅτι
669 325 722 382 δή
764 338 842 383 σφι
881 322 1005 370 οὗτοί
1039 342 1087 382 γε
1126 324 1345 382 σύμμαχοι
1376 327 1431 371 οὐ

562 397 808 449 ὑπεξιόντες
844 397 911 448 δὲ,
954 396 1027 440 καὶ
1055 395 1430 451 ὑπεξελαύνοντες,

176 473 228 514 τὰ
257 469 446 525 φρέατα,
485 466 537 511 τά
577 471 817 523 παρεξίοιεν
858 467 1005 520 αὐτοὶ,

179 544 390 595 συγχοῦν,
421 539 501 595 τὴν
524 542 656 596 ποίην
688 557 731 583 τε
762 541 808 583 ἐκ
836 544 911 595 τῆς
938 543 1018 594 γῆς
1040 538 1274 594 ἐκτρίβειν,
1310 542 1434 596 διχοῦ

627 612 701 654 καὶ
731 609 840 664 πρὸς
871 610 950 666 μὲν
978 610 1059 668 τὴν
1088 614 1194 666 μίαν
1223 615 1312 654 τῶν
1342 615 1489 666 μοι-41

177 400 487 455 προσεγίνοντο
503 413 513 424 ·

150 618 173 651 2
185 611 318 666 σφέας
349 610 570 661 διελόντες.

1488 396 1510 419 t
1503 402 1535 419 ι

1048 468 1122 511 καὶ
1158 467 1234 520 τοὶς
1269 469 1432 525 κρήνας

1490 534 1542 552 lac

176 681 310 734 ρέων,
348 686 424 737 τῆς
453 682 671 737 ἐβασίλευε
701 682 958 731 Σκώπασις,
998 682 1290 736 προσχωρέειν
1319 686 1436 726 Σαυ-

177 751 367 808 ρομάτας
380 767 389 778 ·

434 752 619 803 τούτους
658 753 736 807 μὲν
773 751 824 807 δὴ
862 750 1070 805 ὑπάγειν,

1119 751 1175 807 ἢν
1205 753 1273 795 ἐπὶ
1302 757 1434 796 τοῦτο

175 823 386 878 τράπηται
424 821 448 867 ὁ
488 822 675 879 Πέρσης,
723 822 800 865 ἰθύ
836 820 1053 872 Τανάϊδος
1087 827 1287 876 ποταμοῦ
1316 823 1432 878 παροέ
1446 827 1491 865 45

176 894 258 950 τήν
287 898 481 949 Μαιῆτιν
511 896 669 950 λίμνην
705 891 1062 949 ὑποφεύγοντας·

147 971 224 1007 3τε
264 968 345 1007 τοῦ
384 964 581 1018 Πέρσεω,
629 963 828 1014 ἐπιόντας
866 962 1049 1007 διωκειν.

1115 890 1436 945 άπελαύνοντός

1110 962 1218 1019 αὕτη
1237 964 1327 1045 'grew
1357 976 1436 1020 σφι

177 1036 254 1089 μία
283 1029 336 1090 ἦν
363 1039 497 1089 μοῖρα
525 1038 601 1090 τῆς
628 1037 872 1091 βασιληὶης,
903 1033 1134 1090 τεταγμένη
1164 1034 1328 1092 ταύτην
1356 1035 1435 1093 τήν

177 1105 283 1149 ὁδὸν
323 1108 431 1162 ᾑπερ
470 1107 645 1162 εἴρηται.

713 1124 789 1157 τας
830 1106 875 1149 δε
917 1104 997 1149 δύο
1046 1109 1131 1148 τῶν
1175 1110 1434 1164 βασιληίων,

175 1194 253 1233 την
283 1193 325 1219 τε
354 1175 563 1233 μεγάλην,
592 1181 665 1233 τῆς
694 1179 796 1233 ἡρχε
821 1174 1124 1232 Ἰδάνθυρσος,
1155 1179 1226 1221 καὶ
1247 1178 1326 1235 τήν
1350 1180 1434 1233 τρί-
1446 1185 1492 1219 50

177 1265 256 1303 την
284 1252 357 1303 τῆς
387 1248 603 1303 ἐβασίλευε
638 1248 847 1299 Τάξακις,
879 1248 1178 1299 συνελθούσας
1209 1250 1250 1299 ές
1278 1247 1433 1301 τώυτό,

178 1319 250 1362 καὶ
299 1323 510 1362 Γελωνῶν
562 1335 605 1362 τε
660 1319 732 1361 καὶ
780 1321 1011 1362 Βουδίνων
1060 1320 1436 1375 προσγενομένων,

179 1389 342 1447 ἡμέρης
371 1390 443 1433 καὶ
471 1388 656 1440 τούτους
686 1388 775 1449 ὁδῷ
804 1391 1066 1446 προέχοντας
1095 1395 1184 1434 τῶν
1214 1389 1435 1446 Περσέων,

163 1548 387 1598 ’ὑπεξιόντες
408 1547 463 1596 δὲ,
479 1547 546 1589 καὶ
564 1545 775 1597 ὑπεξελαύ-

120 1607 280 1658 νοντες]
311 1609 332 1645 i.
364 1621 393 1645 e.
426 1607 612 1643 recedentes
637 1611 668 1644 et
687 1611 774 1643 retro

120 1669 264 1713 agentes
299 1665 485 1711 (armenta
514 1676 563 1700 sc.
596 1663 774 1712 aliamque

119 1734 197 1758 rem
228 1734 328 1758 suam
354 1717 594 1770 familiarem).
652 1719 774 1769 Atque

120 1777 189 1814 hoc
238 1776 316 1813 loco
359 1777 538 1824 monebo,
598 1774 775 1813 Nostrum

123 1833 270 1870 omnino
306 1835 514 1881 frequenter
561 1833 612 1868 uti
659 1833 776 1870 verbis

121 1903 201 1926 cum
227 1886 305 1927 v‘rco
329 1888 536 1939 compositis
555 1889 603 1925 ad
622 1888 660 1924 id
684 1889 779 1925 indi-

122 1946 274 1982 candum
288 1974 297 1991 ‚
327 1946 426 1994 quod
447 1943 501 1982 vel
522 1947 644 1981 sensim
666 1950 779 1982 tecte-

122 2014 195 2050 que
233 2002 296 2037 fiat
334 2000 389 2038 vel
428 2005 539 2049 retro,
583 2005 777 2037 retrorsum.

122 2058 183 2093 Sic
218 2054 386 2107 ’ὑπάγειν
425 2057 526 2103 (IV,
570 2058 658 2098 125-
700 2060 776 2098 121.

123 2113 202 2150 coll.
222 2113 380 2150 Bekker.
406 2112 566 2150 Anecdd.
591 2114 604 2149 l
626 2126 661 2162 p.
686 2114 778 2154 114.

125 2171 192 2215 31,
221 2170 281 2205 ubi
302 2183 320 2206 e
338 2175 466 2217 quarto
486 2169 669 2205 Herodoti
690 2169 779 2206 libro

124 2225 256 2262 citatur
302 2221 471 2276 ὑπάγειν
507 2238 573 2274 pro
614 2221 779 2275 πορεύε-

126 2281 250 2329 σθαι)
284 2282 440 2329 regredi,
473 2281 646 2329 recedere,
676 2280 779 2320 ’ὑπο-

125 2333 288 2388 φεύγειν
319 2338 410 2385 (IV,
447 2337 545 2385 124)
577 2340 700 2374 sensim
732 2342 779 2375 te-

127 2397 242 2442 ctoque
272 2393 452 2443 refugere,
498 2392 659 2433 ’ὑπιέναι
706 2395 780 2442 (re-

126 2449 267 2497 gredi),
313 2449 578 2501 ὑποστρέφειν
623 2452 778 2499 (reverti,

130 2510 168 2540 ut
200 2505 268 2552 lv,
312 2507 401 2547 124.
437 2509 527 2548 128.
562 2510 653 2547 129.
689 2508 779 2547 140.

131 2559 210 2605 ΥΠ,
240 2563 361 2608 211),
386 2559 668 2610 ύπεξελαύνειν
698 2563 778 2611 (lv,

134 2614 252 2666 130),
281 2614 532 2666 ὑπαντιάζειν
562 2620 640 2668 (lV,
669 2620 782 2667 121),

130 2669 369 2722 ’ὑπεκφέρειν
425 2676 642 2723 (15⁷‚125
692 2677 781 2725 ibiq.

131 2727 272 2773 nottw)
290 2726 562 2794 υπεκχωρέειν
592 2733 780 2780 (1X‚13.

134 2781 227 2833 14),
274 2781 555 2835 υπεξέρχεσθαι
592 2789 651 2837 (1,
693 2790 780 2836 73),

131 2836 332 2887 νπεξιέναι
380 2841 781 2894 (V11‚211.223).

831 1552 872 1588 In
899 1564 1003 1600 seqq.
1025 1553 1157 1589 retinui
1179 1552 1294 1601 διχου
1315 1565 1381 1602 pro
1404 1551 1490 1589 olim

830 1607 928 1656 vulg.
964 1608 1066 1658 διχῆ.
1113 1608 1184 1645 Pro
1212 1623 1314 1662 ῃπερ
1341 1608 1492 1659 εἰρηται

831 1664 978 1701 Struvio
1020 1664 1137 1716 placet
1173 1677 1351 1714 reponere
1386 1661 1490 1714 ’ἢπερ

834 1720 1005 1770 εἴρηται,
1040 1720 1062 1758 l.
1091 1720 1113 1757 l.
1144 1721 1271 1771 Ipag.
1305 1723 1369 1761 30.
1409 1735 1492 1759 των

834 1777 1052 1828 βασιληίων
1075 1777 1278 1827 Schwe1gh.
1312 1780 1491 1814 mutatum

832 1833 908 1869 vult
937 1834 974 1870 in
1005 1836 1084 1872 τῶν
1105 1831 1362 1884 βασιληϊέων,
1392 1833 1491 1871 libris

834 1890 967 1926 invitis.
1010 1890 1270 1939 Intelliguntur
1288 1895 1435 1938 autem,
1461 1890 1492 1927 si

833 1950 931 1983 recte
951 1946 1068 1992 video,
1098 1948 1202 1994 regii,
1232 1948 1292 1995 qui
1312 1947 1490 1993 dicuntur,

837 2001 1005 2051 Scythae.
1061 2002 1119 2039 Cf.
1150 2002 1222 2049 IV,
1252 2005 1289 2044 6.
1322 2024 1378 2030 -—
1432 2002 1491 2039 De

835 2057 1048 2108 Idantleyrsi
1085 2059 1231 2095 nomine
1265 2060 1358 2095 conf.
1395 2062 1491 2095 nott.

836 2115 883 2150 ad
901 2115 970 2161 lv,
1002 2117 1067 2155 76.
1090 2135 1146 2141 —-
1202 2114 1245 2150 In
1276 2127 1379 2163 seqq.
1416 2126 1498 2151 cum

835 2169 1025 2207 Matthiae.
1072 2174 1108 2207 et
1155 2184 1308 2208 censore
1353 2171 1497 2208 lenensi

835 2228 963 2274 (1827
992 2239 1046 2266 nr.
1070 2229 1149 2267 164
1176 2241 1211 2277 p.
1232 2225 1335 2274 374)
1364 2227 1498 2264 retinui

835 2282 1019 2330 vulgatam
1048 2283 1236 2320 lectionem
1265 2281 1332 2321 καὶ
1360 2285 1492 2321 Γελω-

837 2341 921 2378 νῶν
947 2353 986 2377 τε
1009 2338 1074 2378 καὶ
1098 2339 1305 2377 Βουδίνων
1329 2352 1493 2390 προσγε-

836 2393 1038 2445 νομένων,
1070 2408 1093 2432 a
1113 2396 1321 2432 Gaisfordio
1340 2397 1493 2433 duorum

836 2452 1006 2488 librorum
1027 2465 1069 2489 ex
1085 2453 1298 2490 auctoritate
1318 2457 1493 2489 mutatam

836 2508 872 2544 in
903 2507 1237 2559 προσγινομένων.
1293 2508 1391 2545 Nam
1426 2508 1494 2545 loci

835 2564 928 2600 ratio
963 2566 1198 2615 praeteritum
1235 2565 1404 2614 flagitare
1437 2565 1492 2602 vi-

837 2621 953 2657 detur.

892 2673 1041 2727 ήμέρης
1081 2674 1148 2714 καὶ
1196 2671 1362 2721 τούτους
1408 2671 1494 2727 ὁδῷ

836 2731 1075 2782 προέχοντας
1139 2734 1218 2770 τῶν
1279 2728 1491 2782 Περσέων]

838 2790 969 2836 „unius
1012 2789 1085 2826 <liei
1120 2791 1242 2826 itinere
1277 2790 1367 2824 inter
1402 2799 1436 2823 se
1463 2789 1496 2822 et

838 2844 968 2883 Persas
984 2847 1202 2883 interiecto&
1247 2845 1302 2883 Ita
1322 2842 1494 2892 Schwgh.

1488 334 1558 353 cons
1547 327 1688 355 ntitunnt:
1713 335 1764 355 eo-

1489 368 1554 386 rum
1573 365 1633 387 tres
1652 370 1685 387 cx
1689 363 1764 388 erci-

1541 398 1586 425 et
1606 401 1704 427 regesn,
1715 395 1764 429 qui

1504 427 1539 452 sil
1541 427 1635 476 lgufiq
1663 436 1748 467 μειε-

1617 462 1672 486 >co
1658 469 1726 503 opas
1725 461 1767 501 is,

1488 479 1559 518 idun
1545 493 1695 552 zamram,
1704 494 1765 521 'la-

1488 466 1578 492 9111,11

1492 535 1580 604 334
