1904 3304
463 237 1152 277 MELPOMENE.IV.
1356 238 1440 278 577

172 350 294 407 μέχρι
311 352 390 392 τοῦ
406 349 617 405 στόματος
631 351 705 404 τῆς
717 347 907 399 Σύρτιος
922 347 970 390 τό
987 348 1173 402 σίλφιον.
1203 343 1379 400 νόμοισι
1392 345 1439 388 δὲ
1450 352 1496 386 20

31 428 126 473 170
177 422 387 479 χρέωνται
416 416 540 465 οὗτοι
569 420 908 475 παραπλησίοισι
935 422 1047 460 τοῖσι
1076 415 1271 470 ἑτέροισι.
1318 419 1438 459 Γιλι-
1495 411 1589 478 ξξζῦζῗ
1586 414 1653 480 2²¹¹?
1671 421 1771 475 ³⁸:1¹2?

170 491 374 549 γαμμέων
424 491 470 535 δε
520 492 691 547 ἔχονται
735 491 783 534 τὸ
831 489 940 543 πρὸς
977 487 1157 543 ἑσπέρης
1195 485 1433 543 Ἀσβύσται.
1492 482 1597 508 ‘'²¹⁰³'’

171 566 296 607 οὑτοι
331 562 380 606 τὸ
412 561 521 617 ὑπὲρ
554 561 760 619 Κυρήνης
789 550 1021 610 οἰκέουσι,
1041 558 1108 602 ἐπὶ
1137 557 1367 602 θάλασσαν
1394 558 1440 602 δὲ

171 633 225 678 οὐ
265 632 507 690 κατήκουσι
538 632 789 689 Ἀσβύσται·
848 630 897 674 τὸ
935 629 1018 685 γὰρ
1057 627 1177 682 παρὰ
1207 628 1439 673 θάλασσαν

141 708 422 762 ἓΚυρηναῖοι
448 704 666 760 νέμονται.
712 700 1055 759 τεθριπποβάται
1086 701 1131 744 δὲ
1160 699 1242 745 οὐκ
1271 700 1495 758 ἥκιστα,25

113 902 256 947 Quibus
291 904 420 942 iisdem
440 902 669 940 monentibus
688 901 777 938 haec

113 959 243 1010 planta
293 972 314 997 a
358 961 570 998 centurione
617 958 775 1007 quodam

112 1015 232 1065 Anglo
255 1016 387 1065 Smyth
421 1028 516 1052 nunc
548 1015 584 1051 in
604 1013 776 1063 Angliam

110 1071 286 1109 translata
314 1073 527 1122 optimeque
562 1075 707 1108 servata
738 1071 776 1107 in

111 1129 263 1177 regione
297 1128 527 1166 Devonshire
564 1129 693 1172 ssoret3
733 1131 774 1164 ut

112 1197 202 1222 sane
238 1197 323 1234 spes
360 1185 559 1233 affulgeat,
596 1184 696 1230 sore,
735 1188 775 1220 ut

112 1241 260 1277 tandem
280 1242 482 1278 accuratius
500 1240 628 1278 dehac
648 1240 775 1290 planta

113 1296 262 1345 eiusque
288 1302 420 1333 natura
442 1297 670 1334 edoceamur.

171 1351 282 1403 μέχρι
328 1355 403 1391 τοῦ
454 1348 647 1403 στόματος
702 1353 774 1402 τῆς

113 1405 301 1459 Σύρτιος]
347 1408 461 1446 L'Jzam
493 1410 603 1446 modo
634 1409 774 1459 Syrtim

111 1465 305 1503 Herodoto
363 1467 566 1503 innotuisse
619 1479 774 1514 eamque

113 1524 276 1558 minorem
334 1523 546 1571 pronuntiat
594 1521 773 1559 Niebuhr.

113 1577 340 1615 Vermischte
361 1578 510 1614 Schrist.
535 1578 550 1614 I
573 1591 656 1627 pag.
681 1578 771 1618 147.

114 1632 220 1680 148,
256 1633 334 1670 coll.
368 1633 412 1671 L.
441 1634 568 1671 Marco
604 1635 651 1670 ad
682 1634 773 1671 Plin.

111 1689 160 1726 H.
179 1689 229 1727 N.
249 1690 301 1737 V,
329 1687 356 1729 4
381 1703 417 1740 p.
453 1693 544 1731 163.
603 1691 713 1734 Quod
736 1694 774 1726 ut

112 1745 191 1782 aliis
213 1746 396 1783 Herodoti
411 1746 497 1783 locis
519 1746 566 1793 11,
589 1748 655 1787 32.
680 1747 772 1787 150,

109 1801 174 1846 IV,
206 1804 284 1842 173
307 1801 430 1840 valere
460 1803 581 1849 dicas3
624 1803 692 1840 hoc
716 1808 773 1840 ta-

110 1871 194 1895 men
215 1858 294 1895 loco
324 1859 354 1894 si
380 1861 542 1896 minorem
570 1858 773 1909 intelligere

110 1913 198 1951 velis
217 1914 374 1962 Syrtim,
411 1920 579 1953 accurata
601 1928 687 1953 orae
705 1916 773 1953 hu-

111 1970 166 2006 ius
215 1970 344 2007 notitia
388 1971 564 2008 Nostrum
613 1973 772 2009 caruisse

112 2030 248 2062 statuas
267 2039 417 2065 necesse
439 2028 517 2065 erit.
549 2028 673 2071 Quare
694 2028 773 2077 ple-

110 2094 244 2130 rosque
272 2083 378 2120 video
407 2084 536 2121 merito
571 2084 629 2121 hic
664 2086 772 2121 maio-

68 2176 71 2182 Υ
111 2151 181 2175 rem
202 2139 418 2178 intellexisse
441 2140 591 2190 Syrtim,

296 2229 407 2280 Cap.
440 2229 589 2267 chx.

165 2301 403 2358 Ἀσβύσται]
456 2308 498 2345 ln
529 2308 597 2346 hoc
624 2322 772 2358 quoque

111 2364 286 2401 vocabulo
307 2365 505 2401 admodum
522 2366 664 2402 variant
684 2366 771 2402 scri-

113 2420 167 2468 pti
182 2419 273 2457 libri.
303 2421 621 2458 Commemoratur
640 2435 731 2470 gens
751 2435 772 2460 a

115 2475 242 2525 Steph.
262 2476 352 2526 Byz.
373 2490 400 2514 s.
423 2491 455 2515 v.
477 2491 562 2527 pag.
588 2481 677 2518 176.
698 2478 773 2526 Ly-

116 2531 238 2580 cophr.
256 2531 449 2571 Alexandr.
478 2534 571 2576 895.
618 2534 772 2584 DionyS.

116 2586 259 2635 Perieg.
278 2590 359 2631 211
379 2591 458 2636 (ubi
472 2591 565 2627 conf.
574 2590 771 2637 Eustath.).

116 2642 211 2680 Plin.
229 2643 277 2679 H.
288 2644 336 2681 N.
350 2646 394 2693 V,
416 2648 453 2688 5
486 2645 582 2684 Add.
596 2647 772 2683 Schlicht-

117 2698 230 2735 horst.
250 2698 273 2735 l.
294 2699 317 2737 l.
349 2713 386 2750 p.
412 2705 489 2743 129
512 2716 588 2752 seq.
631 2703 773 2752 Thrige

116 2754 411 2805 1.1.pag.148
469 2759 640 2797 Tenebat
681 2773 773 2824 gens

116 2808 196 2847 loca
232 2811 404 2849 inteiiora
437 2827 459 2850 a
488 2817 631 2865 Cyrene
659 2817 773 2854 meri-

117 2867 213 2904 diem
233 2880 355 2904 versus
377 2873 412 2906 et
431 2882 453 2906 a
476 2870 703 2921 Giligammis
725 2873 771 2910 ab

174 2924 382 2962 HERoDoT.
422 2927 468 2964 ΙΙ.

835 913 976 938 occasu.
1018 900 1099 937 Hoc
1127 900 1222 937 enim
1247 912 1266 936 e
1290 912 1393 948 seqq.
1415 911 1496 937 ver-

834 957 889 994 bis
909 960 1034 1006 patet:
1076 949 1190 995 οὗτοι
1216 971 1258 994 το
1287 953 1388 1007 ὑπὲρ
1413 959 1495 994 Κυ-

834 1008 962 1064 ρήνης
990 1010 1186 1060 οἰκέουσι,
1238 1012 1300 1049 ubi
1333 1025 1413 1049 cum
1435 1025 1494 1050 re-

833 1074 942 1107 centt.
972 1070 1059 1106 edd.
1089 1069 1334 1106 revocavimus
1357 1083 1399 1107 το
1426 1081 1494 1118 pro

831 1141 904 1165 τοι.
938 1127 979 1162 In
1010 1125 1195 1176 plerisque
1214 1126 1322 1163 codd.
1342 1137 1411 1163 nec
1430 1140 1492 1165 τοι

831 1196 899 1221 nec
924 1178 966 1221 τὸ
983 1183 1175 1220 invenitur.

887 1235 1222 1290 τεθριπποβάται]
1256 1237 1278 1273 i.
1290 1250 1322 1274 e.
1345 1237 1495 1286 quadri-

831 1296 886 1344 gis
917 1295 1071 1332 maxime
1108 1299 1257 1332 utuntur
1287 1294 1403 1342 iisque
1434 1306 1493 1331 re-

831 1353 964 1401 gundis
999 1352 1094 1389 inter
1113 1351 1252 1399 Libyae
1276 1355 1405 1398 gentes
1430 1362 1493 1387 ex-

831 1408 974 1446 cellunt.
1019 1409 1075 1445 Cf.
1096 1408 1157 1453 lV,
1184 1409 1274 1447 183.
1299 1408 1389 1447 193.
1438 1404 1493 1443 Ac

831 1466 921 1502 satis
952 1469 1096 1501 constat
1113 1463 1310 1512 multisque
1328 1466 1492 1500 veterum

831 1522 1045 1571 scriptorum
1067 1520 1245 1570 probatur
1262 1519 1493 1565 testimoniis,

830 1582 992 1614 veterem
1015 1578 1185 1625 Cyrenen
1210 1576 1314 1624 equis
1338 1579 1415 1612 tum
1445 1575 1493 1611 ad

831 1633 925 1671 bella
960 1637 1037 1669 tum
1067 1634 1114 1669 ad
1141 1632 1340 1669 certamina
1363 1631 1490 1668 ludos-

830 1703 901 1739 que
930 1689 1094 1739 publicos
1133 1688 1305 1725 adhibitis
1337 1688 1492 1725 maxime

829 1746 1050 1783 inclaruisse.
1118 1745 1216 1782 Hinc
1262 1744 1494 1795 praedicatur

831 1799 1022 1850 εὖιππος,
1062 1797 1298 1852 ἷππόβοτος,
1339 1800 1492 1850 aliisque

830 1860 960 1897 eodem
1025 1859 1274 1908 spectantibus
1344 1863 1494 1894 ornatur

830 1915 1132 1964 cognominibus,
1161 1915 1209 1951 de
1232 1914 1362 1963 quibus
1387 1913 1491 1963 plura

828 1972 993 2009 Boeckh.
1024 1972 1074 2008 ad
1100 1971 1206 2009 Pind.
1238 1970 1346 2018 Pyth.
1376 1969 1429 2006 lV
1453 1983 1489 2019 p.

829 2030 925 2068 268.
966 2027 1108 2075 Thrige
1126 2027 1146 2064 l.
1171 2026 1193 2063 l.
1221 2040 1259 2077 p.
1280 2029 1375 2067 228.
1405 2027 1486 2067 271

830 2097 933 2133 seqq.
954 2083 1034 2120 coll.
1052 2084 1236 2121 Mannert.
1255 2083 1301 2129 X,
1322 2085 1348 2122 2
1367 2095 1404 2132 p.
1422 2081 1488 2121 58.

829 2141 928 2184 Quin
961 2140 1047 2189 ipsis
1077 2140 1114 2177 in
1142 2139 1258 2176 numis
1290 2138 1489 2187 Cyrenaeis

829 2200 914 2233 sunt
942 2196 1164 2245 quadrigae,
1214 2199 1308 2233 teste
1338 2194 1487 2232 Eckhel.

828 2252 875 2290 D.
893 2251 940 2289 N.
963 2252 1071 2289 Tom.
1093 2252 1145 2289 IV
1163 2265 1199 2302 p.
1224 2254 1303 2292 120
1320 2264 1420 2300 seq.‚
1454 2255 1491 2288 et

828 2308 1011 2358 hodieque
1035 2309 1167 2346 robore
1188 2309 1349 2356 insignes
1372 2320 1487 2356 equos

829 2365 867 2402 in
893 2366 948 2401 his
982 2366 1191 2414 regionibus
1228 2364 1276 2401 ali
1304 2365 1487 2402 docemur.

830 2422 938 2458 Conf.
983 2422 1090 2459 Pach.
1130 2422 1284 2470 Voyage
1321 2421 1414 2458 dans
1452 2419 1487 2457 la

830 2477 1004 2515 Marmar.
1028 2482 1096 2516 etc.
1119 2491 1205 2528 pag.
1227 2479 1321 2518 241.
1381 2478 1490 2521 Quae

830 2535 891 2583 qui
910 2535 1130 2585 respexerit,
1168 2535 1198 2570 is
1219 2547 1308 2571 sane
1327 2545 1399 2569 non
1423 2534 1489 2569 mi-

828 2591 986 2638 rabitur,
1016 2592 1117 2641 quod
1135 2594 1241 2627 tanta
1264 2602 1344 2626 cum
1363 2589 1489 2626 soller-

827 2647 878 2683 tia
925 2647 1065 2685 Noster
1112 2651 1279 2692 enarrat,
1340 2646 1488 2695 quinam

832 2703 925 2739 inter
961 2702 1099 2753 Libyes
1135 2704 1298 2752 Cyrenes
1349 2701 1487 2739 accolas

832 2764 910 2796 arte
931 2761 1092 2809 equestri
1113 2763 1225 2808 atque
1250 2757 1361 2796 curuli
1382 2770 1489 2808 prae-

831 2820 939 2852 stent.
968 2837 1024 2843 —
1062 2815 1123 2853 Ad
1158 2815 1376 2852 locutionem
1418 2809 1490 2863 οὐχ

831 2867 972 2922 ἥκιστα
993 2867 1092 2912 oilla*
1113 2868 1281 2922 μάλιστα
1297 2871 1340 2908 cf.
1363 2868 1488 2916 11,43.

1213 2929 1268 2967 37
