1904 3304
328 627 394 671 72

453 231 537 272 lm
856 204 1323 266 HERonoTi

453 335 618 381 ποιέειν
645 337 801 378 ταῦτα·
852 333 943 377 ἐπεί
972 349 1017 378 τε
1047 333 1094 377 δὲ
1131 331 1237 390 ὑμῖν
1267 332 1505 390 ἀναφέρειν
1534 331 1577 384 ἐς
1603 334 1786 376 aneo-50

453 425 534 459 νας
562 407 726 458 ἐδόκεε,
757 405 831 450 καὶ
860 404 956 461 ἐμοὶ
984 403 1275 459 ὑπερέθεσθε,
1304 404 1332 460 ἢ
1360 404 1574 459 ποιέωμεν
1605 402 1730 459 σήμε-

455 495 561 534 ρον,
601 477 628 534 ἢ
656 480 767 528 ἴστε,
810 474 918 532 ὑμῖν
956 475 1023 520 ὅτι
1059 473 1117 532 ἧν
1154 475 1376 533 ὑπερπέσῃ
1407 475 1434 533 ἡ
1463 479 1548 519 νῦν
1576 473 1730 530 ἡμέρη,

457 549 514 600 ὡς
557 547 639 593 οὐκ
684 548 812 599 ἄλλος
851 548 973 604 φθὰς
1013 547 1117 602 ἐμεῦ
1155 546 1396 603 κατήγορος
1433 547 1574 599 ἔσται,
1620 542 1728 588 ἀλλά

455 634 592 677 σφεας
623 618 754 670 αὐτὸς
783 616 866 674 ἐγώ
897 618 1084 674 κατερέω
1112 617 1223 673 πρός
1243 616 1321 661 τὸν
1345 617 1550 673 Μάγον.“
1606 616 1787 673 Λέγει55

453 692 563 746 πρὸς
601 696 740 734 ταῦτα
775 690 978 748 Ὀτάνης,
1020 688 1165 744 ἐπειδὴ
1196 687 1292 742 ὥρα
1322 689 1616 744 σπερχόμενον
1643 693 1731 731 Δα-

455 768 593 817 ρεῖον·
655 762 807 816 ,,Ἐπεί
850 778 893 805 τε
941 760 1075 818 ἡμέας
1129 758 1414 815 συνταχύνειν
1464 758 1732 816 ἀναγκάζεις,

453 834 528 877 καὶ
559 831 913 890 ὑπερβάλλεσθαι
943 831 1027 876 οὐκ
1058 833 1148 891 ἐᾷς,
1190 834 1258 875 ἵθι
1287 829 1432 886 ἐξηγέο
1464 829 1596 882 αὐτὸς
1626 830 1734 886 ὅτεῳ

455 904 603 961 τρόπῳ
641 906 830 961 πάριμεν
866 905 909 956 ἐς
945 904 997 948 τά
1036 903 1261 960 βασιλήϊα,
1309 901 1383 945 καὶ
1413 901 1736 958 ἐπιχειρήσομεν

429 975 647 1020 Ξαύτοῖσι.
718 975 918 1033 φυλακάς
967 974 1052 1031 γάρ
1102 974 1154 1030 δή
1197 972 1453 1024 διεστεώσας
1494 971 1617 1024 οἶδάς
1655 978 1792 1016 κου60

456 1064 529 1090 και
561 1046 712 1099 αὐτὸς,
745 1051 781 1091 εἰ
810 1048 868 1104 μή
900 1046 1032 1099 ἰδων,
1064 1044 1161 1089 ἀλλ’
1188 1043 1401 1095 ἀκούσας·
1447 1043 1497 1095 ἃς
1526 1045 1606 1101 τέῳ
1637 1043 1737 1098 τρό-

427 1125 529 1176 3πῳ
559 1120 830 1191 περήσομεν,
823 1124 867 1145 ·“
903 1118 1142 1174 Ἀμείβεται
1159 1121 1347 1170 Δαρεῖος
1378 1117 1548 1159 τοῖσδε·
1585 1111 1736 1167 ,,Ὀτά·

457 1205 540 1245 νη,
570 1191 597 1245 ή
627 1189 768 1234 πολλά
798 1189 888 1233 ἐστι
916 1207 969 1232 τα
999 1188 1113 1245 λόγῳ
1138 1204 1216 1243 μεν
1243 1187 1325 1230 οὐκ
1357 1183 1428 1229 οἷά
1457 1202 1502 1229 τε
1531 1189 1736 1242 δηλῶσαι,

462 1261 574 1318 ἔργῳ
606 1259 672 1304 δέ·
732 1260 840 1303 ἄλλα
870 1257 911 1303 δ’
944 1259 1032 1303 ἐστὶ
1061 1276 1113 1302 τα
1145 1258 1262 1315 λόγῳ
1294 1258 1373 1313 μὲν
1399 1255 1472 1301 οἷά
1500 1273 1568 1308 τε,
1606 1256 1794 1312 ε’ργον65

432 1331 513 1374 4δὲ
553 1330 684 1375 οὐδὲν
721 1329 798 1374 ἀπ’
845 1329 991 1373 αὐτῶν
1037 1330 1238 1386 λαμπρὸν
1284 1329 1460 1384 γίνεται.
1528 1326 1652 1383 ὑμεῖς
1691 1326 1739 1370 δὲ

457 1405 548 1447 ἰ’στε
579 1401 782 1459 φυλακὰς
821 1402 897 1453 τὰς
936 1400 1228 1452 κατεστεώσας
1270 1398 1427 1450 ἐούσας
1459 1397 1589 1442 οὐδὲν
1617 1402 1740 1455 χαλε-

458 1474 545 1525 πὰς
573 1477 823 1529 παρελθεῖν.
865 1477 996 1516 τοῦτο
1018 1473 1096 1528 μὲν
1113 1471 1218 1528 γὰρ,
1248 1469 1393 1527 ἡμέων
1415 1469 1577 1516 ἐόντων
1593 1472 1739 1523 τοίων,

461 1543 606 1596 οὐδεὶς
637 1545 757 1595 ὅστις
789 1541 844 1587 οὕ
872 1542 1054 1599 παρήσει
1074 1560 1083 1569 ·
1143 1542 1197 1586 τά
1239 1543 1319 1598 μέν
1348 1558 1433 1585 κου
1466 1540 1739 1596 καταιδεόμε-

433 1623 544 1666 5νος
583 1615 739 1671 ἡμέας,
784 1613 838 1657 τὰ
879 1613 924 1658 δέ
964 1631 1047 1658 κου
1087 1614 1161 1657 καὶ
1200 1614 1450 1670 δειμαίνων.
1509 1617 1640 1656 τοῦτο
1676 1612 1737 1663 δὲ,

405 1788 500 1825 conf.
522 1787 566 1834 ll,
585 1790 650 1828 89.
683 1789 793 1833 Quod
810 1788 960 1826 verbum
979 1800 1072 1837 quo-
1185 1801 1234 1833 ας
1256 1807 1311 1814 -
1330 1783 1583 1839 περήσομεν]
1642 1785 1716 1823 Pro
1748 1782 1798 1832 οἷς

407 1845 506 1881 niam
541 1844 753 1895 plerumque
784 1846 981 1894 genitivum
1003 1845 1072 1881 hac
1127 1845 1262 1881 Struve
1293 1845 1524 1881 scribendum
1557 1847 1681 1881 censet
1713 1838 1796 1888 τάς.

406 1901 558 1938 notione
570 1903 778 1938 adiunctum
795 1902 918 1947 habet,
939 1901 1071 1938 Matth.
1131 1901 1215 1938 vid.
1249 1905 1342 1937 nott.
1378 1901 1426 1937 ad
1466 1900 1535 1946 ΙΙΙ,
1573 1902 1636 1939 16.
1694 1898 1798 1936 Libri

410 1958 572 2007 praefert
600 1956 723 2006 σφέα,
764 1959 863 2007 quod
887 1957 1073 1995 Saucrosti
1130 1970 1257 1994 ornnes
1276 1957 1310 1993 h.
1333 1957 1354 1995 l
1380 1957 1590 2007 conspirant
1613 1957 1649 1993 in
1670 1955 1798 1993 lectio·

411 2013 502 2051 liber
518 2014 664 2052 exhibet
683 2028 749 2065 pro
775 2013 910 2063 σφέας.
1129 2027 1177 2051 ne
1197 2013 1357 2062 vulgata.
1389 2014 1465 2051 Sed
1484 2026 1550 2064 pro
1570 2009 1798 2064 περήσομεν

598 2072 706 2121 Cap.
734 2071 884 2109 LXXll.
1131 2070 1294 2107 nonnulli
1351 2070 1522 2107 exhibent
1579 2065 1799 2134 πειρήσο-

471 2126 536 2165 ἰ’θι
557 2125 707 2178 ἐξηγέο]
740 2126 889 2179 ἐξηγέο,
908 2133 949 2164 ut
969 2125 1075 2166 αἰτέο
1133 2142 1227 2177 μεν,
1258 2127 1358 2176 quod
1376 2126 1726 2174 Schweighaeusero
1744 2126 1799 2162 vi-

412 2183 451 2229 l,
474 2186 551 2230 90,
581 2184 641 2221 ubi
663 2185 735 2223 vid.
758 2185 963 2234 interprett.
1000 2186 1078 2223 Re·
1133 2185 1243 2221 detur
1264 2184 1311 2220 ad
1333 2184 1490 2220 Ionicum
1513 2182 1657 2220 dicendi
1679 2193 1798 2230 genus

411 2240 522 2276 currit
542 2240 691 2277 verbum
711 2240 780 2287 ΙΙΙ,
813 2242 878 2279 79.
1134 2240 1259 2278 referri
1290 2252 1421 2289 posse,
1461 2244 1502 2275 ut
1532 2239 1698 2290 πείρατα
1729 2250 1798 2289 pro

474 2292 587 2342 οἶδάς
609 2311 682 2334 κου
700 2295 766 2335 καὶ
788 2292 921 2346 αὐτός]
942 2297 981 2333 ln
992 2296 1078 2333 Flo·
1133 2295 1292 2348 πέρατα.

413 2353 558 2389 rentino
595 2351 687 2389 libro
726 2366 873 2402 unoque
915 2354 1079 2389 Parisino
1190 2350 1326 2403 ἡμέων
1357 2346 1503 2389 ἐόντων
1530 2349 1672 2413 τοίων]
1716 2350 1739 2387 ἰ.
1765 2362 1798 2388 e.

416 2403 533 2447 οἶδά
567 2423 652 2446 κου.
712 2409 752 2445 ln
789 2415 960 2459 excerptt.
995 2410 1076 2446 cod.
1135 2422 1211 2445 cum
1243 2422 1304 2444 nos
1335 2407 1422 2443 tales
1445 2421 1574 2454 simus,
1614 2406 1797 2456 principes

414 2464 572 2501 Palatini
591 2466 644 2512 (v.
658 2465 831 2502 Creuzeri
851 2466 1076 2503 Commentt.
1134 2466 1210 2502 scil.
1243 2466 1456 2510 Persarum,
1494 2475 1635 2500 sumina
1674 2463 1800 2511 digni-

414 2520 614 2558 Herodott.
640 2534 726 2571 pag.
757 2520 865 2569 429)
897 2523 1078 2559 invenitur
1136 2527 1214 2559 tate
1237 2521 1376 2566 ornati,
1407 2521 1481 2569 qiiz'i
1501 2520 1605 2556 nobis
1625 2519 1715 2556 liber
1732 2531 1800 2570 pa-

417 2573 534 2615 οἶὸά
567 2592 677 2615 που.
712 2599 767 2605 —
821 2578 859 2614 ln
892 2591 996 2627 seqq.
1031 2579 1078 2614 ad
1136 2583 1189 2615 tet
1210 2578 1257 2614 ail
1284 2590 1408 2624 regem
1431 2577 1561 2613 aditus.
1612 2576 1798 2626 Rescripsi

415 2634 529 2670 verba
548 2633 592 2671 εἰ
613 2630 675 2684 μή
697 2630 807 2680 ἰδών,
834 2629 936 2672 ἄλλ’
956 2630 1079 2673 οἷκού-
1138 2647 1218 2672 cuin
1241 2633 1444 2681 Schweigli.
1474 2638 1510 2670 et
1530 2633 1646 2669 Gaisf.
1665 2632 1799 2679 τοίων,

419 2701 490 2734 σας
511 2691 607 2726 cons.
631 2703 727 2739 quae
758 2690 887 2726 similia
912 2691 1082 2739 congessi
1140 2690 1239 2739 quod
1258 2689 1378 2739 plures
1397 2689 1476 2726 libri
1493 2689 1709 2735 offerebant,
1731 2700 1799 2739 pro

416 2746 455 2782 in
474 2745 648 2783 Creuzeri
668 2746 810 2783 Melett.
833 2746 881 2782 Ill
908 2760 994 2796 pag.
1017 2750 1082 2788 26.
1139 2747 1318 2793 τοιῶνδε,
1350 2747 1449 2794 quod
1471 2744 1705 2793 lVesseling„
1737 2744 1800 2792 qui

418 2802 460 2838 In
482 2801 537 2838 his
558 2803 650 2839 enim
674 2802 767 2840 valet
789 2797 887 2840 ἄλλά
913 2804 1083 2852 (praece-
1139 2803 1279 2839 confert
1321 2802 1424 2849 vlu,
1463 2805 1517 2843 62
1567 2802 1801 2851 probaverat,

417 2858 531 2896 dente
550 2858 586 2897 εἰ
603 2855 678 2910 μή)
701 2862 886 2905 ‹it—certe,
917 2859 1051 2896 saltem.
1140 2859 1315 2908 quodque
1336 2860 1485 2896 retinuit
1506 2858 1642 2896 Matth.

1803 1606 1890 1656 &4

1895 1830 1901 1885 l
