1904 3304
111 878 178 924 40

649 255 996 298 THALIA.
1054 255 1117 294 ΙΙΙ.

1452 255 1510 296 75

233 369 431 423 τοξότας·
477 369 604 425 ἔφερε
644 368 794 412 δὲκαὶ
836 362 912 424 ἦγε
941 364 1128 417 πάντας,
1168 364 1408 417 διακρίνων
1443 361 1566 407 οὐ-45

206 442 355 484 ὀδένα.
411 445 472 496 τῷ
501 442 584 497 γάρ
617 442 731 499 φίλῳ
763 439 845 496 ἔφη
883 442 1129 495 χαριεῖσθαι
1160 439 1327 491 μᾶλλον
1357 433 1510 478 οἷποδι-

208 511 345 564 δδούς
378 511 428 555 τά
459 513 604 568 ἔλαβε,
652 511 679 568 ἢ
710 509 848 567 άρχήν
877 510 985 566 μηδὲ
1014 506 1176 564 λαβών.
1238 504 1401 563 συχνάς
1430 505 1510 562 μὲν

235 583 288 640 δή
318 588 407 627 τῶν
445 584 594 640 νήσων
632 583 826 639 αἷρήκεε,
868 581 1008 625 πολλὰ
1041 580 1086 623 δὲ
1118 579 1191 623 καὶ
1220 582 1296 635 τῆς
1325 575 1511 634 ἠπείρου

235 654 388 699 ἄστεα·
427 655 475 698 ἐν
505 656 550 699 δὲ
570 654 621 711 δή
646 655 720 698 καὶ
739 654 980 710 Λεσβίους,
1011 653 1284 707 πανστρατιῇ
1306 648 1569 705 βοηθέον-ὀο

235 743 312 778 τας
329 729 609 783 Μιλησίοισι,
639 727 858 782 ναυμαχίῃ
883 723 1102 780 κρατήσας
1122 720 1225 773 εἷλε,
1260 724 1304 766 οἳ
1331 720 1412 777 τὴν
1440 717 1511 763 τά·

237 815 354 854 φρον
390 799 488 853 περὶ
525 798 575 841 τὸ
613 802 749 853 τεῖχος
785 796 834 840 τὸ
866 796 912 840 ἐν
942 795 1078 853 Σάμῳ
1108 798 1256 838 πᾶσαν
1292 790 1514 846 δεδεμένοι

237 869 426 924 ὤρυξαν.
483 871 570 913 Καί
591 886 679 920 κως
706 867 784 912 τὸν
802 868 990 922 ’Ἄμασιν
1019 864 1236 922 εὐτυχέων
1264 862 1459 921 μεγάλως
1489 860 1512 906 ὁ

238 941 523 998 Πολυκράτης
546 939 630 984 οὐκ
656 937 892 988 ἐλάνθανε,
925 936 1035 981 ἄλλά
1063 940 1106 981 οἱ
1134 936 1260 981 τοῦτ’
1289 936 1346 992 ἡν
1376 934 1514 990 ἐπιμε-
1573 938 1613 965 ¹²·

210 1012 322 1063 2λές.
381 1017 528 1070 πολλῷ
560 1011 606 1055 δὲ
643 1011 705 1055 ἔτι
740 1007 929 1060 πλεῦνός
968 1009 1012 1052 οἱ
1043 1007 1241 1064 εὐτυχίης
1269 1006 1515 1063 γινομένης,

236 1082 410 1140 γράψας
435 1084 477 1134 ἐς
495 1085 666 1139 βιβλίον
695 1081 818 1129 τάδε,
850 1080 1059 1125 ἐπέστειλε
1080 1081 1122 1131 ἐς
1142 1079 1323 1136 Σάμον·
1365 1077 1516 1133 ,,’Ἀμα·
1575 1090 1657 1130 216

208 1162 308 1206 Βσις
340 1155 614 1210 Πολυκράτει
646 1149 729 1198 ὦδε
769 1153 891 1210 λέγει.
944 1150 1054 1195 ‘Hdzj
1093 1152 1173 1208 μὲν
1210 1148 1574 1194 πυνθάνεσθαιὸὃ

194 1317 359 1365 dnetitii,
398 1318 628 1368 stzpendz‘are‘i
661 1319 725 1366 (cf.
757 1322 851 1356 nott.

192 1375 241 1410 ad
264 1374 328 1421 ΙΙΙ,
348 1375 408 1421 4),
439 1387 530 1424 quos
558 1375 677 1426 plures
702 1388 852 1412 numero

194 1431 263 1468 sibi
322 1444 555 1482 comparasse
608 1432 753 1470 videtur
796 1439 854 1480 ty-

192 1499 338 1524 rannus.

250 1542 366 1593 ἕφερε
399 1540 442 1582 δὲ
471 1542 538 1582 καὶ
574 1537 646 1595 ἦγε
683 1538 851 1593 πάντας]

192 1600 291 1638 Citat
315 1600 405 1638 hacc
434 1600 602 1637 Eustath.
631 1600 678 1637 ad
701 1600 851 1638 Homer.

186 1655 224 1693 ll.
242 1670 327 1707 pag.
347 1657 442 1698 573.
466 1658 514 1696 18
538 1670 566 1693 s,
587 1656 760 1704 435,35.
791 1657 850 1693 Ad

185 1711 404 1750 locutionem
424 1712 484 1750 Tu
506 1714 600 1750 conf.
622 1713 651 1759 l,
675 1715 741 1754 88.
769 1715 849 1754 166

186 1770 310 1819 ibique
332 1775 428 1807 nott.
456 1774 492 1807 et
520 1771 567 1806 ad
595 1770 708 1807 verba
738 1769 780 1808 ἐν
807 1766 849 1807 δὲ

187 1822 238 1876 δή
266 1824 330 1864 καὶ
354 1826 485 1863 Matth.
509 1827 573 1863 Gr.
601 1827 665 1862 Gr.
692 1825 728 1877 ὃ.
752 1826 847 1872 594,

191 1885 209 1921 1
245 1896 329 1933 pag.
354 1884 474 1923 1189.
533 1883 591 1919 Ad
618 1883 688 1919 hoc
719 1883 849 1920 bellum

189 1951 269 1975 cum
311 1939 462 1975 Milesiis
501 1945 643 1987 gestum
683 1945 850 1989 spectare

189 2000 315 2032 censet
335 1994 502 2031 Panofka
524 1995 544 2031 l.
566 1995 588 2031 l.
612 2009 698 2045 pag.
720 1997 773 2036 32
798 1995 849 2031 lo-

189 2064 271 2088 cum
300 2064 358 2101 ap.
388 2051 508 2088 Schol.
539 2051 725 2102 Aristoph.
756 2052 850 2088 Plut.

193 2106 314 2153 1075,
344 2107 403 2143 ubi
427 2107 624 2154 oraculum,
656 2109 757 2157 quod
778 2109 851 2145 Po-

189 2165 314 2212 lycrati
334 2164 516 2212 obtigerit,
531 2177 677 2213 quoque
698 2165 777 2214 ipso
795 2165 853 2202 ille

191 2221 238 2256 ad
271 2219 403 2257 bellum
437 2220 590 2258 Milesiis
622 2221 852 2258 inferendum

190 2281 307 2313 motus
338 2277 449 2314 fuisse
476 2277 587 2314 videri
623 2282 734 2326 queat
759 2278 854 2314 circa

190 2333 336 2384 Olymp.
358 2333 456 2379 LVl,
488 2340 526 2370 ut
543 2333 711 2370 Panofka
731 2335 854 2371 existi-

190 2394 278 2436 mat,
309 2391 507 2427 memoriae
532 2391 713 2440 proditur.

411 2447 522 2497 Cap.
547 2447 625 2484 XL.

249 2496 442 2552 δυ’τυχέων
465 2525 512 2530 --
542 2499 616 2542 ου’ν.
639 2498 851 2553 ἐλάνθανε]

193 2558 299 2595 Conf.
312 2559 442 2597 Matth.
458 2560 522 2596 Gr.
548 2561 612 2596 Gr.
633 2573 720 2611 pag.
735 2562 853 2601 1083.

194 2613 252 2651 Ad
280 2616 409 2652 verba:
442 2611 538 2654 α’λλά
572 2616 613 2655 οἱ
647 2612 762 2655 τοῦτ’
800 2611 852 2667 ἦν

195 2668 371 2719 ἐπιμελές
390 2673 432 2719 (ἰ.
453 2686 484 2710 e.
513 2673 572 2709 secl
594 2674 680 2710 haec
700 2687 754 2710 res
778 2687 854 2710 eum

196 2726 369 2774 aduertit,
399 2730 433 2765 ei
459 2729 674 2779 curaefut't)
705 2731 801 2767 conf.
830 2730 858 2777 Ι,

199 2784 265 2823 89.
289 2784 334 2830 ΙΙ,
359 2785 448 2825 150.

244 2836 415 2890 ’Ἄμασις
435 2862 488 2870 -
512 2835 587 2881 ὧδε
612 2840 735 2894 λέγει]
782 2841 859 2879 Ad-

199 2900 323 2934 monet
352 2897 570 2948 Wesseling.
600 2900 648 2937 de
675 2899 743 2937 hac
774 2899 860 2936 sim-

908 1317 991 1369 plici
1009 1317 1045 1353 in
1064 1328 1191 1364 regum
1212 1315 1375 1365 epistolis
1400 1314 1575 1352 edictisve

910 1375 1045 1411 usitata
1063 1371 1228 1418 formula,
1257 1371 1413 1409 laudans
1432 1371 1575 1408 Herod.

910 1431 976 1478 IX,
1000 1428 1091 1470 140.
1116 1429 1176 1476 ΙΙΙ,
1200 1430 1291 1467 122.
1318 1428 1524 1476 Thucydid.
1545 1428 1576 1474 Ι,

915 1489 1008 1527 129.
1034 1486 1065 1523 ll
1093 1486 1212 1534 Regg.
1247 1485 1380 1531 XVlIl,
1407 1485 1474 1526 31.
1515 1483 1576 1521 Tu

910 1545 1005 1582 conf.
1032 1555 1180 1592 quoque
1210 1541 1390 1578 Plutarch.
1421 1540 1454 1577 ΙΙ
1487 1553 1576 1590 pag.

914 1601 988 1641 151
1028 1600 1073 1635 B.
1120 1598 1272 1646 (ibique
1309 1597 1572 1646 Wyttenbach.

908 1655 1178 1694 Animadverss.
1216 1667 1303 1704 pag.
1332 1653 1469 1700 942),
1510 1653 1573 1690 ubi

906 1712 1089 1750 Amasidis
1135 1711 1290 1748 refertur
1329 1709 1486 1760 epistola
1524 1710 1574 1747 ad

906 1770 1075 1806 Biantem
1124 1768 1286 1817 scripta3
1334 1771 1373 1804 et
1410 1766 1570 1814 Diogen.

905 1825 1030 1864 Laert.
1067 1824 1173 1870 vlu,
1196 1826 1235 1870 3,
1269 1823 1331 1860 ubi
1361 1823 1571 1871 Polycrates

906 1882 1070 1919 Amasidi
1081 1881 1330 1931 Pythagoram
1349 1880 1461 1917 literis
1482 1879 1572 1916 scri-

907 1940 978 1990 ptis
998 1938 1272 1976 commendasse
1288 1937 1415 1974 fertur.
1446 1935 1488 1972 In
1503 1936 1572 1972 hac

907 2009 993 2033 vero
1044 1995 1260 2032 Herodotea
1308 1992 1484 2044 epistola,
1523 1992 1573 2029 ad

908 2065 1017 2100 quam
1074 2050 1222 2101 respicit
1277 2048 1425 2086 Maxim.
1477 2048 1571 2098 Tyr.

908 2108 1064 2153 XXXV,
1087 2109 1132 2152 2,
1162 2119 1242 2142 cum
1264 2106 1314 2141 sie
1336 2118 1464 2156 parum
1484 2117 1574 2141 con·

911 2165 1070 2201 siderate
1096 2163 1258 2211 fingatur
1282 2161 1434 2211 loquens
1465 2160 1575 2197 Ama·

910 2222 972 2264 sis,
1004 2233 1045 2256 ac
1074 2220 1103 2255 si
1133 2218 1305 2255 Solonem
1337 2218 1512 2255 audiisset
1538 2218 1576 2253 in

911 2277 992 2314 aula
1015 2276 1144 2313 Croesi
1163 2275 1275 2312 verba
1294 2275 1486 2312 facientem
1509 2274 1575 2320 (cf.

911 2347 1020 2384 supra
1040 2333 1068 2379 I,
1095 2333 1188 2379 32),
1219 2331 1394 2368 Valcken.
1424 2335 1578 2367 conten-

913 2391 977 2437 dit,
1003 2390 1062 2439 qui
1086 2388 1229 2425 Solonis
1254 2387 1342 2424 illud
1362 2400 1441 2424 cum
1463 2388 1580 2424 Croe-

912 2460 952 2483 so
1001 2445 1217 2494 colloquium
1232 2473 1242 2489 ,
1292 2444 1449 2481 eundem
1486 2443 1580 2479 hanc

913 2516 1061 2552 quoque
1071 2502 1288 2539 confinxisse
1298 2499 1489 2551 epistolam
1501 2499 1579 2536 He-

914 2561 1096 2604 rodotum,
1109 2559 1153 2595 ab
1174 2557 1242 2594 illis
1255 2557 1323 2593 hoc
1341 2557 1491 2593 nomine
1505 2568 1579 2592 non

912 2616 1016 2653 facile
1026 2613 1382 2665 reprehendendum,
1393 2613 1455 2661 qui
1466 2612 1581 2648 histo-

913 2673 989 2710 riae
1011 2684 1156 2708 cursum
1182 2670 1406 2706 orationibus
1430 2668 1581 2706 interie-

916 2730 984 2765 ctis
1003 2728 1070 2765 sibi
1087 2728 1242 2764 libenter
1257 2727 1444 2776 patiantur
1462 2725 1507 2761 ab
1526 2724 1581 2760 hi-

917 2785 1056 2822 storicis
1077 2784 1227 2821 Graecis
1246 2787 1283 2820 et
1306 2782 1447 2819 Latinis
1467 2781 1582 2817 inter-

916 2841 1044 2891 rumpi.
1089 2840 1170 2878 Nec
1193 2844 1317 2877 tamen
1336 2851 1380 2876 ex
1399 2838 1502 2874 unius
1528 2834 1581 2872 al-

916 2899 1102 2947 teriusque
1125 2896 1329 2934 sententiae
1346 2892 1581 2932 similitudine

1574 868 1720 897 Amasidis
1738 868 1776 896 ad
1792 868 1848 896 Po-

1572 905 1719 938 lycratem
1737 902 1848 939 episto-
