1904 3304
404 273 461 314 56

805 269 1273 309 HERODOTI

379 397 476 452 Ξεῖη
498 395 796 450 Αἰγυπτίοισι.
831 396 1025 436 τοσαῦτα
1055 392 1101 436 δὲ
1130 394 1274 444 εἴπας,
1304 391 1479 446 ἐπάγειν
1508 390 1673 435 ἐκέλευε
1688 396 1730 431 15

406 467 483 510 τὸν
509 465 641 509 ’Ἆπιν
678 465 781 515 τούς
818 463 952 518 ἱρέας·
1001 464 1045 506 οἱ
1074 463 1153 518 μὲν
1182 463 1234 519 δή
1264 466 1456 520 μετῇσαν
1483 461 1673 514 ἄξοντες.

403 536 452 581 Ὅ
482 537 528 581 δὲ
557 535 681 587 ’Ἆπις
720 530 872 586 οὗτος,
912 533 935 578 ὁ
964 533 1190 590 ’Έπαφος,
1229 535 1392 588 γίνεται
1429 531 1589 589 μόσχος
1628 534 1675 576 ἐκ

408 607 515 664 βοὸς
554 608 646 664 ἥτις
677 604 822 650 οὐκέτι
853 606 923 661 οἴη
963 621 1007 648 τε
1046 607 1209 660 γίνεται
1242 605 1285 656 ἐς
1321 604 1507 661 γαστέρα
1544 604 1677 646 ἄλλον

380 677 656 736 δβάλλεσθαι
685 674 834 732 γόνον.
894 676 1125 732 Αἰγύπτιοι
1155 676 1201 720 δὲ
1234 676 1410 732 λέγουσι
1450 674 1574 726 σέλας
1609 674 1678 718 ἐπὶ

408 750 488 807 τὴν
528 752 642 806 βοῦν
679 747 726 791 ἐκ
769 750 849 790 τοῦ
886 746 1081 802 οὐρανοῦ
1118 748 1354 802 κατίσχειν,
1406 748 1478 790 καί
1516 763 1592 802 μιν
1631 746 1736 790 ἐκΞο

382 821 578 865 4τούτου
609 819 767 862 τίκτειν
796 818 872 862 τὸν
891 816 1034 862 Ἆπιν.

1081 817 1195 873 Ἔχει
1215 817 1260 862 δὲ
1290 817 1312 861 ὁ
1344 817 1505 873 μόσχος
1534 812 1679 870 οὗτος,

412 892 435 937 ὁ
457 892 583 942 ’Ἁπις
611 889 896 946 καλεόμενος,
928 888 1088 946 σημὴϊα
1115 889 1284 933 τοιάδε·
1322 889 1406 932 ἐῶν
1431 889 1583 944 μέλας,
1612 889 1682 933 ἐπὶ

410 963 489 1020 μὲν
520 966 580 1020 τῷ
611 961 793 1019 μετώπῳ
824 960 980 1004 λευκόν
1009 959 1285 1016 τετράγωνον
1317 960 1489 1016 φορέει·
1536 960 1606 1004 ἐπὶ
1636 959 1682 1004 δὲ

409 1037 493 1078 τοῦ
521 1032 686 1086 νώτου,
717 1032 861 1077 αἰετὸν
891 1029 1162 1088 εἰκασμένον·
1201 1032 1248 1075 ἐν
1279 1032 1325 1075 δὲ
1354 1035 1405 1089 τῇ
1437 1029 1555 1088 οὐρῇ
1565 1063 1574 1082 ,
1604 1031 1682 1083 τὰς

357 1211 509 1258 Aldina,
537 1208 771 1247 Florentinus
792 1213 828 1246 et
849 1209 1020 1246 Sancros-

357 1269 387 1306 ti
408 1267 499 1306 liber
519 1268 707 1319 μετῇσαν.

415 1323 453 1370 ἒς
488 1320 655 1375 γαστέρα
690 1341 747 1348 --
781 1316 1018 1371 βάλλεσθαι]

356 1380 415 1418 De
431 1393 540 1417 vacca
555 1378 690 1429 foetum
705 1380 803 1413 utero
827 1378 1021 1427 concipien-

358 1440 391 1473 te
412 1436 502 1473 haec
528 1434 766 1483 intelligenda
797 1438 890 1470 sunt.
938 1433 1023 1470 Duo

360 1492 441 1530 libri
455 1490 671 1543 βαλέσθαι;
692 1487 887 1541 λαβέσθαι
903 1490 1024 1527 conie-

357 1553 458 1586 cerat
480 1548 605 1585 Pauw.
619 1551 877 1597 receperatque
889 1546 1025 1583 Schae-

359 1606 466 1642 ferus.
517 1605 601 1648 Quo
636 1604 783 1641 minime
823 1616 927 1653 opus.
982 1603 1024 1639 In

359 1661 523 1711 proxime
544 1659 848 1697 antecedentibus
871 1672 937 1708 pro
957 1657 1023 1708 οἵη

359 1731 399 1755 τε
418 1717 563 1765 Steger.
585 1716 741 1753 praefat.
765 1729 799 1766 p.
817 1715 903 1752 XIII
918 1715 1024 1752 scribi

360 1772 495 1811 mavult
515 1770 618 1821 ὁσίη,
646 1773 714 1808 hoc
732 1785 861 1808 sensu:
891 1784 1025 1821 „quam

360 1843 432 1866 non
462 1829 614 1878 amplius
633 1827 700 1877 fas
732 1832 781 1865 est
807 1828 918 1865 alium
936 1841 1025 1879 par-

364 1890 438 1922 tum
461 1887 640 1935 concipere
657 1887 668 1921 !
682 1887 707 1903 “

420 1939 536 1988 σέλας
561 1939 625 1980 ἐπὶ
648 1935 724 1991 τήν
751 1940 852 1991 βοῦν
885 1939 927 1979 ἐκ
954 1941 1028 1979 τοῦ

365 1993 542 2049 οὕρανοῦ
573 1996 786 2048 κατίσχειν]
831 1997 1028 2047 κατίσχειν

363 2055 422 2092 hic
441 2054 536 2092 valet
556 2054 686 2100 delabi,
720 2053 861 2103 deferri.
901 2053 1028 2104 Expli-

363 2111 448 2157 cuit,
472 2111 689 2147 observante
700 2110 838 2157 Valck„
858 2109 1026 2146 Eustath.

364 2167 412 2203 ad
444 2166 544 2203 Iliad.
580 2162 613 2204 α’
644 2179 727 2216 pag.
763 2169 863 2212 100,
904 2166 958 2206 40
992 2171 1029 2203 Εἴ

363 2223 535 2260 Abresch.
565 2223 602 2260 in
624 2223 807 2260 Dilucidd.
833 2222 1028 2270 Thucy-dd.

366 2292 451 2329 pag.
475 2278 566 2318 460.
597 2278 662 2315 Cr.
683 2279 786 2315 addit
805 2278 925 2315 Schol.
942 2278 1028 2316 Lei-

366 2336 486 2371 denss.
507 2335 554 2371 ad
573 2334 674 2370 Iliad.
700 2335 728 2380 1,
749 2334 830 2375 450
850 2335 906 2371 ed.
920 2335 1030 2371 was-

368 2390 469 2427 senb.
530 2390 587 2426 Ad
627 2403 700 2426 rem
738 2390 852 2439 ipsam
894 2390 1028 2427 consul.

367 2446 545 2496 Pompon.
570 2444 655 2483 Mel.
679 2445 708 2491 l,
735 2448 779 2484 9:
821 2459 935 2491 „raro
966 2459 1030 2483 na-

368 2502 499 2548 scitur,
553 2514 621 2538 nee
659 2502 753 2538 coitu
790 2503 952 2551 pecoris,
992 2507 1032 2539 ut

368 2559 490 2604 aiunt,
531 2558 596 2595 sed
625 2557 794 2594 divinitus
818 2563 853 2595 et
883 2558 1031 2595 coelesti

369 2616 454 2663 igne
483 2616 737 2663 conceptus3“
778 2618 889 2662 atque
921 2615 1032 2663 inpri-

369 2672 436 2708 mis
460 2670 640 2706 Plutarch.
662 2670 721 2707 De
741 2670 822 2706 lsid.
844 2677 879 2707 et
898 2671 1030 2707 Osirid.

369 2739 454 2777 pag.
493 2727 574 2767 368
594 2726 634 2762 C.
684 2726 742 2763 De
773 2726 918 2775 reliquis
952 2727 1035 2764 vide

373 2784 596 2820 Creuzerum
618 2782 653 2817 in
677 2781 823 2818 Excurs.
845 2783 892 2818 ad
913 2783 944 2818 h.
966 2782 986 2818 l.

428 2834 676 2889 τετράγωνον
698 2837 848 2888 φορέει]
884 2837 1035 2888 φορέει,

373 2895 472 2945 quod
511 2907 589 2932 cum
631 2895 818 2931 Gronovio
854 2895 1036 2933 deleverat

1077 1208 1231 1247 wessel.
1254 1223 1333 1247 cum
1345 1207 1547 1256 Schweigh.
1570 1212 1608 1245 et
1621 1207 1738 1245 Gaisf.

1077 1267 1232 1315 reposui.
1281 1266 1462 1303 Matthiae
1504 1265 1632 1301 omisit.
1682 1263 1741 1302 De

1077 1321 1158 1372 ipsa
1176 1335 1215 1359 re
1234 1321 1372 1359 consul.
1394 1323 1615 1360 Crenzernm
1636 1319 1658 1357 l.
1677 1319 1699 1357 l.

1136 1376 1200 1416 ἐπὶ
1221 1375 1264 1416 δὲ
1284 1380 1357 1417 τοῦ
1379 1374 1509 1416 νώτου
1537 1372 1665 1416 αἰετὸν
1689 1374 1743 1415 εἰ·

1080 1432 1294 1485 κασμὲνον]
1341 1434 1480 1482 „Haec
1505 1433 1617 1470 verba
1647 1432 1743 1471 male

1080 1490 1215 1529 habent
1242 1491 1406 1540 Zoegam
1436 1491 1484 1528 de
1513 1489 1681 1527 obeliscc.
1704 1502 1742 1540 p.

1081 1545 1174 1589 448.
1213 1547 1373 1584 Vulturis
1403 1542 1568 1598 (γυπός)
1599 1546 1743 1594 signum

1080 1604 1117 1640 in
1136 1604 1264 1654 Apidis
1283 1604 1377 1641 notis
1398 1617 1495 1649 esse3
1538 1615 1613 1638 non
1641 1601 1746 1651 aqui-

1080 1660 1149 1708 lae,
1181 1661 1210 1697 si
1230 1661 1354 1698 icones
1375 1662 1550 1697 conseras.
1583 1658 1644 1695 Tu
1660 1659 1745 1696 vide

1081 1730 1114 1753 v.
1135 1730 1163 1754 c.
1186 1716 1290 1765 Cayli
1308 1716 1460 1754 Recueil
1476 1715 1584 1753 Tom.
1606 1715 1621 1751 Ι
1651 1714 1744 1752 Tab.

1085 1776 1149 1815 12.
1191 1772 1274 1822 Ego
1300 1774 1337 1810 in
1360 1785 1404 1810 ea
1432 1786 1471 1810 re
1499 1770 1746 1821 ampliandum

1082 1830 1257 1867 existimo,
1305 1828 1402 1866 Nam
1441 1829 1595 1879 primum
1637 1839 1745 1865 nemo

1083 1886 1200 1923 nescit
1234 1885 1460 1934 diligentiam
1490 1884 1671 1922 Herodoti
1707 1883 1746 1920 iu

1083 1943 1190 1980 rebus
1225 1942 1447 1979 naturalibus
1484 1940 1746 1986 describendis,

1085 2003 1124 2036 ut
1154 1999 1300 2036 minime
1321 1997 1493 2035 credibile
1520 1998 1588 2043 sit,
1627 1996 1748 2034 vultu-

1085 2068 1161 2092 rem
1183 2060 1219 2092 et
1239 2053 1396 2103 aquilam
1421 2055 1467 2091 ab
1494 2067 1538 2091 eo
1561 2066 1642 2091 esse
1660 2065 1748 2090 con-

1085 2113 1197 2148 fusos.
1247 2111 1392 2149 Deinde
1419 2111 1630 2163 phoenici-§Q
1659 2109 1748 2156 avis,

1085 2168 1207 2216 imago
1225 2180 1483 2216 nonnunquam
1511 2166 1662 2214 adiungi
1682 2179 1750 2216 po-

1085 2229 1180 2261 terat
1207 2224 1326 2274 Apidi.
1377 2224 1444 2260 Est
1475 2235 1560 2260 vero
1593 2222 1750 2272 phoenix

1087 2280 1126 2326 ἐς
1154 2277 1200 2318 τοὶ
1228 2276 1395 2329 μάλιστα
1426 2278 1579 2331 αἰετῷ
1607 2274 1751 2329 περιή-

1086 2348 1202 2389 γησιν
1230 2331 1480 2385 ὁμοιότατος,
1519 2335 1598 2384 ipso
1629 2336 1751 2372 Hero-

1087 2394 1175 2429 doto
1205 2396 1300 2428 teste
1328 2392 1372 2437 ll,
1400 2393 1463 2430 73.
1509 2392 1660 2428 Poterat
1685 2403 1750 2428 au-

1088 2453 1160 2485 tem
1178 2447 1333 2498 phoenix
1356 2448 1518 2484 bifariam
1538 2448 1639 2495 iungi
1662 2447 1752 2497 Api-

1089 2505 1147 2550 di,
1186 2505 1337 2554 primum
1362 2508 1528 2553 respectu
1548 2503 1672 2540 habito
1696 2504 1753 2540 in-

1089 2562 1260 2596 undantis
1283 2559 1370 2605 Nili,
1401 2561 1502 2596 cuius
1525 2565 1610 2596 nota
1629 2561 1666 2596 in
1685 2573 1752 2596 no-

1090 2617 1134 2652 tis
1159 2616 1286 2665 Apidis
1322 2621 1422 2659 erat3
1472 2616 1501 2652 si
1539 2617 1685 2664 quidem
1715 2617 1752 2653 in

1092 2672 1306 2722 anaglyphis
1330 2672 1525 2709 'shebaicis
1548 2685 1690 2710 urceum
1714 2676 1753 2711 et

1091 2735 1254 2778 pateram
1281 2733 1404 2777 gestat
1432 2728 1591 2778 phoenix
1624 2730 1753 2778 igitur-

1092 2797 1163 2833 que
1191 2789 1226 2821 et
1251 2785 1329 2834 ipse
1358 2785 1404 2820 ad
1435 2784 1558 2821 Nilum
1596 2785 1751 2822 solstitio

1093 2841 1231 2877 aestivo
1251 2847 1470 2877 crescentem
1491 2842 1644 2878 refertur
1659 2841 1749 2888 (vid.

1093 2895 1271 2947 Descript.
1315 2897 1362 2934 de
1402 2897 1560 2948 l'Egypt.
1600 2897 1749 2947 Antiqq.
