1904 3304
456 296 511 336 52
870 295 908 332 H
937 295 969 331 E
997 295 1032 332 R
1061 294 1096 331 O
1127 293 1161 332 D
1191 294 1226 331 Ο
1253 294 1289 331 Τ
1319 294 1333 331 Ι

127 410 401 472 :pamnoe‘ffiwbggoss
458 420 531 447 νοι
561 400 691 446 εἶναι·
728 401 936 458 ἀπέχουσι
966 401 1012 445 δὲ
1041 402 1146 445 ἑπτὰ
1172 401 1368 459 ἡμερέων
1397 402 1503 447 ὁδὸν
1527 400 1614 447 dmi
1639 407 1723 459 Θη-

264 465 272 478 ’
459 473 574 530 βέων
612 472 683 516 διά
721 474 927 530 ψάμμου·
979 472 1265 529 οὐνομάζεται
1296 474 1340 517 δὲ
1371 472 1395 517 ὁ
1425 479 1565 529 χῶρος
1595 470 1725 526 οὗτος

127 483 230 506 austro
273 487 367 505 arc-ua

127 513 244 546 obmu'
271 520 367 547 pem-
429 541 570 585 Ξκατοέ
594 539 810 601 Ἐλλήνων
838 549 1059 601 γλῶσσαν,
1100 543 1330 601 Μακάρων
1366 549 1521 601 νῆσος·
1575 545 1617 597 ἐς
1646 546 1726 602 μὲν

129 551 207 573 runi.

1120 674 1174 712 30
1204 685 1232 708 S·
1265 674 1357 719 186,
1387 673 1451 713 51.
1513 674 1655 717 Quibus
1693 685 1782 709 sane

1118 729 1310 766 Beatorum
1338 743 1432 778 quae
1461 731 1624 768 feruntur
1645 729 1783 766 insulae

1120 787 1155 821 in
1179 785 1357 822 Atlantico
1385 788 1495 833 mari,
1531 787 1648 836 poetis
1669 785 1782 822 maxi-

1121 856 1177 879 me
1202 842 1426 889 celebratae,
1465 844 1680 880 obversatae
1702 854 1782 879 csse

1121 900 1311 944 videntur,
1370 912 1448 935 cum
1487 899 1705 948 singularem
1744 898 1781 934 in

1121 955 1295 1005 pluralem
1341 960 1616 993 commutarent.
1686 954 1783 991 Hinc

401 691 492 729 pore
515 677 593 714 illos
614 678 650 713 in
673 675 787 712 Oasin
808 674 980 710 maiorem
1001 685 1063 710 ve-

402 736 478 771 nire
500 735 683 784 potuisse,
725 731 823 767 haud
845 730 993 778 quidem
1015 729 1061 765 ab

402 791 498 827 omui
547 788 724 839 probabili
761 787 943 823 abhorret.
1002 786 1062 822 'l'u

401 848 496 884 cons.
517 845 657 883 Miiller.
679 844 864 892 Aeginett.
884 857 919 893 p.
941 844 1005 882 67.

459 897 648 952 οἷπὲχουσι
676 898 719 939 δὲ
757 896 851 937 ἑπτά
883 896 1064 949 ἡμερέων

403 956 508 1008 ὁδὸν]
566 959 649 994 Hoc
686 957 824 1006 optime
864 967 1065 1004 congruere

403 1029 484 1052 cum
499 1028 584 1052 vero
604 1014 765 1050 locorum
783 1012 969 1049 intervallo
988 1025 1066 1047 mo-

403 1076 465 1109 net
490 1071 638 1108 Heeren
662 1070 770 1106 ldeen
794 1069 839 1115 ll,
863 1071 880 1107 1
916 1082 950 1118 p.
970 1069 1064 1106 219.

404 1129 495 1165 Cum
523 1127 619 1164 enim
643 1125 776 1176 duplici
800 1126 857 1161 via
883 1125 930 1161 ad
951 1125 1065 1161 Oasin

403 1184 584 1235 perveniri
620 1183 757 1232 possit,
802 1181 921 1226 illam,
971 1193 1065 1229 quae

404 1240 522 1288 magis
546 1240 732 1275 meridiem
752 1251 875 1275 versus
896 1238 1006 1273 ducat
1031 1240 1066 1273 et

404 1296 562 1344 antiquis
585 1295 807 1344 temporibus
834 1296 990 1331 maxime
1011 1293 1067 1329 su-

405 1353 476 1390 erit
509 1353 768 1400 srequentata,
815 1349 960 1399 explere
999 1348 1066 1384 Lll

403 1409 533 1453 horas,
564 1420 652 1455 quas
674 1407 820 1452 dicunt,
853 1410 889 1441 ut
907 1417 1067 1442 commo-

407 1465 454 1501 de
475 1468 616 1513 septem
639 1463 768 1499 diebus
787 1463 914 1498 confici
940 1461 1067 1511 possit.

408 1520 483 1563 Qui
518 1524 641 1556 autem
666 1519 804 1555 Thebis
836 1518 1069 1555 Ammonium

403 1576 702 1627 proficiscuntur,
741 1575 783 1611 iis
805 1575 927 1612 medio
954 1575 991 1611 in
1013 1574 1070 1610 iti-

405 1645 493 1670 nere
512 1632 580 1668 sita
600 1636 657 1668 est
673 1632 762 1668 haec
777 1632 895 1677 oasis‚
925 1631 985 1668 ubi
1006 1631 1071 1666 ad-

405 1689 474 1726 huc
501 1689 640 1725 mansio
660 1691 716 1725 est
737 1692 774 1724 et
793 1689 904 1725 statio
925 1688 992 1724 iter
1014 1687 1069 1723 fa-

407 1745 590 1782 cientium.
639 1744 746 1780 Conf.
765 1744 925 1781 Heeren.
946 1743 967 1780 l.
989 1744 1012 1780 l.
1035 1757 1070 1793 p.

407 1803 502 1840 220.
548 1800 667 1837 ldeler
695 1799 716 1836 l.
738 1800 759 1836 l.
790 1800 838 1836 lv
868 1814 953 1851 pag.
974 1799 1069 1839 408.

407 1858 502 1898 413.
533 1856 611 1893 coll.
634 1855 787 1893 Rennel.
812 1870 848 1906 p.
869 1859 961 1896 (530.

464 1909 561 1950 κατὰ
573 1908 771 1963 Ἑλλήνων
785 1911 977 1964 γλῶσσαν]
988 1913 1072 1950 Μο-

406 1974 472 2006 net
490 1969 664 2005 Valcken.
688 1969 724 2005 in
743 1969 810 2006 hae
837 1970 988 2006 formula
1014 1982 1071 2006 ar-

406 2025 552 2062 ticulum
573 2022 646 2075 τήν
659 2030 743 2076 post
759 2027 1069 2075 praepositionem

406 2081 516 2130 vulgo
540 2082 650 2128 addi,
690 2086 727 2118 ut
755 2082 800 2128 ll,
827 2084 891 2121 30.
924 2083 985 2129 lV,
1003 2083 1068 2122 52.

407 2139 484 2175 Sed
514 2138 687 2174 omittitur
706 2138 766 2184 lV,
792 2141 882 2178 110.
919 2139 980 2186 vl,
1003 2140 1069 2178 98.

407 2215 462 2221 -
493 2194 551 2231 Ad
572 2194 682 2231 verba
703 2190 764 2233 ὅτι
782 2192 835 2246 μή
856 2196 950 2232 conf.
977 2199 1068 2232 nott.

407 2250 456 2286 ad
481 2249 507 2296 l,
534 2252 597 2288 18.
630 2250 674 2297 ll,
690 2251 757 2290 50.

468 2301 682 2355 Μἀκάρων
725 2305 870 2356 νῆσος]
929 2309 1071 2355 νῆσος

409 2374 490 2398 cum
527 2362 697 2410 Schwgh.
726 2363 844 2398 Gaisf.
879 2366 916 2399 et
939 2362 1068 2401 Matth.

409 2418 662 2466 reponendum
683 2419 828 2463 censui,
869 2418 968 2454 libris
991 2419 1069 2467 ple-

409 2474 533 2521 risque
570 2474 810 2522 probantibus
849 2479 959 2522 atque
987 2476 1069 2512 Ste-

410 2529 518 2578 phan.
552 2529 641 2578 Byz.
674 2543 702 2565 s.
736 2543 767 2567 v.
798 2527 963 2576 Αὕασις.
1024 2531 1071 2567 Et

411 2586 504 2621 hanc
534 2585 724 2623 lectionem
755 2586 883 2622 merito
907 2587 1072 2635 sequitur

410 2641 520 2677 ltalus
553 2642 742 2691 interpres,
807 2642 1072 2691 Wesselingius

410 2697 548 2747 primus
580 2698 734 2735 dederat
771 2699 921 2748 νῆσοι,
970 2700 1070 2747 quod

411 2758 557 2802 praeter
568 2755 659 2790 duos
672 2754 780 2790 libros
798 2755 950 2804 scriptos
963 2767 1070 2804 prae-

412 2809 500 2846 bent
520 2809 638 2856 Valla,
682 2809 934 2859 Olympiodor.
973 2812 1071 2860 apud

411 2864 518 2902 Phot.
538 2879 573 2915 p.
599 2868 673 2905 191
698 2878 725 2902 S.
748 2868 820 2904 111
846 2871 884 2903 et
903 2866 1069 2904 Eustath.

411 2921 459 2958 ad
476 2922 628 2960 Homer.
651 2922 785 2971 Odyss.
809 2922 858 2959 lv
887 2935 923 2973 p.
949 2924 1069 2970 1509,

1121 1019 1240 1048 autem
1271 1013 1402 1048 factum
1424 1013 1576 1062 opinor,
1613 1012 1715 1061 quod
1745 1011 1784 1047 in

1123 1069 1385 1117 epigrammate
1425 1069 1522 1118 apud
1562 1068 1696 1106 Tzetz.
1736 1066 1785 1104 ad

1121 1124 1350 1173 Lycophron.
1381 1124 1487 1164 1194
1515 1138 1600 1174 pag.
1623 1125 1704 1164 952
1726 1123 1786 1161 ed.

1123 1180 1264 1217 Miiller.
1296 1181 1343 1217 de
1372 1195 1443 1216 una
1465 1184 1554 1218 urbe
1574 1181 1786 1218 Thebarum

1122 1237 1299 1273 Boeotiae
1311 1238 1488 1274 invenitur
1504 1234 1580 1275 αἵδ’
1598 1236 1673 1276 εἰσὶ
1690 1239 1784 1274 Μα-

1123 1289 1258 1342 κάρων
1299 1296 1427 1342 νῆσοι.
1487 1294 1672 1342 Singulari
1711 1306 1784 1329 nu-

1123 1362 1224 1386 mero
1265 1350 1312 1386 de
1350 1351 1481 1387 eodem
1514 1351 1674 1399 loquitur
1705 1348 1785 1386 loco

1123 1405 1272 1441 Photius
1304 1404 1390 1442 Lex.
1417 1407 1483 1442 Gr.
1518 1419 1556 1456 p.
1583 1407 1684 1453 178,
1727 1405 1786 1442 cui

1125 1462 1235 1510 iunge
1264 1462 1426 1511 Hesych.
1458 1462 1503 1509 ll,
1528 1463 1593 1508 52,
1625 1463 1727 1499 Suid.
1748 1475 1785 1512 p.

1127 1516 1209 1556 483
1234 1522 1270 1555 et
1288 1518 1480 1555 Phavorin.
1503 1533 1539 1569 p.
1568 1520 1696 1565 1206,
1724 1518 1788 1567 qui

1127 1575 1255 1611 eadem
1271 1576 1460 1612 tradentes
1483 1575 1623 1612 variant
1644 1576 1679 1611 in
1694 1577 1786 1612 Μα-

1127 1626 1261 1680 κάρων
1301 1634 1451 1681 νῆσος
1497 1636 1534 1670 et
1573 1626 1787 1681 Μακάρων

1126 1689 1281 1736 νῆσοι.
1339 1688 1484 1725 Monuit
1522 1688 1613 1725 haec
1648 1687 1788 1724 Creu-

1127 1756 1209 1780 zer.
1243 1744 1279 1780 in
1307 1744 1526 1781 Coinmeutt.
1556 1745 1722 1782 Herodd.
1749 1757 1786 1794 p.

1128 1802 1192 1839 91.
1245 1801 1298 1836 Ac
1319 1813 1425 1837 nemo
1447 1802 1522 1838 fere
1542 1801 1676 1846 nescit,
1715 1801 1787 1837 iam

1126 1862 1267 1893 mature
1290 1857 1488 1894 Beatorum
1518 1857 1652 1893 insulas
1687 1858 1788 1894 inve-

1126 1913 1192 1950 niri
1220 1918 1257 1949 et
1280 1913 1418 1950 laudari
1437 1914 1543 1950 sedes
1562 1914 1703 1963 piorum
1722 1912 1789 1949 ho-

1127 1969 1263 2006 minum
1293 1972 1365 2006 vita
1390 1970 1663 2016 defunctorum,
1703 1973 1789 2019 post

1127 2030 1263 2067 autem,
1290 2025 1446 2075 Augusti
1471 2027 1699 2076 potissimum
1726 2038 1788 2063 ae-

1125 2095 1170 2118 vo
1194 2086 1230 2119 et
1248 2083 1413 2131 sequenti
1434 2083 1524 2120 haec
1545 2083 1788 2132 maximopere

1126 2144 1302 2176 exornata
1325 2143 1362 2176 et
1382 2139 1735 2190 amplificatasuisse
1766 2151 1788 2176 a

1123 2196 1254 2246 poetis.

1182 2251 1240 2287 Ad
1261 2251 1440 2288 Herodoti
1461 2250 1575 2287 locum
1604 2250 1703 2299 quod
1727 2253 1786 2287 at-

1126 2307 1237 2350 tinet,
1277 2307 1373 2343 haud
1404 2307 1531 2343 mirum
1559 2319 1639 2344 esse
1665 2306 1790 2343 scribit

1128 2362 1247 2399 ldeler
1273 2362 1294 2398 l.
1322 2362 1342 2398 l.
1372 2375 1407 2411 p.
1430 2364 1522 2402 397.
1547 2364 1652 2410 398,
1690 2362 1790 2412 quod

1127 2419 1216 2455 haec
1233 2417 1428 2468 appellatio
1448 2420 1496 2456 ad
1511 2419 1628 2456 Oases
1647 2418 1790 2456 Africae

1128 2487 1273 2523 quoque
1297 2475 1402 2511 fuerit
1424 2476 1612 2521 traducta,
1652 2476 1789 2525 quippe

1128 2543 1223 2578 quae
1250 2531 1411 2567 sontibus
1434 2532 1677 2577 abundantes,
1708 2531 1791 2569 her-

1128 2587 1254 2624 barum
1269 2588 1510 2636 arborumque
1526 2589 1616 2624 flore
1628 2587 1790 2636 insignes

1128 2644 1192 2689 iis,
1238 2644 1299 2692 qui
1336 2657 1355 2680 e
1392 2643 1545 2681 desertis
1579 2644 1790 2690 adveniant,

1128 2712 1236 2735 verae
1266 2699 1460 2736 videantur
1488 2713 1569 2737 esse
1598 2700 1789 2738 beatorum

1127 2756 1245 2792 sedes.
1306 2755 1405 2792 ldem
1434 2762 1559 2793 monet
1576 2755 1746 2793 Minutoli
1765 2755 1788 2794 l.

1128 2811 1148 2846 l.
1170 2825 1204 2860 p.
1227 2811 1291 2850 85.
1313 2832 1368 2838 —-
1397 2811 1477 2858 „Ac
1503 2813 1715 2863 pervenisse
1741 2812 1790 2848 ad

1129 2867 1293 2903 Graecos
1321 2868 1485 2906 homines
1514 2869 1648 2906 samam
1667 2867 1794 2918 Elysii

1128 2923 1164 2960 in
1185 2924 1436 2973 Aegyptiorum
1456 2925 1593 2975 finibus
1619 2924 1697 2971 siti,
1735 2923 1790 2961 lo-
