1904 3304
54 649 119 694 37

587 249 933 288 THALIA.

994 250 1055 287 lll.
1395 253 1452 291 69

150 370 248 412 9τες
270 364 421 412 τοῦτο,
451 360 712 416 ἐπήγγελλον
743 360 862 417 αὐτῷ
894 359 951 410 ὡς
979 361 1155 415 περιείη.
1209 358 1452 416 Καμβύσης

179 431 224 475 δὲ
255 432 466 487 ,,Κροίσῳ
497 432 576 486 μὲν
607 430 899 487 συνήδεσθαι,
931 431 1033 485 ἔφη,
1064 428 1300 483 περιεόντι·
1347 430 1450 473 ἐκεί-

177 519 284 553 νους
313 503 461 558 μέντοι
483 502 587 553 τούς
608 503 971 560 περιποιήσαντας
993 499 1048 543 οὐ
1068 502 1452 554 καταπροΐξεσθαι,

179 572 275 618 ἀλλ’
310 574 601 617 ἀποκτενέειν.
613 579 637 597 “

698 576 770 617 καὶ
799 574 971 628 ἐποίησε
1002 576 1154 615 ταῦτα.

177 716 427 774 ξυμμάχους
455 716 723 771 ἐξεμαίνετο,
763 716 905 771 μένων
934 715 981 758 ἐν
1005 714 1182 769 Μέμφι,
1214 715 1286 758 καὶ
1313 714 1454 771 θήκας

176 807 220 835 τε
242 787 430 838 παλαιάς
462 786 672 842 ἀνοίγων,
702 788 773 831 καὶ
796 786 1087 842 σκεπτόμενος
1116 786 1218 837 τούς
1247 784 1449 840 νεκρούς.

149 863 225 913 2ἐς
250 861 295 905 δὲ
323 860 374 916 δὴ
406 859 477 902 καὶ
507 863 586 902 τοῦ
610 857 854 914 ‘Htpat'otov
884 859 932 902 τὸ
964 857 1059 912 ἱρὸν
1092 851 1217 912 ἦλθε,
1248 859 1321 901 καὶ
1349 861 1450 900 πολ-

179 933 231 977 λοὶ
262 937 322 989 τῷ
353 929 565 987 ἀγάλματι
602 930 866 986 κατεγέλασε.

927 929 1016 972 ἔστι
1054 927 1137 983 γάρ
1176 933 1254 971 τοῦ
1293 928 1454 983 ‘quc-

181 1018 287 1049 στου
326 1003 530 1059 τῶγαλμα
567 1007 679 1045 τοῖσι
711 1004 1004 1058 Φοινικηίοισι
1036 1002 1296 1044 Παταΐκοῖσι
1325 999 1451 1055 ἐμφε-

123 1176 364 1231 ἐπήγγελλον
384 1191 453 1229 pro
471 1178 567 1227 vulg.
596 1176 781 1229 ἐπηγγέλ-

125 1240 254 1282 λοντο,
284 1237 382 1285 quod
403 1236 550 1272 retinuit
571 1235 704 1271 Matth.

181 1293 356 1337 ἐκείνους
385 1290 518 1341 μέντοι
553 1288 646 1336 τούς
673 1306 782 1341 περι-

124 1343 783 1400 ποιήσανταςοῦκαταπροΐξεσθαι]

124 1407 147 1443 i.
172 1420 203 1443 e.
239 1419 268 1441 se
288 1419 355 1441 non
378 1407 518 1453 ‘impune
541 1404 697 1439 laturum
717 1417 783 1449 eos,

125 1465 187 1512 quc'
210 1462 328 1498 Croeso
355 1463 464 1497 vitam
486 1464 694 1507 servassent,
727 1460 786 1496 sed

124 1531 178 1555 eos
198 1517 473 1567 interfecturum.
534 1518 693 1554 Verbum
718 1532 787 1554 κα-

123 1575 410 1626 ταπροΐξεσθαι
447 1573 569 1610 Gloss.
602 1574 784 1610 Herodot.

123 1633 289 1682 exponit:
319 1634 465 1680 προῖκα
496 1632 675 1680 ποιῆσαι,
707 1626 785 1668 α’τι-

124 1687 295 1738 μωρητὶ,
338 1683 426 1726 οἷον
462 1682 786 1736 καταφρονήσας.

120 1744 294 1782 Valcken.
305 1745 352 1780 ad
371 1745 469 1781 verbi
481 1744 785 1791 significationem

122 1800 372 1838 illustrandam
385 1801 514 1838 excitat
529 1801 709 1838 Herodot.
719 1800 783 1846 ΙΙΙ,

126 1859 218 1898 156.
238 1858 283 1903 V,
308 1859 397 1898 105.
423 1857 501 1902 Vll,
528 1859 597 1902 17,
620 1857 680 1893 ubi
700 1870 784 1907 par—

122 1915 284 1963 ticipium
309 1914 528 1962 adiungitur,
550 1914 785 1964 Aristophan.

123 1970 236 2020 Vesp.
279 1971 397 2010 1357.
437 1969 659 2019 Thesmoph.
692 1971 785 2011 573.

124 2025 222 2074 qu.
242 2025 335 2066 433.
397 2024 494 2062 Nam
516 2026 610 2062 hisce
630 2039 720 2062 unus
742 2038 786 2062 ex

124 2082 254 2119 Atticis
281 2083 349 2118 hoc
372 2083 484 2118 verbo
512 2082 577 2117 hac
602 2083 787 2130 significa-

125 2139 223 2175 tione
255 2140 379 2175 utitur.
428 2137 488 2174 Tu
517 2138 589 2174 vid.
620 2138 785 2175 Lobeck.

125 2195 172 2231 ad
198 2195 388 2243 Phrynich.
410 2207 493 2244 pag.
521 2197 609 2234 169.
645 2195 787 2231 Geuiti-

124 2264 187 2287 vus
216 2252 277 2288 ubi
309 2251 477 2297 additur,
510 2251 706 2297 irridendi,
731 2253 786 2286 ιἰι-

124 2307 288 2344 sultandi
303 2308 602 2356 significationem
622 2308 786 2353 assumit,

123 2370 295 2402 monente
335 2365 463 2401 eodem
502 2364 674 2401 Valcken.
719 2364 787 2401 Cr.

123 2420 250 2458 laudat
274 2422 320 2458 ad
345 2421 378 2457 h.
396 2420 418 2457 l.
442 2421 603 2458 Ernesti.
637 2422 685 2457 ad
707 2420 785 2456 Ari-

125 2478 242 2527 stoph.
266 2477 390 2515 Nubb.
414 2479 531 2516 1241.
558 2498 606 2504 —
628 2477 685 2513 Ad
703 2490 787 2526 par-

125 2533 268 2570 ticulam
293 2532 423 2585 μέντοι
448 2535 541 2571 conf.
564 2534 628 2581 Ill,
655 2536 720 2573 31.

294 2636 399 2686 cap.
430 2636 616 2672 xxxvii.

184 2712 223 2759 ἐς
249 2710 289 2751 δὲ
312 2712 359 2763 δή
385 2713 452 2752 καὶ
479 2716 552 2753 τοῦ
569 2713 786 2764 Ἡφαίστου

126 2766 169 2807 w*
205 2767 318 2820 ἱρόν]
359 2770 416 2807 De
449 2784 522 2819 quo
551 2771 686 2822 templo
714 2771 786 2807 vid.

126 2830 217 2861 nott.
246 2827 293 2862 ad
317 2826 360 2872 ll,
383 2828 448 2866 99.
472 2848 520 2854 —
548 2827 606 2864 Ad
632 2832 790 2864 structu-

128 2893 203 2918 ram
237 2883 336 2920 verbi
366 2885 582 2935 καταγελᾶν
615 2883 653 2921 in
682 2896 785 2933 seqq.

840 1180 934 1215 conf.
960 1178 1090 1215 Matth.
1120 1178 1185 1214 Gr.
1208 1177 1274 1214 Gr.
1302 1189 1388 1227 pag.
1412 1176 1506 1216 735.

840 1236 936 1271 Add.
961 1235 1142 1272 Herodot.
1164 1233 1228 1279 Ill,
1248 1235 1314 1273 38.

900 1306 1001 1340 τοῖσι
1042 1302 1313 1351 Φοινικηίοισι
1353 1302 1507 1339 Παταΐ-

841 1362 947 1397 κοῖσι
979 1356 1290 1409 ἐμφερέστατον]
1345 1356 1403 1394 De
1435 1356 1508 1394 Pa-

842 1417 963 1460 raecis,
995 1415 1219 1451 Phoenicum
1243 1415 1324 1459 diis,
1352 1413 1509 1451 Wessel.

842 1472 978 1509 consuli
1001 1471 1078 1507 vult
1098 1471 1252 1507 Stanlei.
1273 1471 1319 1506 ad
1340 1468 1509 1518 Aeschyl.

844 1530 883 1565 S.
910 1542 939 1565 c.
963 1528 1034 1564 Th.
1061 1526 1155 1566 214.
1197 1527 1258 1564 Tu
1283 1527 1354 1563 vid.
1379 1527 1508 1563 Ruhn-

843 1586 928 1622 ken.
945 1585 980 1621 in
994 1584 1090 1621 Diss.
1106 1584 1153 1621 de
1166 1584 1268 1620 tutel.
1290 1588 1326 1620 et
1349 1583 1510 1631 insigna.

843 1655 948 1678 navv.
979 1653 1064 1691 pag.
1093 1642 1176 1680 216
1207 1640 1363 1690 Opuscc.
1397 1644 1508 1676 oratt.

843 1698 911 1746 (T.
941 1697 955 1734 l
988 1711 1023 1748 p.
1054 1696 1136 1737 416
1170 1697 1270 1747 opp.
1301 1696 1359 1734 ed.
1391 1696 1508 1744 Berg-

842 1752 985 1803 mann.)
1016 1754 1138 1802 ibique
1168 1753 1318 1790 Selden.
1352 1753 1400 1790 de
1426 1751 1508 1789 Diis

842 1812 941 1860 Syrr.
962 1811 1008 1856 ll,
1032 1812 1080 1850 16
1104 1823 1188 1859 pag.
1210 1811 1306 1849 279.
1336 1808 1509 1857 Namque

843 1868 910 1905 hoe
940 1880 1073 1905 nomen
1102 1866 1211 1903 latius
1243 1866 1363 1916 patuit
1393 1865 1508 1901 omni-

844 1925 987 1973 busque
1019 1924 1086 1960 diis
1114 1922 1321 1961 Phoeniciis
1357 1934 1399 1959 ac
1433 1922 1507 1958 for-

844 1986 942 2018 tasse
962 1993 1111 2029 quoque
1131 1980 1232 2027 Syris
1255 1979 1324 2015 fuit
1346 1991 1506 2015 commu—

845 2050 913 2083 ne,
944 2038 990 2073 ad
1010 2036 1271 2084 significandos
1291 2035 1394 2081 deos,
1414 2047 1506 2083 quos

844 2093 991 2129 cubitali
1009 2093 1126 2140 figura
1156 2097 1217 2128 aut
1236 2091 1408 2141 pygmaei
1431 2095 1507 2127 sta-

843 2154 924 2186 tura
953 2149 990 2185 in
1023 2148 1176 2184 navibus
1207 2160 1326 2184 secum
1354 2148 1505 2184 circum-

844 2206 1036 2251 ferebant,
1076 2208 1203 2254 utpote
1232 2204 1374 2240 navium
1406 2207 1504 2239 tuto—

844 2276 901 2299 res
920 2266 957 2299 et
977 2262 1067 2298 deos
1093 2273 1322 2298 averruncos.
1367 2259 1505 2296 Eorum

843 2320 954 2367 igitur
986 2319 1034 2355 ad
1072 2317 1225 2354 formam
1257 2317 1441 2353 Vulcanus
1477 2329 1507 2355 s,

843 2375 989 2411 Phthah
1019 2375 1085 2411 sub
1117 2374 1235 2422 figura
1261 2373 1348 2410 nani
1377 2372 1508 2409 barba-

842 2433 868 2468 ti
905 2431 1272 2481 repraesentabatur,
1306 2429 1511 2466 cuiusmodi

841 2488 1011 2539 pygmaei
1030 2487 1152 2537 plures
1171 2486 1355 2535 hodieque
1376 2486 1414 2522 in
1434 2484 1508 2523 Ae-

843 2546 1050 2595 gyptiorum
1073 2543 1289 2592 anaglyphis
1319 2542 1508 2579 inveniun—

843 2607 911 2638 tur.
963 2601 1047 2637 vid.
1072 2600 1172 2637 Hirt.
1202 2600 1239 2635 in
1259 2598 1510 2636 Denkschrift.

845 2658 880 2694 d.
914 2655 1010 2694 Berl.
1034 2655 1147 2693 Acad.
1180 2656 1288 2694 1822
1319 2667 1405 2705 pag.
1430 2654 1506 2693 141

847 2719 883 2750 et
903 2714 1078 2750 Creuzer.
1097 2711 1261 2760 Symbol.
1283 2711 1298 2747 Ι
1319 2724 1403 2761 pag.
1415 2710 1509 2752 531.

847 2770 920 2813 Qui
946 2769 1128 2806 Vulcanus
1152 2768 1240 2805 inde
1272 2767 1415 2804 Cabiris
1436 2765 1509 2803 Ae-

844 2826 981 2876 gyptiis
994 2825 1121 2862 merito
1135 2827 1349 2861 accensetur
1366 2835 1509 2861 eorum-

845 2895 917 2932 que
937 2894 1085 2933 praeses
1107 2881 1272 2918 habetur.
1305 2880 1399 2917 Cum
1411 2878 1507 2916 enim

1546 628 1610 655 Alia
1640 635 1754 662 genera

285 643 335 688 ‘O
356 645 434 700 μὲν
455 644 506 700 δὴ
526 649 708 688 τοιαῦτα
732 645 870 688 πολλοὶ
893 644 934 695 ἐς
961 643 1135 696 Πέρσας
1164 660 1208 686 τε
1238 643 1311 686 καὶ
1341 642 1669 697 v013995cambysis
1706 662 1787 688 insa-

1511 697 1605 723 niae:
1658 695 1787 722 Vulcani

1510 730 1651 764 templum
1686 733 1717 756 et
1748 728 1787 755 si-

1511 764 1691 791 mulacrum:
1731 762 1787 789 Pa-

1511 797 1581 824 taici
1613 796 1785 823 Phoenicii:

1511 831 1655 866 templum
1684 834 1716 857 ct
1748 829 1787 855 εἰ-

1510 869 1594 911 214

1512 923 1646 949 mulacra
1663 920 1787 948 cabiro-

1513 964 1588 983 rum.
