1904 3304
444 252 473 289 o
589 294 593 298 y
831 240 1298 282 HERonoTl

439 356 616 409 κούρων
652 357 741 397 τῶν
774 351 976 409 Ἀμάσιος
1014 348 1128 406 ἀνὴρ
1167 348 1296 405 γένος
1323 347 1403 405 μὲν
1427 345 1702 406 Ἁλικαρνησ-

441 428 562 478 σεὺς,
613 425 783 480 οὕνομα
825 422 873 467 δέ
914 424 957 467 οῖ
993 420 1168 477 Φάνης,
1211 419 1286 463 καὶ
1321 417 1500 474 γνώμην
1536 420 1702 472 ἱκανὸς,

412 499 517 541 3καὶ
545 496 597 539 τὰ
626 496 808 551 πολέμια
839 494 1031 550 ἄλκιμος.
1091 487 1224 542 οὗτος
1263 489 1288 534 ὁ
1328 489 1501 546 Φάνης,
1540 491 1705 548 μεμφό-

440 567 570 624 μενός
609 566 692 610 κού
732 584 772 610 τι
811 564 982 623 Ἀμάσι,
1021 561 1292 619 ἐκδιδρήσκει
1328 563 1470 618 πλοίῳ
1499 561 1543 615 ἐξ
1572 562 1705 619 Αἰγύ-

412 646 580 688 4πτου,
624 637 893 693 βουλόμενος
922 633 1141 691 Καμβύσῃ
1175 633 1320 677 ἐλθεῖν
1349 633 1391 684 ἐς
1418 632 1593 689 λόγους.
1635 630 1763 678 οἶα70

441 709 487 753 δὲ
514 709 642 752 ἐόντα
674 706 810 751 αὐτὸν
838 708 886 752 ἐν
916 712 1031 751 τοῖσι
1061 705 1334 762 ἐπικούροισι
1362 703 1498 761 λόγου
1529 705 1584 748 οὐ
1612 716 1705 762 σμι-

444 784 578 834 κροῦ,
610 778 893 835 ἐπιστάμενόν
920 796 966 823 τε
994 777 1048 822 τὰ
1078 779 1175 834 περὶ
1208 779 1428 833 Αἴγυπτον
1457 775 1705 832 ἀτρεκέστα-

439 868 514 903 τα,
568 849 821 906 μεταδιώκει
869 851 893 895 ὁ
930 849 1134 906 Ἄμασις,

1202 847 1401 905 σπουδήν
1447 847 1708 904 ποιεύμενος

414 923 568 966 5ἔλεῖν.
628 921 883 976 μεταδιώκει
921 922 987 972 δὲ,
1026 925 1116 964 τῶν
1145 919 1372 976 εὐνούχων
1402 918 1481 963 τὸν
1508 919 1709 964 πιστότα-

441 1010 518 1037 τον
560 992 816 1044 ἀποστείλας
853 992 1026 1049 τριήρεϊ
1058 991 1150 1036 κατ’
1181 990 1340 1035 αὐτόν·
1390 990 1440 1042 ὃς
1471 991 1607 1045 αἱρέει
1636 998 1766 1048 μιν75

442 1065 489 1109 ἐν
531 1066 697 1121 Λυκίῃ,
749 1063 858 1107 ἑλών
894 1064 964 1116 δὲ,
1021 1061 1104 1108 οὐκ
1145 1062 1335 1119 ἀνήγαγε
1378 1063 1421 1115 ἐς
1459 1064 1709 1118 Αἴγυπτον·

443 1137 578 1192 σοφίῃ
619 1135 702 1191 γάρ
743 1152 820 1192 μιν
857 1139 1064 1192 περιῆλθε
1106 1134 1129 1178 ὁ
1174 1135 1337 1192 Φάνης.

389 1300 460 1337 que
487 1287 662 1332 Caribus,
701 1287 892 1334 conducti,
921 1285 1047 1337 quales

389 1345 459 1381 iam
490 1348 577 1381 ante
607 1344 758 1380 Amasin
786 1343 921 1394 Apries
961 1355 1048 1380 con·

389 1402 542 1437 duxerat
581 1413 736 1449 eumque
780 1405 927 1438 secutus
968 1400 1049 1450 ipse

390 1455 556 1503 Amasis,
599 1469 706 1505 quem
739 1458 886 1494 omnino
916 1453 1048 1505 φιλέλ-

389 1515 490 1563 ληνα
525 1513 786 1562 praedicabant
824 1512 897 1560 (ΙΙ,
928 1513 1049 1560 178).

389 1569 447 1605 Tu
460 1569 557 1606 conf.
578 1568 624 1614 ll,
643 1570 720 1608 163
734 1569 924 1617 ibiqnott.
949 1569 1048 1607 Add.

392 1626 455 1673 111,
479 1626 639 1664 11.139
660 1624 736 1662 coll.
762 1624 854 1665 145.
878 1625 968 1666 146.

447 1679 515 1719 καὶ
542 1677 590 1718 τοὶ
621 1679 837 1731 πολέμια
871 1679 1048 1732 ἄλκιμος]

391 1735 439 1776 τοὶ
469 1735 637 1787 πολέμια
658 1738 792 1774 Aldina
828 1739 939 1775 editio
978 1751 1051 1775 una

392 1807 472 1831 cum
497 1794 609 1830 tribus
628 1794 736 1831 codd.
766 1794 926 1843 Reliqui,
957 1796 1051 1832 inter

393 1863 484 1899 quos
516 1849 747 1887 Florentinus
779 1863 821 1888 ac
842 1851 1051 1889 Mediceus:

392 1902 441 1944 τὰ
471 1903 748 1956 πολεμικά,
780 1908 879 1956 quod
904 1920 945 1944 ex
966 1921 1052 1945 con-

393 1964 532 2000 iectura
550 1963 626 1999 sive
639 1964 893 2001 emendatione
908 1964 971 2000 viri
989 1978 1052 2001 cu-

395 2019 535 2056 iusdam
556 2019 655 2056 docti
675 2025 794 2056 ortum
814 2020 968 2067 videtur,
992 2021 1054 2069 qui

393 2072 440 2113 τα“
464 2073 631 2125 πολέμια
650 2076 746 2112 haud
765 2089 845 2112 raro
863 2090 931 2113 rem
956 2078 1051 2114 mili-

394 2135 514 2178 tarem,
545 2145 597 2167 res
613 2131 755 2168 bellicas
772 2133 931 2170 indicare
948 2134 1053 2182 igno-

395 2189 511 2227 rabat.
559 2187 617 2225 De
647 2201 719 2236 qua
747 2190 845 2226 vocis
872 2191 1054 2238 significa·

394 2244 494 2280 tione
523 2244 786 2293 VVesselingius
811 2247 899 2282 citat
920 2246 963 2291 V,
988 2248 1055 2285 78.

397 2301 489 2338 111.
521 2300 601 2344 VH,
624 2302 648 2338 9
674 2298 711 2350 ξ.
733 2303 770 2339 3.
790 2302 968 2347 238.1X‚
987 2304 1055 2348 57,

395 2355 467 2392 alia
507 2356 557 2391 ad
594 2355 744 2392 Diodor.
780 2357 891 2394 Sicul.
926 2357 953 2404 1,
989 2357 1055 2397 54.

395 2410 491 2449 Add.
522 2411 682 2460 Kriiger.
732 2414 780 2449 ad
820 2414 1054 2464 Xenophont.

396 2465 555 2504 Anabas.
583 2467 611 2513 l,
633 2469 657 2507 6
680 2466 715 2518 ς.
739 2471 774 2507 1.
797 2489 855 2496 ·—-
883 2469 1058 2507 Locutio-

395 2535 477 2560 nem
511 2521 646 2561 ἐλθεῖν
670 2523 709 2570 ἐς
730 2520 874 2573 λόγους
897 2526 964 2572 (ad
984 2527 1054 2562 col-

395 2578 546 2628 loquium
566 2582 700 2626 υεηίτε,
729 2582 922 2632 colloqui),
962 2596 1057 2632 quae

395 2635 560 2685 proxime
616 2637 816 2685 invenitur,
881 2641 1057 2689 expressit

396 2691 595 2728 Pausanias
622 2693 656 2737 1,
685 2695 737 2732 22
762 2693 796 2744 §.
827 2696 851 2734 3
883 2702 1056 2734 monente

395 2747 530 2786 Siebel.
556 2748 605 2785 ad
634 2749 668 2788 h.
699 2749 721 2786 l.
787 2750 847 2787 Ad
884 2747 967 2789 οἷα
1007 2752 1056 2792 δέ

397 2804 491 2840 oons.
512 2816 621 2854 supra
648 2805 676 2852 1,
709 2808 802 2846 189.
833 2807 877 2854 ΙΙ,
896 2810 962 2847 28.

451 2859 688 2908 ἀποστείλας
731 2878 750 2900 τ
761 2878 783 2915 ρ
794 2878 809 2902 ι
818 2859 844 2915 η’
854 2879 876 2916 ρ
888 2879 903 2903 ε
914 2872 932 2903 ἰ’
967 2880 1038 2904 κατ
1047 2861 1055 2875 ’

1405 1133 1711 1191 καταμεθύσας

1103 1280 1242 1335 αὐτόν]
1275 1285 1350 1323 i.e.
1374 1306 1430 1314 -—
1458 1284 1692 1322 manchon-um
1713 1285 1768 1334 fi-

1105 1342 1286 1379 dissimum
1311 1343 1420 1378 mittit
1446 1354 1525 1379 cum
1544 1343 1635 1378 navi
1653 1340 1702 1378 ad
1721 1340 1768 1378 il-

1105 1399 1188 1436 lum.
1257 1398 1298 1435 [n
1318 1398 1552 1444 Florentino,
1586 1397 1772 1445 Mediceo,

1105 1456 1274 1504 binisque
1305 1454 1404 1492 aliis:
1439 1449 1596 1519 τριήρη.
1654 1453 1773 1504 Equi-

1107 1512 1191 1549 dem
1215 1512 1348 1548 retinui
1367 1507 1521 1563 τριήρει·
1549 1509 1646 1561 (sive
1663 1505 1771 1562 τριή-

1108 1567 1204 1620 ρει),
1245 1569 1345 1617 quod
1364 1568 1627 1618 VVesselingius
1649 1567 1773 1604 firma-

1107 1627 1159 1662 vit
1191 1625 1246 1661 his
1279 1623 1772 1672 locis:111,44.V1,39-

1108 1682 1153 1728 V,
1174 1681 1239 1721 85.
1270 1682 1361 1719 Inde
1381 1683 1514 1732 opinor
1535 1685 1654 1731 patet,
1682 1680 1774 1731 quid

1108 1738 1345 1775 statuendum
1374 1739 1423 1776 sit
1443 1739 1492 1776 de
1519 1738 1587 1786 lli,
1617 1738 1686 1786 52,
1712 1736 1773 1774 ubi

1108 1795 1182 1831 vid.

1166 1850 1289 1915 σοφίῃ
1322 1845 1396 1903 γάρ
1426 1865 1494 1902 μιν
1524 1852 1721 1901 περιῆλθε
1753 1846 1776 1890 ὃ

1112 1902 1291 1957 Φάνης]
1284 1921 1305 1943 ι.
1326 1921 1355 1945 e.
1369 1908 1459 1955 dolo,
1480 1907 1681 1945 calliditate
1698 1918 1775 1944 eum

1109 1966 1337 2000 circumvenit
1349 1964 1500 2002 Phanes.
1531 1964 1684 2014 σοφίην
1699 1963 1774 2001 oal-

1109 2020 1285 2057 lt'clitatem
1304 2022 1488 2068 indicare,
1518 2022 1566 2058 ad
1590 2021 1776 2058 Herodot.

1110 2078 1156 2124 11,
1184 2079 1263 2117 172
1289 2084 1483 2116 monuerat
1500 2077 1675 2114 Valcken.
1715 2076 1775 2113 Ad

1109 2135 1258 2171 verbum
1282 2137 1477 2185 περιῆλθε
1495 2134 1592 2171 conf.
1611 2133 1775 2170 Pausan.

1110 2190 1175 2237 Vi,
1202 2192 1252 2229 18
1275 2189 1311 2241 §
1334 2193 1380 2230 2:
1419 2189 1534 2242 τέχνῃ
1568 2191 1776 2240 περιῆλ-

1111 2250 1173 2285 θε
1186 2275 1195 2293 ,
1227 2247 1504 2284 ubiHer-odotei
1523 2245 1593 2282 loci
1614 2258 1689 2282 non
1708 2246 1777 2282 im-

1112 2315 1251 2339 memor
1270 2303 1335 2338 fuit
1355 2303 1520 2341 Siebelis.
1559 2302 1674 2340 Paulo
1692 2305 1779 2353 post

1114 2372 1157 2395 ex
1186 2358 1352 2398 Florent.
1381 2373 1460 2396 cum
1495 2359 1702 2408 Schweigh.
1738 2361 1778 2396 et

1115 2415 1231 2452 Gaisf.
1250 2417 1477 2465 reposuimus
1490 2411 1778 2466 στρατεύεσθαι

1116 2466 1315 2525 Καμβύσῃ
1330 2489 1340 2520 ,-
1365 2486 1460 2521 quae
1476 2472 1586 2521 vulgo
1601 2471 1778 2522 legeban-

1114 2531 1173 2564 tur
1205 2529 1332 2565 ordine
1364 2530 1519 2567 inverso.
1575 2528 1634 2566 Ad
1664 2528 1777 2566 verba

1114 2579 1323 2632 ἀπορέοντι
1348 2583 1422 2633 τήν
1445 2586 1576 2625 ἔλασιν
1597 2585 1640 2633 (i.
1660 2598 1693 2622 e.
1713 2585 1778 2634 qui

1112 2641 1154 2677 de
1176 2643 1295 2678 itinere
1322 2644 1475 2680 incertus
1499 2645 1599 2689 erat,
1638 2641 1778 2678 consilii

1112 2700 1250 2747 expers)
1269 2701 1362 2736 conf.
1382 2700 1445 2747 lv,
1473 2701 1564 2739 179.
1585 2699 1613 2745 Ῑ,
1625 2699 1680 2740 75
1696 2697 1775 2736 0⁰11·

1113 2754 1158 2801 ΙΙ,
1182 2757 1252 2794 121
1277 2754 1314 2806 ἓ.
1336 2758 1373 2796 3.
1426 2757 1467 2794 ln
1488 2755 1652 2806 proxime
1671 2766 1776 2804 seqq.

1114 2811 1301 2865 διεκπερᾷ
1331 2826 1399 2862 pro
1437 2814 1560 2850 futuro
1596 2811 1776 2862 aecipien-

1114 2868 1210 2905 dum.
1243 2869 1302 2906 Tu
1322 2870 1418 2907 conf.
1429 2868 1591 2908 Fischer.
1611 2869 1660 2907 ad
1675 2865 1777 2905 wel-

1884 2054 1888 2070 ⁸

1884 2128 1904 2167 τ’,

1892 2178 1895 2192 )

1884 2227 1889 2302 ξ

1885 2316 1896 2357 Ἰ

1893 2370 1896 2381 ο

1894 2402 1895 2412 1

1894 2455 1896 2464 ι
