1904 3304
62 337 129 383 88

189 405 330 447 δεκτο·

586 217 936 257 THALIA.
996 216 1058 254 Ill.
1376 216 1459 257 155

298 328 485 383 Δαρεῖός
517 345 562 372 τε
594 327 670 384 δή,
707 328 729 372 ὁ
755 326 1042 379 Ὑστάσπεος,
1073 324 1274 382 βασιλεὺς
1306 321 1459 367 άπεδέ-
1517 324 1602 352 ”³¹¹¹
1582 333 1637 385 ωῗ,
1670 324 1794 386 {mrem

390 402 464 444 καί
507 402 551 443 οἱ
588 402 702 456 ησαν
740 399 786 442 ἐν
816 403 868 456 τῆ
903 397 1018 455 Ἀσίη
1050 396 1207 447 πάντες
1236 393 1458 451 κατήκοοι,
1518 368 1721 457 gfffigg'l‘f
1711 398 1795 454 ῦθὲξῑ·

633 470 791 524 Κύρου
832 487 875 513 τε
914 468 1347 523 καταστρεψαμένου,
1387 466 1462 509 καὶ
1520 468 1630 520 {JW
1645 460 1709 520 (11ῗῆ
1703 461 1779 521 “rso

186 472 297 528 πλὴν
334 471 550 545 Ἀραβίων
563 504 573 522 ,

1611 532 1692 554 nutm
1733 503 1779 554 2ῐὲ

156 543 374 598 Ξῦστερον
405 539 526 593 αὖτις
558 540 817 598 Καμβύσεω.
871 539 1063 596 Ἀράβιοι
1093 540 1139 583 δὲ
1170 536 1345 592 ου’δαμά
1375 553 1449 580 κα·
1462 536 1579 588 8οξ’,“,““
1554 537 1605 588 ,ξ
1626 548 1778 596 ,ἀερωὸω
1759 571 1795 590 „³

184 611 407 670 τήκουσαι)
437 614 506 657 ἐπὶ
536 613 785 669 δουλοσύνῃ
819 612 1039 668 Πέρσησι,
1074 610 1181 654 ἄλλα
1212 611 1345 663 ξεῖνοι
1375 607 1458 663 ἐγέ-

186 701 337 736 νοντο,
380 685 586 741 παρέντες
617 685 857 741 Καμβύσεα
893 683 961 727 ἐπ’
995 685 1242 738 Αἴγυπτον·

1304 678 1461 724 ἀεκόν-

186 773 274 800 των
303 757 385 813 γὰρ
413 757 630 812 Ἀραβίων
659 755 739 800 οὐκ
771 755 824 798 ἂν
854 754 1078 811 ἐσβάλοιεν
1109 753 1278 807 Πέρσαι
1312 752 1354 804 ἐς
1384 753 1461 795 Αἵ-

156 834 177 867 3
189 844 370 883 γυπτον.

132 996 226 1042 195,
254 1000 292 1033 et
314 1009 406 1045 quae
424 996 492 1033 alia
516 996 604 1033 citat
625 996 794 1034 Creuzer.

130 1054 167 1090 in
188 1053 330 1090 Melett.
351 1053 365 1089 Ι
387 1066 473 1103 pag.
501 1056 564 1094 12.
583 1074 639 1081 —
663 1067 797 1103 χρεμε-

130 1110 248 1156 τίζειν
267 1110 396 1147 effidem
417 1110 452 1146 in
471 1123 509 1146 re
532 1111 715 1147 narranda
729 1111 798 1146 ad-

130 1167 246 1204 hibuit
275 1167 419 1204 Ctesias
448 1166 631 1215 Excerptt.
671 1167 793 1203 Perss.

134 1222 169 1274 ἓ.
199 1222 247 1263 15
271 1228 323 1270 et,
346 1227 523 1260 monente
551 1223 633 1270 Cr„
665 1222 794 1272 Olym-

131 1279 229 1330 piod.
257 1279 295 1316 in
326 1280 550 1316 Commentt.
575 1280 611 1316 in
635 1278 750 1316 Alcib.
778 1279 795 1316 I

131 1348 215 1387 pag.
238 1335 305 1376 46·
331 1335 422 1377 155.

274 1391 380 1441 Cap.
410 1391 646 1429 LXXXVIII.

188 1451 358 1498 Δαρεῖος
369 1469 419 1475 -
435 1443 687 1498 α’πεδὲδεκτο]
701 1450 794 1486 Cum

130 1505 278 1551 Darius,
303 1505 482 1542 moriente
504 1507 614 1555 Cym,
645 1504 736 1556 (vid.
764 1506 793 1553 Ι,

133 1563 235 1610 209)
264 1561 392 1609 viginti
411 1562 527 1600 ferme
554 1575 668 1599 annos
696 1567 795 1599 esset

131 1623 253 1664 natus,
283 1617 475 1666 Cambysis
504 1632 589 1656 vero
619 1632 662 1655 ac
689 1619 793 1667 Magi

132 1688 285 1723 regnum
300 1679 382 1711 octo
400 1671 560 1725 expleret
577 1688 706 1722 annos,
719 1675 797 1713 Da-

131 1732 225 1769 rium
246 1731 494 1779 undetriginta
516 1745 631 1769 annos
654 1737 796 1778 natum,

134 1801 162 1825 s.
187 1801 283 1825 anno
312 1788 388 1828 521
417 1801 449 1824 a.
474 1789 558 1825 Chr.
593 1802 628 1825 n.
661 1790 709 1825 ad
738 1802 796 1826 re-

133 1857 245 1893 gnum
274 1845 468 1881 accessisse
496 1845 677 1882 concludit
703 1844 796 1882 Lar-

135 1901 230 1937 cher.
253 1901 290 1936 in
320 1905 396 1937 not.
425 1901 472 1936 ad
493 1901 528 1937 h.
553 1901 574 1938 l.
600 1902 678 1939 coll.
699 1902 794 1939 Tnb.

136 1955 295 1993 chronol.
314 1955 383 1991 YlI
405 1970 439 2006 p.
462 1959 554 1997 630.
613 1958 689 1994 Sed
711 1958 795 1995 vide

135 2025 281 2061 quoque
305 2011 490 2061 disputata
512 2014 560 2049 ad
578 2014 641 2058 ΙΙΙ,
660 2016 725 2054 66.
739 2037 794 2041 --

133 2067 314 2105 Malcolm.
334 2069 488 2115 (Gesch.
508 2082 541 2106 v.
562 2070 738 2107 Persienl
759 2084 794 2120 p.

134 2127 200 2166 46.
220 2124 273 2165 54
291 2125 348 2161 ed.
368 2127 531 2170 vernae.)
561 2126 712 2163 Darium
731 2127 797 2163 ha-

134 2182 198 2218 bet
219 2193 285 2230 pro
306 2194 363 2227 eo,
388 2183 450 2230 qui
473 2195 493 2217 a
512 2183 632 2220 Persis
655 2184 797 2219 dicatur

135 2238 330 2287 Gnschtap.
372 2239 448 2275 Sed
470 2238 565 2275 hunc
589 2240 708 2288 ipsum
738 2239 797 2276 alii

135 2307 201 2344 pro
216 2293 380 2343 Cyaxare
392 2295 539 2335 habent.
553 2296 636 2333 Vid.
648 2300 738 2332 nott.
749 2297 796 2333 ad

134 2351 163 2397 I,
184 2353 236 2391 96
259 2363 343 2400 pag.
365 2352 457 2391 923.

189 2403 364 2457 Ἀράβιοι
402 2405 445 2445 δὲ
483 2403 641 2459 ου’δαμοῖ
673 2405 798 2458 κατή-

136 2475 285 2501 κουσαν
313 2479 346 2502 κ.
367 2479 398 2501 τ.
422 2462 471 2514 λ.]
505 2460 661 2516 ου’δαμοέ
695 2467 799 2503 dedi-

137 2531 214 2555 mus
239 2533 307 2568 pro
332 2517 500 2571 οὕδαμᾶ.
530 2522 612 2559 vid.
634 2526 728 2559 nott.
750 2523 797 2560 ad

137 2574 204 2619 ΙΙΙ,
227 2579 288 2616 10.
328 2578 427 2614 Citat
450 2577 538 2615 haec
558 2578 726 2615 Eustath.
750 2579 797 2616 ad

138 2629 290 2679 Dionys.
307 2633 450 2682 Pericg.
471 2636 566 2674 933.
602 2635 742 2672 Arabes
765 2648 794 2674 s,

140 2686 277 2724 incolae
308 2688 382 2725 eius
410 2695 546 2737 terrae,
577 2704 673 2740 quae
700 2705 796 2729 nunc

140 2742 283 2779 v{emen
304 2749 470 2792 vocatur,
495 2759 715 2796 quamquam
737 2749 796 2785 vix

139 2798 324 2836 hominum
344 2803 514 2839 memoria
523 2808 596 2840 tam
612 2804 714 2842 liberi
732 2818 796 2843 ne-

140 2855 301 2905 minique
325 2857 460 2894 subditi
480 2858 591 2898 fuisse
614 2861 798 2909 videntur,

853 995 1162 1046 quemadmodum
1191 993 1228 1034 h.
1268 991 1292 1030 l.
1329 991 1519 1042 praedicat

853 1053 1082 1098 Herodotus,
1113 1064 1221 1100 quem
1244 1049 1303 1086 alii
1329 1053 1426 1098 post,
1457 1048 1517 1095 (ut

852 1110 1007 1148 Diodor.
1026 1109 1074 1156 ΙΙ,
1090 1110 1132 1156 1)
1153 1106 1264 1145 secuti
1277 1110 1374 1152 sunt,
1392 1110 1516 1142 tamen

852 1180 919 1217 per
946 1167 1056 1203 breve
1079 1169 1221 1202 tanturn
1245 1167 1389 1212 tempus
1416 1166 1518 1199 exte-

853 1224 903 1260 ris
935 1223 1122 1273 paruisse,
1153 1233 1231 1258 cum
1260 1224 1379 1256 terrae
1404 1219 1516 1268 ipsius

852 1281 1061 1317 conditione
1087 1278 1178 1315 satis
1209 1277 1276 1313 tuti
1308 1280 1431 1312 essent
1468 1275 1515 1311 ab

853 1337 1003 1373 aliorum
1025 1334 1288 1372 incursionibus
1308 1332 1517 1368 dominatu-

853 1406 947 1442 que,
976 1393 1071 1429 bene
1101 1394 1228 1428 monet
1257 1389 1389 1426 Ritter.
1420 1388 1518 1424 Erd-

853 1450 980 1487 kuude
1000 1448 1032 1485 ll
1054 1462 1090 1498 p.
1116 1449 1206 1488 191.
1265 1445 1399 1494 Neque
1421 1445 1517 1481 enim

852 1506 1000 1552 Darius,
1023 1517 1144 1554 neque
1170 1503 1248 1540 cius
1274 1514 1516 1547 successores,

852 1576 920 1600 nec
947 1563 1027 1611 ipse
1054 1560 1214 1609 denique
1244 1558 1452 1596 Alexander
1480 1558 1518 1594 in

851 1618 1023 1657 Arabiam
1044 1618 1186 1654 felicem
1207 1628 1323 1664 usque
1345 1627 1519 1664 progres-

853 1676 884 1712 si
913 1678 1055 1712 suntet
1080 1673 1238 1721 Augusti
1260 1677 1396 1718 aetate,
1423 1683 1518 1720 quae

853 1745 896 1770 eo
922 1733 1032 1769 missa
1057 1734 1111 1768 cst
1130 1731 1382 1767 Romanorum
1405 1740 1518 1777 expe-

853 1789 945 1826 ditio
968 1786 1184 1825 duceAcilio
1197 1785 1328 1832 Gallo,
1364 1798 1404 1821 re
1424 1785 1518 1822 infe-

852 1850 909 1882 cta
931 1845 1061 1890 rediit,
1088 1856 1156 1880 nec
1178 1843 1226 1879 ad
1249 1842 1408 1879 locorum
1437 1841 1518 1890 qui-

852 1903 936 1939 dem
975 1900 1222 1950 coguitionem
1252 1898 1403 1936 multum
1431 1910 1517 1948 pro-

851 1959 942 2004 fuit,
971 1961 1068 1995 teste
1099 1956 1283 1993 Strabone
1310 1954 1396 1992 XVI
1428 1967 1516 2005 pag.

853 2016 935 2054 782
957 2027 985 2050 s.
1011 2026 1098 2063 pag.
1124 2013 1292 2052 112913.
1318 2010 1396 2049 coll.
1427 2023 1516 2061 past.

852 2072 934 2111 780
955 2083 982 2106 s.
1005 2083 1040 2119 p
1062 2069 1231 2110 1126ss
1250 2081 1355 2116 seqq.

911 2141 1031 2164 αεκοι
1036 2140 1113 2163 των
1167 2121 1242 2175 γάρ
1294 2119 1514 2174 Αραβίων]

853 2184 961 2221 Conf.
983 2195 1094 2231 supra
1117 2180 1178 2227 ΙΙΙ,
1194 2184 1232 2221 7.
1255 2182 1292 2221 8.
1323 2179 1413 2217 Mox
1434 2193 1517 2216 cum

853 2239 1058 2287 Scliweigh.
1091 2242 1127 2275 et
1159 2238 1277 2274 Gaisf.
1307 2250 1328 2274 e
1357 2236 1519 2287 pluribus

853 2297 954 2333 libris
975 2295 1202 2345 reposuimus
1224 2289 1430 2345 ἐσβάλοιεν
1447 2305 1516 2344 pro

855 2352 952 2402 vulg.
983 2347 1236 2403 ἐσβάλλοιευ,
1268 2351 1324 2388 cui
1355 2350 1518 2401 patroci-

855 2414 965 2446 natur
987 2421 1116 2446 censor
1146 2407 1308 2445 lenensis
1331 2408 1440 2448 1817
1462 2419 1518 2444 nr.

857 2466 937 2507 164
957 2478 1043 2515 pag
1061 2466 1155 2505 374.

903 2518 1065 2572 Γάμους
1076 2535 1115 2559 τε
1125 2536 1219 2567 τους
1234 2534 1417 2571 πρωτους
1429 2513 1518 2570 §yd-

855 2592 922 2629 μεε
944 2577 1125 2631 Πέρσῃσι
1154 2575 1176 2616 ὁ
1193 2574 1379 2628 Δαρεῖος]
1410 2576 1519 2614 Dati-

851 2648 935 2672 vum
974 2634 1153 2687 Πέρσῃσι
1184 2633 1414 2682 Schweigh.,
1451 2632 1515 2681 qui

853 2692 938 2728 olim
961 2692 1100 2728 addere
1120 2689 1234 2728 voluit
1258 2689 1315 2736 ἐν,
1350 2693 1435 2740 post
1455 2701 1514 2725 re-

852 2748 936 2786 tulit
954 2748 1004 2785 ad
1023 2743 1218 2800 πρώτους,
1249 2751 1291 2783 ut
1306 2745 1515 2793 intelligan-

853 2809 912 2841 tur
929 2805 1093 2855 nuptiae,
1124 2816 1213 2854 quae
1231 2803 1348 2840 Persis
1363 2803 1514 2852 primae,

854 2862 879 2899 i.
900 2874 931 2900 e.
957 2861 1192 2899 nobilissimae
1216 2859 1360 2898 fuerint.
1398 2857 1513 2907 Equi-

1519 604 1591 630 regn
1585 595 1617 623 ii.

432 828 609 884 Γάμους
637 844 681 870 τε
710 826 812 878 τούς
842 826 1046 881 πρώτους
1075 824 1224 882 ἐγάμεε
1256 823 1452 882 Πέρσῃσι
1464 828 1599 875 85243
