1904 3304
426 228 511 268 266

855 226 1326 267 HERODOTI

427 354 521 394 μιοι
549 336 923 392 παραστησονταω
962 339 1050 387 κῶς
1089 335 1173 380 οὐκ
1210 336 1449 389 ἐξέπλωσας
1476 338 1565 379 τῶν
1596 351 1696 391 φρε-

399 413 544 462 4νῶν,
585 408 778 453 σεωυτόν
820 408 1132 463 διαφθείραςςιι
1186 406 1237 450 Ὅ
1277 408 1323 450 ὁὲ
1353 405 1462 451 εἶπε·
1505 410 1587 460 „Et
1617 408 1698 464 μέν

427 498 495 526 τοι
525 480 783 536 ὑπερετίθεα
813 479 865 522 τὰ
895 479 1073 533 ἔμελλον
1100 477 1319 535 ποιήσειν,
1352 479 1435 522 οὐκ
1462 478 1518 522 ἄν
1546 496 1597 536 με
1628 495 1696 522 πε-
1709 482 1754 521 45

430 555 603 606 ριεῖδες·
645 555 732 594 νῦν
772 549 813 594 δ’
853 550 930 594 ἐπ’
967 550 1187 606 ἐμεωυτοῦ
1226 551 1485 606 βαλόμενος,
1521 551 1697 606 ἔπρηξα.

428 625 512 680 ἤδη
543 619 628 675 ὧν,
669 621 725 678 ἢν
765 621 823 679 μὴ
862 626 951 665 τῶν
990 626 1081 665 σῶν
1115 620 1270 678 δεήσῃ,
1313 622 1513 678 αἱρέομεν
1552 625 1696 678 Βαβυ-

344 714 351 721 ·
400 700 565 739 5λῶνα.
621 694 728 750 Ἐγώ
766 694 846 749 μὲν
884 693 989 750 γὰρ,
1034 691 1092 744 ὦς
1122 692 1224 748 ἔχω,
1258 690 1546 750 αὐτομολήσω
1575 694 1618 744 ἐς
1646 694 1694 737 τό

427 772 587 822 τεῖχος,
627 766 701 809 καὶ
742 764 869 821 φήσω
899 765 1009 820 πρὸς
1049 762 1233 817 αὐτούς,
1277 762 1336 817 ὠς
1363 763 1453 809 ὑπὸ
1489 769 1566 809 σεῦ
1594 765 1696 809 τάδε

427 838 651 881 πέπονθα·
683 838 758 881 καὶ
787 837 947 886 δοκέω,
976 837 1126 886 πείσας
1155 836 1292 891 σφέας
1323 840 1459 880 ταῦτα
1489 836 1600 892 ἔχειν
1623 836 1696 880 οὔ·
1708 845 1754 878 50

399 916 512 959 (itm,
548 909 776 961 τεύξεσθαι
805 912 1020 964 στρατιῆς.
1079 907 1134 950 σύ
1166 909 1232 961 ὁὲ,
1264 906 1344 951 ἀπ’
1374 903 1424 965 ἦς
1453 906 1510 951 ἄν
1535 906 1698 964 ἡμέρης

428 979 510 1035 ἐγώ
552 980 714 1024 ἐσέλθω
755 981 798 1031 ἐς
832 980 883 1023 τὸ
922 985 1081 1035 τεῖχος,
1122 978 1208 1023 α’πό
1252 978 1411 1036 ταύτης
1441 980 1482 1030 ἐς
1513 979 1698 1036 δεκάτην

426 1052 614 1109 ἡμέρην,
655 1056 730 1109 τῆς
770 1055 966 1096 σεωυτοῦ
997 1054 1227 1109 στρατιῆς,
1258 1054 1335 1107 τῆς
1367 1049 1550 1106 οὐδεμία
1581 1051 1700 1094 ἔσται

371 1224 483 1258 cenit.
509 1220 595 1257 edd.
618 1217 763 1255 inserui.
794 1213 852 1253 Ad
875 1228 970 1265 παρ
986 1228 1035 1252 α-

373 1272 652 1327 στήσονται
670 1275 715 1310 cf.
738 1272 799 1319 ΙΙΙ,
821 1274 885 1312 13.
910 1271 976 1311 45.

426 1335 506 1379 κῶς
558 1328 632 1371 οὐκ
684 1328 905 1377 ἐξέπλωσας
952 1328 1033 1365 τῶν

371 1390 545 1441 φρενῶν]
587 1387 808 1435 „Sammme
849 1389 880 1421 te
921 1385 1033 1421 credis

370 1463 452 1493 esse,
467 1449 528 1497 qui
542 1445 635 1493 facie
646 1443 750 1494 foede
768 1441 963 1492 deformata
982 1443 1033 1478 sic

370 1509 403 1541 te
423 1507 496 1555 ipse
512 1503 763 1539 laceraven's.“
803 1501 899 1536 Sunt
921 1499 1032 1536 verba

369 1561 512 1606 Valek„
541 1561 619 1596 iure
648 1556 902 1607 improbantis,
933 1556 1033 1604 quod

370 1632 392 1656 e
411 1618 505 1654 binis
524 1617 620 1652 libris
642 1614 813 1651 affertur:
832 1608 1033 1662 ἐξαμβλω-

371 1687 443 1720 σας
466 1687 532 1724 pro
548 1671 780 1719 ἐξέπλωσας,
799 1669 899 1717 quod
915 1669 1032 1718 ipsum

371 1732 462 1768 satis
492 1730 670 1765 firmatum
706 1732 760 1764 est
789 1725 915 1763 Nostri
952 1724 1032 1762 loco

370 1788 433 1834 Vl,
455 1789 519 1832 12,
550 1786 611 1822 ubi
637 1785 744 1822 Iones
763 1777 1031 1833 παραφρονή-

371 1855 509 1888 σαντες
526 1840 593 1880 καὶ
613 1835 773 1880 έκπλώ
787 1851 904 1877 σαντ
918 1853 965 1884 ες
982 1837 1031 1877 ἐκ

370 1901 462 1939 τοῦ
495 1895 633 1937 νόου.
695 1897 748 1934 Ac
776 1896 909 1932 Suidas
941 1909 968 1932 s.
1000 1907 1032 1931 v.

370 1953 676 2001 ἐκπλεύσαντες·
707 1953 780 2001 ἔξω
811 1949 1032 2003 γενόμενοι.

370 2015 492 2064 Ipsam
520 2012 757 2057 locutionem,
786 2021 859 2059 qua
879 2010 1030 2045 dicitur:

370 2072 567 2117 enavigare
595 2081 612 2105 e
641 2071 772 2115 mente,
801 2078 889 2118 pro:
921 2066 1034 2102 ‹lisce-

371 2128 451 2164 dere
472 2127 646 2171 demente,
660 2139 688 2162 s.
712 2126 753 2162 cle
773 2137 818 2171 se,
837 2124 930 2172 (vid.
951 2123 1030 2160 Cic.

369 2184 429 2222 De
456 2183 577 2221 Divin.
599 2183 645 2229 ΙΙ,
671 2183 724 2223 55
761 2181 839 2220 coll.
869 2179 1029 2217 Tuscull.

369 2240 442 2287 ΙΙΙ,
471 2240 508 2280 5.
537 2239 609 2284 IV,
631 2237 717 2288 36.)
746 2240 932 2284 insanum,
969 2238 1030 2274 ‹Ie-

369 2300 513 2333 mentem
532 2297 631 2346 fieri,
660 2309 681 2333 e
705 2308 743 2331 re
768 2296 911 2332 nautica
932 2295 1028 2344 peti-

370 2358 447 2390 tam
496 2354 532 2389 in
581 2352 768 2388 maritimis
814 2351 1031 2397 civitatibus,

370 2409 487 2458 qualis
509 2409 578 2445 fuit
591 2408 704 2453 ionia,
718 2408 834 2444 minus
854 2408 1033 2444 absonum

369 2466 499 2511 videri,
529 2465 702 2501 iudicavit
722 2463 877 2501 Wessel.
911 2464 1033 2513 Prope

370 2522 534 2567 aceedit,
572 2521 673 2570 quod
721 2520 847 2557 Valck.
897 2520 1033 2567 attulit,

369 2578 406 2616 T
407 2578 652 2615 heocriteum:
683 2576 825 2613 avolare
845 2589 888 2613 ex
909 2580 1033 2623 mente,

369 2634 417 2681 ΙΙ,
451 2637 513 2676 19.
541 2633 607 2681 ΧΙ,
636 2634 701 2673 72.
743 2633 868 2682 Eurip.
900 2633 1032 2670 Electr.

372 2691 464 2732 175.
532 2690 586 2727 Ac
618 2690 777 2739 denique
808 2689 878 2726 huc
907 2690 1033 2727 referri

369 2747 510 2798 poterit
527 2746 731 2783 Pausaniae
751 2745 850 2782 istud
871 2745 971 2793 111‚4
994 2743 1031 2795 ἓ.

374 2806 410 2844 1.
437 2799 606 2855 ἐξώρμει
629 2801 672 2842 ἐκ
691 2803 765 2842 τοῦ
784 2803 875 2851 νοῦ,
903 2802 966 2840 ubi
986 2803 1033 2840 cf.

370 2860 537 2899 Siebelis.

1148 1210 1406 1264 ὑπερετίθεα]
1436 1212 1494 1252 De
1514 1215 1631 1252 forma
1659 1215 1754 1252 conf.

1090 1267 1224 1306 Matth.
1250 1270 1314 1307 Gr.
1341 1270 1407 1306 Gr.
1429 1283 1464 1320 p.
1487 1272 1582 1312 401.
1625 1270 1684 1308 Ad
1705 1273 1754 1308 si-

1091 1326 1364 1374 gnificationem
1386 1328 1431 1363 cf.
1452 1327 1588 1375 1,1o7.
1611 1327 1754 1373 11¹‚71.

1091 1383 1191 1420 Idem
1212 1382 1346 1419 Matth.
1374 1388 1498 1421 monet
1524 1385 1752 1422 scribendum

1090 1452 1171 1477 esse
1202 1437 1273 1490 μέν
1297 1455 1357 1478 τοι
1383 1440 1476 1487 (non
1505 1437 1577 1490 μὲν
1604 1439 1677 1488 τοὶ,
1713 1446 1754 1478 ut

1090 1497 1189 1546 apud
1216 1496 1354 1540 Gaisf„
1385 1510 1464 1533 cum
1491 1497 1554 1536 σοὶ
1585 1494 1754 1549 ὀρθοτο-

1089 1548 1291 1603 νούμενον
1337 1566 1524 1602 nunquam
1572 1556 1616 1591 sit
1658 1556 1751 1602 τοί).

1089 1608 1366 1658 Nonnunquam
1397 1611 1613 1660 pronomina
1643 1612 1753 1648 eucii-

1089 1666 1159 1702 tica
1171 1679 1238 1716 pro
1250 1666 1561 1704 orthotonumenis
1572 1667 1640 1704 dici
1655 1668 1752 1705 idem

1090 1723 1230 1759 monuit
1262 1721 1299 1773 ᾖ.
1331 1724 1407 1763 145
1440 1729 1513 1761 not.
1552 1728 1570 1763 1
1607 1722 1643 1774 ἓ·
1669 1725 1751 1765 466

1088 1784 1165 1817 not.
1195 1799 1247 1806 --
1279 1780 1366 1816 Mox
1391 1779 1643 1818 Florentinum
1668 1782 1751 1817 cod.

1089 1839 1235 1873 secutus
1256 1849 1335 1873 cum
1359 1842 1510 1874 recentt.
1541 1837 1623 1874 edd.
1647 1837 1752 1874 exhi-

1089 1893 1149 1929 bui
1168 1888 1389 1943 βαλόμενος
1408 1905 1474 1943 pro
1494 1895 1593 1943 vulg.
1616 1890 1753 1944 βαλλό-

1090 1963 1220 1999 μενος.
1281 1949 1342 1986 Ad
1373 1951 1676 1998 significationem
1706 1952 1752 1987 cf.

1090 2006 1153 2052 ΙΙΙ,
1174 2010 1241 2047 71.
1260 2029 1315 2033 -
1332 2007 1389 2043 Ad
1408 2007 1519 2045 verba
1542 2005 1594 2053 οἷς
1615 2006 1687 2057 ἔχω
1706 2008 1752 2044 cf.

1088 2063 1118 2109 Ι,
1136 2061 1201 2104 24.
1233 2063 1306 2100 Pro
1327 2064 1607 2113 k'nocfiomquod
1618 2064 1752 2100 Matth.

1089 2120 1250 2167 retinuit,
1281 2134 1301 2158 e
1326 2120 1486 2170 pluribus
1509 2120 1609 2157 libris
1632 2121 1751 2170 recepi

1087 2189 1167 2213 cum
1203 2177 1409 2226 Schweigh.
1449 2183 1487 2216 et
1516 2174 1633 2214 Gais‘f.
1679 2176 1751 2215 πέ-

1086 2237 1235 2273 πονθα.

1142 2293 1214 2341 τῆς
1235 2285 1400 2339 ου’δεμία
1413 2288 1517 2328 ἔσται
1530 2286 1613 2340 α’)’ρη
1632 2284 1751 2328 ἄπολ-

1090 2345 1285 2398 λυμένης]
1318 2345 1379 2383 Τυ
1411 2347 1483 2383 vid.
1516 2345 1544 2391 l,
1575 2345 1600 2384 4
1627 2346 1752 2395 ibique

1089 2408 1181 2441 nott.
1239 2403 1321 2440 Nec
1344 2402 1465 2439 differt
1485 2402 1753 2450 significatione

1091 2459 1225 2497 locutio
1244 2455 1435 2509 ου’δεμίαν
1450 2455 1559 2508 ὤρην
1584 2457 1697 2508 ἔχειν,
1720 2472 1750 2497 S.

1091 2520 1321 2562 ποιεῖσθαι,
1351 2527 1420 2552 rem
1445 2518 1554 2565 parvi
1584 2528 1612 2552 s.
1645 2516 1754 2552 m'ln'li

1086 2573 1245 2623 pendere.
1295 2572 1404 2623 Apud
1428 2571 1631 2609 Lucianum
1649 2573 1752 2610 inve-

1090 2631 1189 2666 nitur
1211 2626 1321 2679 ὤρην
1342 2627 1458 2678 ἔχειν,
1476 2633 1649 2667 monente
1664 2628 1752 2665 Val-

1090 2686 1183 2723 cken
1201 2714 1211 2732 ‚
1232 2686 1294 2734 qui
1313 2686 1428 2736 Soph.
1448 2686 1544 2723 Oed.
1562 2686 1640 2723 Col.
1653 2687 1748 2726 377.

1089 2744 1172 2783 299
1192 2741 1261 2779 alia
1281 2743 1382 2789 citat,
1402 2743 1579 2793 additque
1598 2743 1750 2780 locutio-

1088 2812 1171 2837 nem
1190 2794 1392 2850 ὀλιγώρως
1411 2798 1527 2850 ἔχειν,
1548 2813 1644 2849 quae
1662 2812 1748 2836 eon-

1089 2856 1237 2894 uariam
1258 2856 1295 2893 in
1319 2861 1463 2908 partem
1488 2857 1603 2908 accipi
1625 2857 1746 2895 debet.
