1904 3304
0 127 10 169 32.

517 233 1082 275 MELPOMENE.
1132 235 1193 275 IV.

223 348 303 392 εἰσὶ
343 348 387 389 οἱ
421 344 620 400 λέγοντες
657 344 763 395 τούς
808 345 1189 401 μουνοφθάλμους
1219 342 1488 397 ἀνθρώπους
1546 343 1575 371 ¹⁸

219 418 292 462 καὶ
335 415 439 468 τούς
483 414 825 471 χρυσοφύλακας
868 420 910 459 Γ
907 431 1049 470 ρυπας
1095 414 1229 460 εἶναι·

219 488 389 531 τούτων
427 486 607 529 Σκύθαι
646 485 975 543 παραλαβόντες
1016 488 1210 543 λέγουσι·

1403 235 1486 276 331

1280 414 1400 468 παρα
1444 413 1490 457 δὲ

1276 485 1397 540 παρὰ
1447 485 1493 528 δὲ

220 558 437 602 Σκυθέων
466 557 589 614 ἡμεῖς
619 559 661 601 οἷ
691 557 815 602 ἄλλοι
845 560 1158 614 νενομίκαμεν,
1199 557 1273 601 καὶ
1304 555 1492 612 ου’νομά-

220 633 348 685 ζομεν
387 627 552 680 αὐτούς
593 630 812 673 Σκυθιστὶ
851 626 1161 686 Ἀριμασπούς·

346 822 453 872 Cap.
482 821 587 856 XXV
591 819 635 856 II.

220 875 313 925 τούς
355 871 705 929 μουνοφθαλιιους
752 869 826 913 οἷν-

164 931 360 999 θρωπους
376 933 443 973 καὶ
456 948 550 979 τους
571 927 826 984 χουσοφύλα

164 1008 237 1039 mag
271 988 433 1043 Γρύπας
466 986 584 1040 εἶναι]
627 988 826 1026 Articulum

163 1064 258 1095 τους
298 1061 377 1085 cum
408 1046 611 1095 Schweigh.
643 1049 681 1082 et
708 1045 826 1081 Gaisf.

164 1106 312 1151 inserui,
342 1105 379 1141 in
391 1103 515 1152 vulgg.
536 1103 622 1139 edd.
643 1102 826 1138 omissum.

164 1162 223 1201 De
240 1174 330 1199 voce
357 1155 705 1211 μουνοφθάλμους
727 1157 830 1208 plura

166 1218 287 1256 attulit
317 1217 513 1267 Spanhem.
544 1217 592 1253 ad
620 1214 830 1252 Callimach.

166 1274 217 1312 H.
251 1275 288 1310 in
318 1273 426 1311 Dian.
454 1273 521 1314 53.
582 1271 641 1309 De
674 1271 833 1321 Grypln's

169 1332 321 1368 diximus
340 1331 377 1366 in
398 1330 562 1366 Excursu
584 1328 631 1367 ad
651 1327 714 1374 ΠΙ,
740 1329 832 1366 116.

223 1381 504 1438 Ἀριμασπούς]
552 1384 726 1434 Gryphos
760 1396 833 1419 una

169 1456 249 1480 cum
296 1442 497 1492 Arimaspis
544 1444 720 1478 memorat
758 1438 833 1477 Ae-

168 1498 312 1549 εεὶι)1υε
332 1498 518 1535 Prometh.
543 1499 624 1538 809
645 1508 749 1544 seqq.

216 1582 440 1627 ὀξυστόμους
473 1582 543 1627 ψὰρ
572 1580 692 1626 Ζηνὸς
717 1578 832 1625 α’κρα-

444 1632 519 1673 γεῖς
542 1627 658 1667 κύνας

215 1673 368 1720 Γρύπας
384 1673 559 1719 φύλαξαι,
586 1672 652 1708 τόν
672 1685 710 1707 τε
729 1685 752 1716 μ
765 1684 832 1706 ov-

444 1734 465 1755 ν
475 1721 503 1754 ὦ
516 1733 542 1754 π
555 1732 578 1753 α
605 1731 624 1754 σ
635 1733 654 1753 τ
666 1732 685 1762 ρ
697 1732 720 1752 α
731 1733 750 1752 τ
764 1717 782 1753 ὸ
795 1731 815 1752 ν

214 1764 501 1812 Ἀριμασπὸν
528 1763 769 1825 ἱπποβάμον’
794 1762 830 1799 οἳ

428 1811 697 1867 χρυσόῤῥυτον

217 1858 385 1893 οἰκουσιν
413 1856 510 1902 ἀμφὶ
535 1860 676 1901 νεῦμα,
709 1853 832 1891 Πλού-

443 1917 559 1944 τωνος
583 1903 715 1948 πόρον.

170 1977 278 2020 Quae
306 1977 386 2027 ipsa
414 1989 457 2014 ex
480 1976 646 2015 Aristeae
672 1977 832 2014 carmine

172 2032 237 2084 (de
261 2046 333 2081 quo
353 2033 425 2069 vid.
449 2039 542 2070 nott.
575 2035 622 2070 ad
653 2034 723 2079 lv,
760 2033 831 2080 13)

170 2089 318 2126 fluxisse
334 2091 524 2127 contendit
536 2089 699 2126 Viilcker.
716 2089 832 2138 Myth.

172 2146 311 2194 Geogr.
332 2145 345 2181 I
366 2159 452 2195 pag.
476 2147 566 2187 184.
597 2147 753 2183 Confert
767 2159 832 2183 au-

172 2208 247 2239 tem
265 2202 448 2239 Stanleius
469 2203 516 2240 ad
529 2202 696 2251 Aeschyli
714 2202 831 2239 locum

172 2264 209 2296 et
232 2258 363 2296 Tzetz.
389 2259 479 2295 Chil.
499 2260 565 2296 Vll
586 2260 669 2296 hist.
698 2260 774 2299 144
796 2264 831 2295 et

174 2314 331 2351 Gellium
350 2314 398 2353 N.
415 2315 458 2352 A.
471 2316 535 2361 lx,
557 2314 595 2362 4,
614 2316 745 2365 quibus
766 2316 831 2351 ad-

174 2372 230 2408 dit
250 2371 425 2408 Valcken.
447 2372 655 2409 Philostrat.
674 2372 733 2409 De
751 2372 829 2408 vitt.

174 2428 334 2478 Sophist.
356 2428 388 2464 II
421 2442 506 2478 pag.
534 2430 615 2469 584
638 2430 696 2466 ed.
717 2428 828 2465 Orell.

176 2484 306 2532 Attigit
336 2497 483 2534 quoque
500 2485 598 2523 Mela
626 2486 673 2532 ll,
702 2489 737 2531 1,
760 2486 829 2530 153

177 2540 238 2587 qui
256 2544 448 2589 postquam
466 2542 513 2579 de
525 2542 686 2593 Gryphis
706 2555 831 2578 aurum

178 2597 461 2634 custodientibus
482 2598 622 2635 locutus
646 2603 714 2644 est,
740 2599 833 2635 hunc

180 2652 214 2687 in
243 2653 387 2690 modum
413 2656 551 2704 pergit:
599 2655 831 2702 „Hominum

179 2707 286 2756 primi
307 2714 390 2746 sunt
409 2711 579 2760 Scythae,
597 2712 833 2760 Scytharum-

180 2775 271 2811 que,
301 2766 402 2814 queis
422 2768 552 2816 singuli
571 2768 663 2806 oculi
682 2782 761 2806 esse
778 2769 834 2805 di-

182 2826 332 2868 cuntur,
362 2822 583 2873 Arimaspi.“
621 2825 717 2862 Add.
739 2825 833 2862 Plin.

180 2875 227 2913 IV
249 2876 361 2927 (12),
386 2881 451 2919 26.
482 2880 689 2931 Utrumque
709 2887 745 2920 et
761 2881 834 2921 Ae-

1222 626 1358 685 ἄριμα
1400 626 1484 684 γαρ
1502 636 1516 668 1

884 818 1045 867 schylum
1074 823 1111 856 et
1132 818 1365 856 Herodotum
1387 818 1549 869 respexit

884 874 1049 912 Eustath.
1079 876 1127 912 ad
1167 875 1322 924 Dionys.
1361 875 1546 924 Perieget.

885 932 960 975 31,
987 932 1090 982 plura
1112 932 1324 982 disputans,
1353 931 1391 968 in
1412 932 1547 981 quibus

885 988 994 1025 ctiam
1014 989 1124 1025 haec:
1142 1010 1197 1015 ——
1224 983 1462 1039 Ἀριμασποί
1480 1003 1547 1026 κα-

883 1041 942 1082 θὰ
963 1044 1029 1083 καὶ
1046 1040 1247 1098 Ηοοδότῳ
1270 1045 1392 1092 δοκεῖ,
1413 1043 1455 1083 ἐκ
1473 1059 1544 1083 του

886 1115 1072 1141 τοιουτου
1118 1086 1282 1148 πάθους
1321 1103 1550 1148 καλοῦνται,

889 1172 943 1204 ως
965 1153 1052 1198 οἷον
1083 1157 1210 1197 εἰπεῖν
1238 1154 1549 1210 μονόφθαλμοι·

890 1209 981 1266 αρί
1016 1211 1105 1266 μὲν
1132 1230 1222 1268 γαρ
1250 1211 1303 1254 τὸ
1333 1215 1389 1254 ὲν
1420 1218 1552 1253 Σκυ-

889 1272 1097 1319 anovi,
1171 1267 1367 1341 μασπὸς
1420 1269 1482 1310 δὲ
1529 1286 1549 1310 ο

891 1322 914 1366 0’
925 1342 953 1376 φ
968 1323 1186 1379 θαλμὸς
1221 1328 1372 1380 ἱστορεῖ
1387 1325 1429 1368 δὲ
1444 1322 1553 1380 Ἡρό-

892 1384 1005 1431 ὅοτος
1028 1384 1095 1423 καὶ
1124 1400 1216 1432 τους
1240 1381 1552 1437 χουσοφύλακας

889 1437 1045 1493 γρύπας
1074 1436 1124 1480 οἷν
1129 1441 1259 1493 ωτὲρω
1290 1443 1371 1480 τῶν
1388 1437 1549 1492 Ἀριμα-

889 1500 1004 1537 σπῶν
1032 1498 1156 1537 οἰκεῖν
1175 1514 1209 1537 κ.
1231 1513 1263 1536 τ.
1283 1500 1315 1536 λ.
1328 1512 1346 1543 ;
1378 1511 1398 1535 e
1418 1499 1552 1547 quibus

889 1555 970 1604 ipsa
1008 1555 1190 1592 Herodoti
1227 1555 1339 1592 verba
1375 1555 1553 1591 mutanda

889 1623 971 1648 esse
1008 1611 1175 1648 voluerat
1210 1611 1394 1659 Hartung.
1436 1610 1552 1648 Thes.

890 1667 981 1704 Crit.
1007 1667 1040 1704 lI
1068 1681 1155 1719 pag.
1183 1669 1277 1708 636.
1345 1667 1415 1704 Cui
1445 1679 1552 1704 nemo

890 1724 1072 1761 editorum
1099 1725 1295 1762 obsecutus
1328 1728 1392 1762 est.
1451 1723 1551 1761 Nam

890 1780 926 1817 in
949 1781 1166 1830 Scytharum
1199 1781 1362 1819 dialectis
1390 1780 1471 1830 Spu
1498 1780 1550 1816 si-

890 1837 1065 1886 gnificare
1089 1838 1245 1885 oculum,
1286 1843 1322 1875 et
1348 1839 1439 1874 arim
1461 1850 1552 1873 unus

890 1907 1090 1932 monemur.
1154 1896 1239 1932 Vid.
1278 1894 1464 1931 Wachter.
1515 1894 1552 1930 in

888 1951 1049 1988 Praefat.
1071 1951 1234 1989 Glossar.
1256 1951 1382 1988 Germ.
1402 1948 1438 2001 ς.
1453 1950 1554 1987 XIII.

889 2007 969 2044 Nec
988 2009 1104 2057 magis
1130 2008 1216 2045 mihi
1242 2008 1477 2045 innotescunt
1495 2007 1551 2043 in-

890 2064 1139 2114 terpolationis
1168 2065 1347 2112 vestigia,
1389 2076 1484 2113 quae
1513 2064 1551 2099 in

890 2120 943 2156 his
981 2121 1066 2170 ipsis
1105 2121 1224 2158 verbis
1261 2122 1308 2158 ab
1340 2120 1551 2168 Hartungio

889 2178 1057 2214 tentatis:
1090 2174 1214 2228 ἄριμα
1232 2174 1306 2228 γὰρ
1322 2178 1368 2216 ἓν
1386 2175 1550 2215 καλέου-

891 2245 929 2271 σι
971 2229 1135 2272 Σκύθαι
1160 2263 1170 2280 ,
1232 2236 1337 2273 σποῦ
1387 2231 1430 2272 δὲ
1478 2229 1551 2271 τὸν

889 2285 1109 2340 ὀφθαλμόν
1133 2295 1264 2340 aperta
1291 2304 1372 2328 esse
1391 2291 1440 2327 ait
1457 2290 1552 2327 Gat-

886 2352 993 2385 teret.
1018 2349 1054 2383 in
1075 2348 1280 2384 comment.
1302 2347 1428 2384 societ.
1443 2346 1546 2383 Gott.

884 2403 969 2440 XIV
988 2417 1074 2454 pag.
1097 2406 1133 2444 9.

944 2483 1018 2520 Iam
1039 2483 1067 2519 si
1091 2483 1138 2521 de
1162 2483 1243 2533 ipsa
1265 2486 1374 2532 gente
1395 2482 1547 2531 eiusque

888 2540 1036 2577 sedibus
1066 2552 1242 2589 quaeras,
1273 2551 1337 2585 ea,
1375 2550 1470 2587 quae
1499 2538 1547 2575 de

889 2595 1091 2646 Arimaspis
1131 2595 1294 2633 unoculis
1332 2597 1550 2640 reseruntur,

889 2653 1018 2691 eodem
1034 2653 1231 2703 releganda
1243 2664 1323 2690 esse
1335 2652 1547 2696 existimem,

889 2723 962 2760 quo
992 2710 1151 2748 fabulam
1183 2710 1229 2747 de
1260 2709 1443 2759 Gryphis‚
1479 2706 1549 2744 alia

889 2768 928 2804 id
950 2780 1081 2816 genus,
1113 2768 1160 2805 de
1179 2767 1310 2816 quibus
1331 2767 1367 2802 in
1387 2766 1549 2802 Excursu

891 2824 913 2861 l.
927 2823 948 2861 l.
968 2824 1184 2861 monuimus.
1215 2822 1295 2861 Nec
1306 2828 1427 2860 tamen
1445 2833 1549 2871 pror·

892 2894 951 2919 sus
974 2881 1172 2933 praeterire
1194 2879 1278 2918 licet
1305 2879 1461 2916 virorum
1481 2877 1549 2913 do-

1577 343 1649 371 sedo
1633 353 1680 371 οιιι
1672 344 1739 371 ibus
1787 344 1826 372 ud

1573 386 1624 417 sep
1616 378 1718 405 nentri
1722 385 1807 405 onem

1550 411 1600 437 Ari
1591 420 1664 438 imia-
1667 412 1695 447 pi
1707 411 1825 454 etGry-

1548 444 1609 480 phi.
1631 446 1766 480 [3,116·]
