1904 3304
477 296 562 336 594

864 292 1339 333 HERODOTI

476 401 691 456 παρθένοι
725 401 873 445 αὐτῶν
902 403 998 458 δίχα
1029 404 1257 447 διαστᾶσαι
1286 403 1497 459 μάχονται
1525 405 1637 460 πρὸς
1666 404 1739 448 022.-

476 473 609 529 λήλας
647 474 814 516 λίθοισί
855 488 900 516 τε
937 474 1012 517 καὶ
1051 473 1240 526 ξύλοισι,
1297 477 1351 530 τῇ
1392 473 1613 531 αὐθιγενέι·
1647 479 1794 535 &eq-'525

421 632 464 656 ac
490 631 592 655 sacra
613 619 775 668 proxime
796 618 1020 668 pertinentes
1044 622 1082 656 et

420 688 463 713 ex
480 675 634 712 Boeotia
662 677 698 712 in
717 674 870 723 Libyam
895 688 916 711 a
943 675 1080 712 colonis

420 732 556 779 Minyis
607 732 796 768 adductas.
873 728 928 767 Ac
973 744 1080 768 nemo

420 788 612 837 quisquam
643 800 731 824 sane
757 788 794 824 in
823 786 922 825 hisce
944 788 1082 838 puella-

420 857 498 880 rum
520 845 779 881 certaminibus
795 873 806 891 ,
848 856 938 892 quas
962 845 1082 881 Hero-

421 901 531 937 dotus
558 901 617 936 liic
636 901 826 946 describit,
876 901 1082 937 similitudi-

420 970 505 993 nem
524 958 706 1006 quandam
734 970 812 993 cum
834 954 1081 993 Amazonibus

422 1026 619 1062 earumque
641 1013 772 1062 pugnis
793 1026 866 1050 non
886 1019 1081 1061 agnoscet:

421 1069 546 1118 quales
608 1070 790 1117 virgines,
879 1071 1082 1118 ubicunque

420 1125 610 1162 Minervae
652 1138 779 1171 sacra,
842 1126 892 1162 ibi
933 1126 1082 1175 reperiri

422 1183 627 1220 monuimus
647 1183 695 1217 ad
717 1181 779 1228 lv,
803 1183 894 1222 110.
949 1182 1083 1229 Neque

421 1251 507 1275 vero
538 1239 731 1286 quisquam
765 1238 851 1273 milii
883 1238 1084 1287 persuade-

420 1295 474 1331 bit
488 1322 498 1339 ,
537 1294 658 1330 onmia
679 1294 769 1330 haec
788 1306 830 1330 ex
847 1294 1003 1330 Boeotia
1029 1307 1083 1330 re-

420 1350 585 1401 petenda
616 1362 718 1395 esse,
759 1350 856 1387 unde
886 1350 922 1386 in
950 1350 1083 1386 Orien-

422 1413 496 1443 tem
515 1419 631 1455 aeque
652 1411 764 1454 atque
782 1407 819 1442 in
840 1405 1013 1452 Africam,
1035 1407 1083 1443 ad

421 1463 541 1512 Syrtis
572 1462 711 1499 accolas
744 1463 902 1499 deducta
936 1463 1082 1500 suerint.

421 1518 521 1557 Nam
569 1519 606 1555 in
651 1519 706 1555 his
746 1519 834 1569 ipsis
873 1519 1084 1567 regionibus

422 1576 535 1613 multo
553 1576 652 1625 prius
670 1587 781 1624 quam
799 1576 834 1611 in
846 1575 1000 1611 Boeotia
1018 1575 1086 1611 hu-

422 1633 477 1668 ius
505 1633 597 1669 deae
626 1644 727 1668 Sacra
755 1633 967 1668 floruerunt.
1026 1630 1084 1667 Ad

423 1687 581 1736 Libyam
607 1689 707 1736 quod
733 1688 886 1733 attinet,
931 1690 1084 1723 testatur

422 1744 661 1789 Herodotus,
692 1744 798 1781 deam
819 1744 1028 1790 indigenam
1048 1746 1085 1780 et

425 1813 528 1837 sacra
557 1801 633 1837 eius
671 1800 854 1850 primitiva
883 1800 1032 1837 (iraecis
1061 1812 1084 1836 a

425 1855 562 1893 colonis
581 1861 666 1905 post
684 1860 844 1893 assumta
864 1868 956 1903 esse,
977 1868 1083 1905 qnae,

423 1913 505 1962 ipso
531 1913 702 1949 historiae
721 1917 826 1962 patre
847 1913 952 1959 duce,
969 1911 1083 1949 malu-

424 1981 504 2006 mus
537 1982 579 2005 ex
607 1967 780 2018 Aegypto
812 1973 976 2018 repetere
1009 1970 1085 2013 (ex

424 2037 497 2074 qua
521 2036 622 2061 arma
640 2038 788 2073 quoque
806 2024 1005 2074 puellarum
1025 2037 1083 2061 re-

424 2081 561 2131 petit),
580 2082 678 2118 unde
698 2081 787 2118 haec
801 2081 921 2117 omnia
938 2081 984 2117 ad
1003 2081 1086 2116 fini-

423 2138 532 2174 timas
550 2137 691 2187 Libyae
712 2141 841 2185 gentes
867 2137 987 2174 delata
1006 2137 1084 2174 sue-

424 2194 517 2241 rint,
557 2207 667 2243 quam
711 2207 732 2231 e
765 2194 942 2240 Graecia,
989 2205 1085 2242 quae

424 2250 482 2287 vel
529 2251 788 2299 quadrigarum
833 2251 1084 2297 regundarum

425 2310 540 2343 artem
554 2320 574 2342 a
587 2306 730 2354 Libycis
742 2307 943 2343 hominibus
956 2308 1086 2344 edocta

424 2363 516 2408 suit,
546 2367 640 2399 teste
670 2363 862 2399 Herodoto
890 2363 958 2409 lv,
992 2364 1083 2403 189.

427 2417 536 2454 Conf.
559 2419 740 2455 Mannert.
762 2420 808 2465 X,
831 2423 856 2460 2
880 2432 963 2468 pag.
994 2421 1084 2458 171.

428 2474 552 2516 Quare
572 2476 744 2511 Creuzer.
765 2475 925 2523 Symbol.
948 2476 977 2511 ll
998 2488 1084 2524 pag.

427 2530 509 2570 (542
529 2544 605 2579 seq.
639 2544 718 2567 cum
748 2531 845 2567 hisce
865 2531 1084 2580 Libycarum

426 2586 626 2636 puellarum
648 2587 901 2623 certaminibus
927 2590 964 2624 in
992 2588 1084 2624 deae

426 2642 602 2680 honorem
636 2643 807 2679 institutis
830 2648 1016 2693 comparat
1038 2644 1085 2679 ri-

427 2702 483 2734 tus
508 2701 554 2735 ad
578 2699 660 2735 Sais
688 2698 802 2735 lacum
825 2699 996 2736 celebrari
1023 2712 1084 2735 so-

426 2753 511 2791 litos
543 2756 578 2791 in
606 2755 780 2792 honorem
811 2755 1085 2801 isidis-Neam

430 2823 460 2846 s.
488 2810 698 2857 Minervae,
738 2823 857 2860 neque
886 2813 942 2847 vix
973 2812 1085 2849 latere

427 2879 537 2915 posse
558 2867 793 2917 pronuntiat,
827 2868 914 2916 quid
936 2869 1003 2904 sibi
1021 2881 1084 2905 ve-

428 2922 495 2960 lint
528 2923 746 2972 Libycarum
780 2923 980 2975 puellarum
1015 2937 1086 2974 pu-

1139 632 1260 668 gnae,
1306 618 1354 654 ad
1393 619 1571 656 castitatis
1615 621 1797 671 specimen

1140 676 1379 713 exhibendum
1393 704 1405 720 ,
1443 675 1472 711 si
1494 677 1642 713 omnino
1661 678 1696 713 in
1717 677 1798 713 tali-

1138 733 1207 768 bus
1236 732 1461 768 Amazonum
1489 745 1516 768 s.
1536 733 1714 780 virginum
1740 733 1797 769 in·-

1138 789 1275 825 stitutis
1298 788 1484 824 notionem
1511 789 1686 825 castitatis
1714 801 1796 826 cum

1139 844 1266 882 bellica
1311 845 1525 881 fortitudine
1569 845 1797 882 coniunctam

1138 901 1411 951 quodammodo
1443 902 1710 950 repraesentari
1738 914 1796 939 re-

1138 961 1308 1008 putemus
1335 970 1452 1004 eaque
1483 957 1603 993 omnia
1624 957 1672 994 ad
1693 957 1798 994 luna-

1137 1027 1194 1051 res
1230 1026 1271 1050 ac
1312 1013 1448 1049 solares
1487 1013 1701 1061 religiones,
1749 1013 1797 1050 ad

1138 1083 1228 1118 quas
1251 1074 1287 1107 et
1308 1070 1387 1119 ipsa
1410 1070 1566 1118 pertinet
1587 1070 1704 1106 Pallas
1724 1070 1798 1106 Mi-

1134 1138 1273 1171 nerva,
1313 1126 1523 1162 reserzunus.
1593 1126 1797 1174 Utrobique

1140 1183 1233 1219 enirn
1256 1182 1407 1218 inveniri
1429 1183 1686 1218 abstinentiam
1706 1195 1727 1218 a
1743 1183 1799 1217 vi-

1138 1239 1208 1283 ris,
1238 1238 1430 1285 utrobique
1449 1238 1585 1273 institui
1602 1239 1798 1274 certamina

1140 1295 1244 1331 certis
1280 1293 1504 1343 temporibus
1543 1293 1628 1329 solis
1671 1293 1797 1332 lunae-

1141 1363 1213 1398 que
1255 1362 1360 1386 cursu
1397 1350 1558 1386 definitis
1597 1350 1797 1387 redeuntia.

1139 1407 1262 1455 Atque
1298 1405 1355 1443 vel
1381 1405 1551 1442 Indorum
1593 1407 1631 1442 in
1668 1406 1797 1443 fabulis

1141 1463 1344 1499 istiusmodi
1373 1463 1647 1499 commemorari
1677 1467 1798 1500 certa-

1141 1520 1239 1556 mina
1264 1520 1313 1555 ad
1342 1519 1542 1555 castitatem
1570 1519 1798 1568 probandam

1142 1576 1306 1611 instituta
1327 1575 1422 1611 idem
1442 1576 1644 1612 Creuzerus
1667 1576 1799 1613 obser—

1140 1637 1202 1668 vat
1224 1631 1246 1666 l.
1266 1630 1287 1666 l.
1306 1644 1340 1680 p.
1364 1630 1457 1671 645.
1490 1631 1595 1673 Quae
1614 1632 1709 1668 enim
1728 1634 1800 1670 (lea

1141 1692 1199 1724 est
1217 1688 1418 1723 castissima
1447 1699 1488 1722 ac
1516 1687 1709 1736 purissima
1742 1688 1799 1725 lu-

1141 1746 1192 1780 cis
1211 1745 1332 1791 imago
1348 1772 1358 1790 ,
1405 1756 1483 1779 eam
1514 1749 1798 1781 consentaneum

1141 1805 1197 1838 est
1216 1799 1471 1837 certaminibus
1492 1799 1686 1847 celebrari,
1717 1801 1800 1849 qui-

1141 1857 1208 1893 bus
1237 1856 1417 1904 virginum
1444 1856 1588 1892 castitas
1615 1868 1733 1905 aeque
1756 1869 1798 1894 ac

1141 1912 1313 1949 bellicosa
1340 1916 1469 1948 natura
1498 1912 1683 1961 probetur.
1732 1912 1799 1950 At-

1141 1982 1215 2018 que
1233 1969 1340 2005 etiam
1352 1967 1518 2005 Viilcker.
1529 1967 1643 2016 Myth.
1660 1969 1800 2018 Geogr.

1141 2026 1157 2060 1
1181 2039 1217 2074 p.
1247 2025 1300 2065 50
1331 2025 1520 2061 contendit
1553 2025 1800 2063 Amazonibus

1140 2081 1289 2130 Libycis
1324 2082 1518 2117 tesseraria
1547 2082 1707 2130 quadam
1741 2096 1800 2119 ra-

1141 2139 1241 2174 tione
1296 2138 1564 2187 repraesentari
1611 2137 1799 2176 Palladem

1139 2195 1366 2240 Minervam,
1415 2195 1564 2242 eiusque
1611 2195 1800 2243 wirginita-

1140 2254 1213 2287 tem
1253 2254 1365 2298 atque
1402 2251 1674 2296 fortitudinem,
1724 2263 1797 2287 non

1141 2306 1211 2343 alio
1234 2307 1311 2343 sere
1337 2319 1446 2343 sensu
1471 2319 1579 2355 quam
1602 2320 1674 2355 quo
1693 2305 1798 2343 Asia-

1141 2363 1236 2399 ticae
1275 2362 1480 2399 Amazones
1517 2363 1719 2400 referantur
1749 2363 1798 2399 ad

1141 2418 1339 2468 Ephesiam
1369 2419 1536 2456 Dianam.
1591 2418 1643 2455 Ac
1682 2431 1798 2467 nuper

1144 2477 1277 2522 etiam,
1317 2479 1356 2510 ut
1380 2479 1502 2511 monet
1529 2473 1615 2519 Cr..
1647 2475 1693 2511 de
1714 2475 1799 2512 Pal-

1141 2531 1232 2568 ladis
1296 2531 1498 2568 Tritonidis
1562 2530 1797 2578 religionibus

1142 2589 1301 2636 itemque
1329 2588 1375 2623 de
1407 2587 1651 2623 Amazonibus
1683 2600 1798 2637 expo-

1143 2644 1213 2679 suit
1239 2644 1285 2679 Ο.
1314 2642 1364 2678 Μ.
1394 2643 1440 2679 de
1472 2642 1726 2692 Stackelberg.
1761 2644 1798 2680 in

1141 2699 1252 2736 libro:
1310 2699 1387 2736 Der
1434 2698 1701 2749 Apollotempel
1752 2713 1799 2736 zu

1141 2756 1281 2793 Bassae
1321 2756 1357 2791 in
1391 2753 1573 2794 Arcadien
1604 2769 1690 2806 pag.
1719 2753 1798 2796 134

1142 2824 1243 2859 seqq.

1198 2869 1248 2920 τῇ
1284 2863 1495 2920 αὕθιγενὲϊ
1529 2865 1635 2920 θεῷ]
1693 2866 1797 2904 Unus

1142 2923 1376 2962 Florentinus
1420 2921 1660 2978 αὖθιγενέζὺ
1704 2923 1798 2960 San-
