1904 3304
255 427 356 472 104

80 490 148 518 Diei
161 493 286 531 tempus·
295 492 359 519 ido-

81 533 170 552 neum
220 534 359 560 rapinae,

81 566 140 592 quo
168 559 211 586 sol
240 559 361 586 serven-

82 593 232 619 tissimus:
282 593 361 626 quod

81 627 259 654 matutinum
288 627 359 655 illic.

419 249 502 289 190

807 247 1276 290 HERODOT1

417 374 530 402 νατα
558 357 755 414 τέσσερα·
803 357 857 401 τὰ
886 356 932 401 δὲ
963 358 1110 401 αἰδοῖα
1140 357 1212 402 διὰ
1240 361 1328 402 τῶν
1357 356 1578 403 ὀπισθίων
1603 372 1693 404 σκε-

416 429 528 472 λέων
558 429 670 484 πρὸς
701 429 781 485 τὴν
811 426 951 484 οὐρὴν
979 429 1260 485 τετραμμένα.

1322 431 1376 472 οε
1405 430 1450 473 «δὲ
1481 430 1533 488 δή
1562 431 1693 476 Ἰνδοὶ

415 498 564 557 τρόπῳ
596 499 782 559 τοιούτῳ
813 499 886 543 καὶ
918 497 1051 552 ζεύξει
1080 499 1260 557 τοιαύτῃ
1281 500 1540 556 χρεώμενοι,
1571 501 1721 546 ἐλαύ-1

418 584 548 615 νουσι
579 571 647 615 ἐπὶ
676 571 754 615 τὸν
784 570 972 627 χρυσὸν,
1022 571 1333 626 λελογισμένως
1364 571 1476 623 ὅκως
1504 573 1559 616 ἂν
1588 592 1693 618 καυ-

418 643 567 699 μάτων
607 647 695 686 τῶν
738 640 1021 697 θερμοτάτων
1064 640 1225 684 ἐόντων
1260 643 1430 687 ἔσονται
1460 645 1506 688 ἐν
1534 649 1586 702 τῇ
1617 646 1694 701 αρ-

419 719 560 772 παγῇ·
598 713 686 758 ὑπὸ
716 713 802 771 γάρ
831 717 911 758 τοῦ
939 711 1163 768 καύματος
1193 715 1237 757 οἱ
1264 712 1486 770 μύρμηκες
1507 714 1694 771 ἀφανέες

390 788 622 843 Ξγίνονται
645 783 732 830 ὑπὸ
755 789 849 842 γῆν.
897 783 1165 842 θερμότατος
1196 785 1241 828 δὲ
1272 784 1360 829 ἐστι
1389 784 1412 829 ὁ
1443 785 1564 842 ἥλιος
1593 786 1694 832 τού-

361 964 496 1014 semora
524 964 648 1002 reddit
679 964 734 1001 his
760 963 899 1001 verbis:
941 974 1028 1008 „ar-

362 1022 491 1059 ticulos
511 1026 668 1069 quatuor
692 1034 771 1057 cum
796 1021 949 1057 totidem
969 1032 1029 1054 os-

364 1079 464 1115 sibus
482 1078 696 1115 interiectis:
726 1090 792 1127 per
813 1090 876 1114 eos
896 1076 1029 1113 articu-

363 1135 431 1181 los,
463 1147 555 1184 quos
577 1136 613 1171 in
642 1135 779 1171 femore
800 1134 909 1170 habet
933 1132 1028 1169 solus

364 1191 543 1237 camelus,
573 1191 731 1228 medium
752 1192 868 1226 femur
893 1189 941 1226 illi
963 1190 1029 1225 sse-

364 1249 511 1285 ctitur.“
546 1247 752 1296 Schweigh.
776 1247 812 1283 in
834 1246 922 1283 Lex.
952 1245 1030 1281 He-

363 1304 442 1341 rod.
467 1300 620 1355 μηροϋς
642 1303 689 1341 de
709 1302 874 1353 qualibet
897 1301 1031 1338 intelli-

365 1361 420 1410 git
440 1364 546 1410 parte
557 1361 667 1396 cruris
682 1359 807 1397 cameli
828 1360 922 1396 inter
938 1359 1029 1394 duos

365 1416 532 1453 articulos
553 1416 825 1467 comprehensa.
864 1415 944 1452 Nec
962 1415 1031 1451 du-

365 1473 477 1520 bium,
508 1469 662 1524 μηροῦς
686 1474 732 1511 de
763 1473 896 1509 ossibus
918 1484 947 1509 s.
972 1484 1032 1507 ar-

366 1530 500 1577 ticulis,
521 1543 641 1579 neque
673 1530 719 1567 de
749 1530 916 1567 carnibus
948 1528 1029 1564 dici.

364 1586 449 1624 Vid.
462 1587 585 1623 Bothe
599 1587 645 1623 ad
659 1586 831 1638 Sophocl.
854 1585 1029 1633 Antigon.

364 1655 420 1681 νε.
439 1645 530 1685 929.
563 1643 703 1691 Tangit
723 1642 936 1679 Herodotea
949 1641 1029 1677 Ari-

364 1699 517 1738 stoteles
540 1698 646 1737 H.A.
667 1699 710 1746 11,
734 1701 752 1738 1
777 1711 861 1748 pag.
876 1697 1031 1745 7791),

363 1757 522 1805 itemque
551 1754 721 1792 Aelianus
759 1768 803 1792 ex
838 1754 1031 1791 Herodoto

364 1813 519 1864 profecit
536 1811 584 1849 N.
606 1812 647 1848 A.
670 1812 717 1860 X,
737 1813 776 1858 3,
798 1811 858 1848 ubi
879 1810 1031 1848 Schnei-

365 1870 475 1907 derus
504 1869 595 1906 haec
625 1869 837 1918 adscripsit:
869 1880 1033 1915 „narra-

365 1927 503 1963 tionem
546 1925 727 1962 Herodoti
773 1926 824 1961 ita
873 1923 1032 1974 explicat

367 1983 522 2020 Gesner.
534 1982 629 2018 Hist.
640 1981 878 2031 Quadruped.
889 1994 924 2031 p.
939 1979 1030 2020 165.

366 2038 472 2088 Ego,
502 2039 632 2087 inquit,
663 2051 730 2088 per
754 2050 875 2087 genua
898 2038 1032 2074 articu-

366 2095 421 2133 los
457 2095 642 2143 intelligo,
679 2108 745 2144 per
774 2089 914 2131 femora
944 2106 1030 2131 vero

366 2165 470 2199 ossa,
502 2165 595 2201 quae
621 2152 716 2189 inter
735 2150 903 2188 articulos
932 2154 1032 2187 recta

367 2209 559 2247 habentur.
591 2208 694 2245 Haec
703 2212 824 2245 autem
838 2213 940 2245 terna
953 2220 1033 2245 esse

366 2265 403 2302 in
428 2265 607 2315 prioribus
638 2265 813 2311 cruribus,
843 2265 880 2301 in
908 2268 1035 2313 poste-

368 2322 521 2359 rioribus
542 2324 734 2370 quaterna,
751 2321 827 2371 ipse
846 2322 932 2357 dum
944 2320 1034 2356 haec

367 2378 574 2422 scriberem,
606 2378 642 2414 in
664 2377 841 2414 droinade
861 2377 1034 2413 observa-

366 2435 412 2471 vi.
463 2434 607 2471 Contra
631 2434 827 2470 anatomici
847 2433 1031 2469 Parisien-

368 2503 425 2528 ses
445 2491 480 2526 in
504 2489 615 2526 Mem.
632 2502 669 2539 p.
693 2490 805 2526 servir
829 2489 851 2525 a
870 2488 974 2526 l'hist.
995 2488 1031 2525 d.

368 2547 539 2583 animaux
561 2546 574 2582 l
595 2557 680 2595 pag.
704 2544 756 2584 74
779 2558 898 2594 genua
919 2545 1034 2581 inter-

368 2608 560 2653 pretantur
577 2601 699 2647 callos,
720 2603 850 2650 quibus
870 2607 1032 2638 sternum

370 2663 408 2697 et
427 2661 587 2696 flexurae
603 2659 738 2708 pedum
758 2659 792 2695 in
815 2657 951 2694 camelo
967 2657 1033 2693 ob-

368 2715 459 2753 sitae
481 2720 586 2760 sunt,
616 2715 683 2752 sed
708 2715 796 2763 quid
818 2718 893 2750 tum
917 2714 1031 2751 semo-

367 2772 465 2809 ribus
497 2771 617 2809 fiet·.2“
659 2770 780 2807 Gallos
797 2770 974 2819 quosdam
993 2769 1029 2806 in

367 2828 511 2867 camelis
534 2840 659 2866 recens
679 2827 775 2864 natis
796 2827 864 2864 iam
884 2826 1029 2875 conspi-

365 2897 453 2924 cuos
490 2885 688 2923 Herodoto
722 2883 852 2923 erroris
882 2895 1029 2921 causam

1086 961 1195 999 fuisse
1218 962 1399 999 existimat
1416 963 1525 1013 Miot,
1547 961 1674 1000 Gallus
1695 963 1751 1000 in-

1087 1022 1238 1068 terpres.

1143 1071 1189 1112 τεὶ
1213 1071 1255 1113 δὲ
1278 1073 1411 1113 αἰδοῖα
1432 1089 1467 1113 κ.
1487 1090 1518 1113 τ.
1542 1075 1592 1127 λ.]
1615 1075 1750 1113 Verum

1087 1144 1175 1168 sane
1210 1136 1287 1177 est,
1318 1132 1417 1180 quod
1451 1133 1607 1170 camelus
1647 1146 1752 1170 vere-

1087 1192 1181 1224 trum
1203 1192 1299 1224 retro
1323 1200 1468 1225 versum
1494 1188 1630 1226 habere
1660 1190 1751 1225 dici-

1087 1248 1148 1280 tur
1168 1244 1327 1292 indeque
1357 1249 1455 1281 retro
1482 1246 1649 1294 mingens
1682 1249 1752 1292 est,

1087 1312 1306 1349 quamquam
1319 1301 1451 1337 coitum
1469 1305 1508 1337 ut
1519 1301 1659 1351 reliqua
1669 1302 1748 1338 ani-

1088 1356 1195 1393 malia
1213 1361 1366 1393 exercet.
1396 1358 1480 1394 Vid.
1499 1358 1686 1396 Aristotel.
1706 1357 1752 1395 H.

1088 1411 1131 1449 A.
1154 1412 1199 1459 V,
1220 1415 1245 1453 2
1269 1412 1346 1449 coll.
1373 1412 1418 1461 11,
1441 1416 1476 1460 1,
1498 1415 1554 1451 cui
1575 1415 1753 1452 recentio-

1088 1469 1137 1506 ris
1166 1469 1297 1506 aetatis
1325 1470 1389 1506 viri
1419 1471 1516 1507 docti
1544 1471 1753 1520 suffragan-

1089 1530 1158 1562 tur.
1219 1526 1370 1575 Spectat
1389 1526 1457 1564 huc
1476 1528 1637 1565 Arabum
1664 1541 1753 1578 pro-

1088 1582 1264 1628 verbium,
1278 1583 1376 1618 cuius
1396 1583 1560 1620 meminit
1580 1584 1751 1621 Bochart.

1088 1637 1110 1675 1.
1132 1637 1153 1674 1.
1172 1651 1250 1688 cap.
1274 1638 1318 1679 5:
1349 1641 1466 1687 magis
1489 1644 1752 1690 praeposteruS,

1089 1707 1194 1745 quam
1214 1696 1319 1731 urina
1341 1696 1477 1742 cameli,
1501 1698 1584 1745 quia
1607 1697 1668 1734 scil
1695 1710 1754 1735 re-

1087 1757 1242 1788 trorsum
1263 1752 1390 1801 [ningit
1413 1752 1544 1790 animal
1563 1753 1753 1802 genitalia-

1088 1820 1161 1858 que
1185 1812 1382 1845 retrorsum
1405 1809 1515 1846 habet
1537 1823 1653 1848 versa.

1303 1866 1411 1915 Cap.
1444 1865 1538 1903 CIV.

1145 1920 1428 1972 λελογισμένως
1467 1917 1572 1968 ὅκως
1607 1917 1659 1962 ἂν
1697 1943 1752 1952 -

1088 1975 1260 2027 ἔσονται]
1280 1979 1301 2015 i.
1315 1992 1346 2016 e.
1369 1980 1529 2029 ternporz's
1552 1981 1688 2016 ratione
1700 1981 1752 2018 ita

1088 2036 1192 2081 inita,
1223 2038 1263 2070 ut
1291 2036 1433 2085 quando
1457 2039 1574 2072 aestus
1601 2038 1752 2074 maxime

1080 2090 1201 2141 surii,
1232 2104 1358 2128 aurum
1382 2095 1540 2142 rapiant.
1585 2093 1752 2131 Particu-

1090 2148 1160 2184 lam
1187 2143 1251 2195 ἂν,
1282 2162 1390 2197 quam
1415 2149 1495 2186 libri
1515 2161 1640 2186 omnes
1660 2149 1752 2187 affe-

1089 2209 1186 2251 runt,
1203 2205 1303 2242 uncis
1323 2205 1465 2243 inclusit
1483 2205 1613 2242 Matth.
1646 2205 1752 2242 Unus

1089 2261 1200 2298 modo
1226 2260 1316 2298 liber
1338 2262 1445 2299 affert
1472 2260 1668 2300 ἕσωνται.
1695 2281 1751 2290 —-

1091 2317 1150 2355 Tu
1174 2317 1246 2354 vid.
1272 2323 1363 2354 nott.
1388 2318 1435 2355 ad
1455 2318 1519 2363 lll,
1536 2319 1601 2358 36.
1640 2317 1751 2354 Paulo

1091 2378 1176 2410 ante
1188 2373 1224 2409 in
1243 2373 1346 2410 simili
1359 2379 1537 2411 structura
1555 2387 1633 2424 cap.
1650 2376 1750 2414 102:

1090 2425 1371 2479 ἐπιτηδεύσας,
1409 2425 1510 2476 ὅκως
1536 2451 1592 2457 —
1623 2425 1751 2483 ζεύξῃ.

1090 2486 1137 2523 Et
1167 2498 1255 2523 sane
1285 2486 1454 2536 displicet
1482 2487 1658 2536 particula
1687 2482 1750 2534 ἂν,

1090 2555 1199 2591 quam
1218 2543 1337 2579 futuro
1348 2555 1546 2591 nunquam,
1567 2544 1668 2592 quod
1681 2544 1752 2581 sci-

1090 2612 1161 2646 am,
1183 2598 1324 2635 addidit
1342 2598 1567 2636 Herodotus.

1146 2650 1392 2704 θερμότατος
1418 2654 1460 2693 δέ
1482 2654 1562 2694 ἐστι
1584 2671 1619 2694 κ.
1644 2671 1675 2694 τ.
1699 2655 1748 2705 λ.]

1087 2711 1110 2750 ἰ.
1131 2723 1161 2748 e.
1185 2711 1453 2748 ardentissimus
1480 2716 1596 2749 autem
1615 2712 1670 2749 lais
1687 2712 1750 2748 leo·

1087 2768 1238 2803 minibus
1254 2767 1304 2803 sol
1326 2772 1375 2804 est
1388 2772 1535 2818 tempore
1554 2770 1748 2812 matutino,-

1086 2837 1154 2861 non
1175 2824 1307 2860 maliis
1325 2826 1533 2872 hominibus,
1545 2825 1653 2863 medio
1671 2825 1749 2869 die,-

1085 2880 1147 2918 sed
1175 2881 1220 2918 ab
1246 2893 1282 2919 eo
1317 2885 1476 2934 tempore,
1508 2895 1574 2934 quo
1600 2881 1649 2920 acl
1677 2880 1748 2918 ali-
