1904 3304
462 221 557 260 AD
617 217 1310 265 HERODOT.1V‚42.
1557 220 1642 260 669

133 338 228 374 sacta
245 336 352 374 suerit
368 335 528 373 dubitari
549 334 676 385 possit.
735 333 791 371 Ab
809 333 990 371 Herodoti
1010 333 1219 371 testimonio
1240 331 1411 369 standum
1430 333 1643 382 pronuntiat

131 417 280 454 quoque
291 402 566 441 Schlichthorst.
587 402 747 450 (Geogr.
769 401 882 439 Afric.
902 400 1041 438 Herod.
1058 413 1093 450 p.
1119 398 1232 448 110),
1261 402 1489 449 argumenta,
1510 399 1640 448 quibus

131 471 379 509 dubitationes
408 484 429 508 a
449 470 643 508 Mannerto
663 469 830 519 prolatae
858 468 946 506 dilui
969 469 1130 517 possint,
1171 467 1232 506 alii
1263 467 1416 518 tempori
1450 478 1640 503 reservans

131 540 357 589 exponenda.
419 539 531 583 Quod
552 551 647 576 nunc
667 538 794 575 secisse
820 541 943 587 putem
963 537 1122 573 Heffter.
1150 536 1185 572 in
1207 535 1309 572 Iahn.
1330 539 1367 572 et
1385 534 1545 571 Seebod.
1566 532 1641 571 An-

131 605 215 643 nall.
235 606 369 656 philoll.
389 607 540 655 (1831)
561 607 615 650 ΙΙ,
645 604 671 644 4
696 617 781 656 pag.
801 605 883 646 428
905 616 1009 653 seqq.
1039 603 1199 652 singulas
1225 603 1410 640 Mannerti
1441 601 1641 639 dubitatio-

130 686 194 711 nes
214 675 276 723 qui
297 679 465 712 recenset
493 679 604 724 atque
629 673 771 710 refutat.
829 673 883 710 Ut
904 672 999 709 enim
1022 675 1161 709 taceam
1184 683 1206 707 a
1229 684 1316 708 vero
1341 671 1487 708 minime
1507 669 1641 707 abhor-

128 754 208 779 rere
227 771 239 788 ‚
293 741 495 779 Phoenices
514 770 525 789 ,
581 753 673 791 quos
721 739 833 790 longe
878 739 1024 789 lateque
1071 739 1224 776 navibus
1269 739 1395 777 orbem
1455 742 1635 775 terrarum

128 808 366 860 perlustrasse
395 814 432 847 et
458 810 506 846 ad
542 808 672 846 Baltici
705 821 819 858 usque
855 808 963 845 maris
1014 807 1120 844 litora
1161 807 1372 858 pervenisse
1417 806 1638 856 accepimus,

128 876 285 913 Africam
331 889 479 926 qnoque
533 877 860 924 circumnavigasse
873 904 883 924 ‚
947 875 1045 912 cuius
1084 879 1226 925 partem
1274 878 1373 912 certe
1415 874 1487 911 iam
1529 876 1638 910 antea

127 944 326 981 accuratius
375 947 598 993 cognorant,
658 943 811 992 eiusque
849 942 1068 979 narrationis
1109 946 1238 980 testem
1289 955 1370 980 esse
1421 942 1638 992 scriptorem

127 1012 201 1049 fide
220 1011 494 1059 dignissimum,
522 1011 578 1048 cui
601 1022 674 1060 quo
695 1010 812 1047 minus
832 1010 890 1047 hic
908 1022 1054 1059 quoque
1074 1009 1247 1047 faciamus
1271 1010 1380 1047 fidem
1393 1037 1404 1056 ,
1435 1009 1534 1046 nulla
1553 1022 1640 1060 pro-

125 1080 221 1117 fecto
243 1079 368 1116 obstat
386 1091 495 1115 causa
512 1079 668 1126 idonea;
698 1079 763 1116 sed
785 1078 852 1114 hoc
874 1081 912 1114 ut
932 1077 1096 1114 omittam
1109 1104 1120 1122 ‚
1158 1076 1195 1113 in
1215 1077 1295 1127 ipsa
1311 1075 1492 1112 Herodoti
1512 1088 1639 1113 narra-

125 1148 225 1185 tione
243 1146 331 1184 nihil
352 1151 430 1192 est,
460 1147 562 1196 quod
583 1145 693 1183 ullam
717 1145 912 1183 commenti
931 1145 1155 1181 mendaciive
1179 1144 1418 1194 suspicionem
1447 1144 1525 1181 iure
1552 1155 1638 1180 mo-

126 1219 231 1262 veat,
254 1216 348 1253 bene
366 1219 535 1252 monente
555 1214 714 1253 Heeren.
735 1213 757 1250 l.
781 1213 803 1251 l.
827 1213 865 1262 Ι,
894 1216 921 1254 2
940 1225 1026 1262 pag.
1051 1214 1118 1253 81.
1177 1211 1257 1250 Nec
1274 1211 1445 1261 equidem
1470 1222 1559 1249 sane
1581 1211 1638 1248 in-

124 1283 273 1333 telligo,
302 1296 376 1333 quo
396 1283 475 1320 iure
492 1281 680 1320 Neconem
696 1282 778 1320 talis
801 1280 1042 1332 expeditionis
1063 1280 1253 1317 consilium
1271 1279 1454 1329 suscipere
1475 1278 1640 1329 potuisse

126 1364 324 1400 negemus3
362 1364 468 1401 quem
496 1349 609 1387 multa
633 1351 749 1388 ardua
775 1353 870 1386 terra
895 1349 1059 1397 marique
1087 1348 1315 1398 suscepisse,
1353 1359 1462 1395 quem
1488 1347 1536 1383 ad
1564 1345 1641 1382 Eu-

125 1419 290 1470 phratem
318 1432 433 1469 usque
455 1431 556 1456 arma
585 1417 744 1455 victricia
770 1416 968 1468 protulisse
989 1416 1236 1465 maximasque
1260 1414 1392 1452 classes
1419 1415 1640 1452 exstruxisse

124 1487 326 1537 accepimus
342 1487 406 1536 *)‚'
440 1487 503 1536 qni
525 1485 787 1532 Phoenicibus,
826 1485 1053 1535 peritissimis
1076 1484 1196 1522 nautis
1218 1484 1266 1520 ad
1289 1483 1363 1520 tale
1383 1482 1569 1519 consilium
1594 1494 1638 1519 eo

124 1555 241 1604 magis
259 1555 311 1591 uti
326 1555 457 1605 potuit,
477 1566 549 1602 quo
566 1553 682 1602 magis
694 1553 915 1590 Phoenicum
933 1556 1111 1602 potestas,
1130 1556 1215 1589 tunc
1232 1550 1406 1601 temporis
1430 1550 1501 1587 iam
1524 1549 1636 1587 debi-

123 1622 242 1668 litata,
273 1622 372 1659 haud
394 1623 445 1659 ita
462 1620 573 1658 multo
591 1624 678 1670 post
699 1631 721 1656 a
741 1619 1108 1658 Nabuchodonosore
1129 1621 1181 1657 ita
1201 1621 1317 1657 fracta
1336 1622 1417 1665 est,
1456 1623 1497 1655 ut
1517 1617 1637 1655 Phoe-

122 1691 221 1727 uices
238 1689 308 1740 ipsi
329 1689 533 1727 istiusmodi
556 1687 852 1738 expeditionibus
882 1687 1091 1736 longinquis
1118 1688 1265 1725 minime
1285 1698 1433 1738 operam
1461 1686 1550 1724 dare
1567 1698 1636 1736 po-

123 1757 273 1794 tuerint.
330 1756 439 1794 Conf.
458 1757 618 1794 Heeren.
638 1755 750 1792 Ideen
769 1754 807 1802 I,
842 1757 868 1794 2
895 1767 980 1804 pag.
1004 1757 1071 1796 82.

236 1824 310 1861 Iam
329 1825 430 1873 quod
446 1823 687 1873 navigationis
709 1821 943 1860 difficultates
963 1822 1137 1860 obiiciunt
1153 1821 1400 1872 temporisque
1420 1822 1635 1860 brevitatem

123 1896 198 1938 ant,
225 1895 268 1928 ut
287 1891 365 1928 aliis
385 1891 521 1941 placet,
551 1890 698 1927 nimiam
723 1889 896 1939 temporis
915 1889 1181 1938 longitudinem
1200 1890 1237 1925 in
1255 1888 1323 1925 hoc
1339 1889 1407 1926 iter
1425 1890 1636 1937 insumtam,

123 1959 214 1997 haec
233 1959 379 1996 minime
399 1958 487 1995 talia
509 1970 610 2004 esse,
640 1969 735 2006 quae
760 1957 976 1993 narrationis
1004 1957 1113 1993 fidem
1140 1956 1281 1994 elevare
1313 1957 1484 2006 adeoque
1507 1958 1636 1996 tollere

122 2027 276 2077 possint,
305 2026 400 2064 bene
417 2026 509 2063 vidit
527 2026 685 2063 Heeren.
708 2022 731 2060 l.
748 2023 771 2060 l.
793 2035 880 2074 pag.
903 2025 955 2064 83
978 2024 1148 2073 idemque
1168 2024 1310 2062 edocuit
1326 2024 1481 2062 Rennel.
1499 2025 1638 2075 Geogr.

122 2093 261 2131 Herod.
296 2105 382 2144 pag.
412 2095 494 2134 693
522 2092 628 2143 (coll.
651 2091 782 2130 Ukert.
812 2091 849 2138 I,
882 2093 903 2132 1
934 2104 1020 2142 pag.
1052 2091 1133 2140 47)
1170 2095 1340 2128 accurata
1373 2092 1638 2142 disputatione,

122 2162 195 2211 qua
213 2161 356 2210 singula
376 2162 496 2211 spatia
517 2159 759 2198 Phoenicibus
778 2159 1034 2208 navigantibus
1053 2160 1279 2210 permeanda
1297 2159 1494 2208 diligenter
1512 2173 1638 2199 emen-

122 2241 207 2276 sus,
235 2233 429 2267 ventorum
452 2228 555 2266 simul
581 2228 685 2265 statis
709 2227 894 2265 mensibus
922 2229 1113 2274 flantium,
1146 2228 1288 2265 ratione
1317 2227 1462 2275 habita,
1500 2229 1639 2279 optime

121 2297 437 2343 commonstravit,
467 2296 517 2333 nil
534 2296 708 2333 hactenus
730 2295 904 2341 inveniri,
933 2307 1006 2344 qno
1032 2296 1151 2332 minus
1175 2295 1375 2332 Phoenices
1393 2299 1559 2345 tempore
1579 2296 1637 2333 in-

122 2363 246 2401 dicato
265 2363 422 2400 Africam
444 2364 750 2412 circumnavigare
768 2361 929 2412 illudque
950 2363 1018 2401 iter
1035 2363 1213 2401 conficere
1234 2362 1399 2413 potuisse
1426 2363 1637 2402 existimen-

123 2435 181 2467 tur
195 2427 273 2480 **).
332 2431 405 2475 Qui
425 2444 535 2480 quum
558 2436 692 2469 terram
710 2443 753 2467 ac
769 2429 875 2467 litora
896 2431 1123 2480 potissimum
1145 2430 1333 2480 legerent,
1361 2431 1501 2468 facilius
1525 2432 1637 2469 etiam

124 2498 253 2534 victum
272 2510 315 2536 ac
333 2503 458 2549 potum
488 2499 728 2536 necessarium
753 2498 842 2536 inde
862 2498 930 2535 sibi
951 2511 1160 2549 comparare
1179 2501 1386 2550 potuerunt.
1446 2497 1552 2541 Quae
1573 2510 1637 2536 ea-

124 2566 209 2603 dem
226 2565 423 2604 observans
441 2566 597 2605 Rennel.
612 2565 636 2604 l.
653 2566 677 2604 l.
697 2578 784 2617 pag.
803 2566 906 2613 695,
945 2567 1051 2604 maris
1071 2579 1219 2617 quoque
1237 2567 1369 2603 fluctus
1391 2569 1494 2602 tanta
1516 2566 1632 2616 impe·-

168 2721 203 2764 ')
230 2719 331 2753 Conf.
351 2720 394 2754 de
413 2720 486 2764 his,
511 2733 601 2766 quae
618 2720 717 2766 plura
734 2719 865 2765 singula
881 2721 1095 2766 protulerunt
1109 2719 1252 2754 Rennel.
1277 2730 1354 2764 pag.
1376 2720 1455 2755 689.
1479 2720 1628 2753 Heeren.

212 2776 319 2811 Ideen
340 2777 377 2818 Ι,
398 2779 422 2812 2
444 2789 525 2823 pag.
544 2780 601 2814 82.
640 2779 746 2812 Koes.
765 2777 787 2812 l.
805 2777 826 2811 l.
849 2788 930 2822 pag.
952 2777 996 2814 14
1011 2789 1108 2823 seqq.

168 2845 220 2889 ⁸⁸)
244 2845 348 2880 Conf.
372 2844 474 2880 etiam
492 2846 596 2881 Koes.
616 2845 638 2883 l.
658 2846 680 2880 l.
701 2856 781 2892 pag.
799 2847 843 2881 21
861 2856 957 2891 seqq.
