1904 3304
572 192 912 234 THALIA.
973 193 1035 231 111.
1359 195 1443 235 225

169 309 301 363 μῆσαι
329 301 408 347 τὸν
437 301 723 359 Πολυκράτεα
753 303 872 359 παρὰ
908 301 986 346 τὸν
1010 300 1233 357 Ὀροίτεα·
1282 302 1356 345 καὶ
1386 302 1439 359 δὴ

169 377 239 422 καὶ
270 374 415 425 ἰόντος
447 372 586 418 αὐτοῦ
626 373 695 417 ἐπὶ
738 372 818 429 τὴν
853 372 1202 432 πεντηκόντερον
1229 371 1442 430 ἐπεφημί-

140 449 276 499 Βζετο.
336 442 359 487 ὁ
391 444 437 488 δέ
468 447 512 489 οἱ
539 444 767 503 ἠπείλησε,
795 442 852 499 ἢν
883 448 970 496 σῶς
1000 442 1303 499 ἀπονοστήσῃ,
1341 447 1500 487 πολ-20

139 515 249 560 4λόν
277 532 353 572 μιν
381 515 544 571 χρόνον
573 515 940 571 παρθενεύεσθαι.
997 515 1024 573 ἡ
1056 515 1101 559 δὲ
1131 514 1324 572 ἠρήσατο
1355 515 1458 562 ἐπι-,

166 587 289 631 τελέα
326 591 463 631 ταῦτα
490 589 718 644 γενέσθαι·
777 586 1020 644 βούλεσθαι
1056 585 1141 642 γὰρ
1178 586 1441 642 παρθενεύε-

23 666 122 714 125
168 665 272 703 σθαι
302 659 416 703 πλέω
458 659 623 716 χρόνον
652 659 680 716 ἢ
717 662 798 703 τοῦ
826 657 990 712 πατρὸς
1020 657 1290 713 ἐστερῆσθαι.
1352 661 1439 701 Πο-
1497 659 1689 728 Pemtwdmfl
1691 659 1774 720 <1⁰
1764 676 1774 680 -

166 730 381 788 λυκράτης
428 732 497 785 δὲ,
539 732 678 789 πάσης
724 731 993 787 συμβουλίης
1031 726 1270 786 ἀλογήσας,
1310 728 1607 796 ἔπλεε25ὲέζζυξ·
1606 736 1664 790 ¹¹3⁰
1668 736 1775 789 ἕως

114 912 176 962 qui
200 911 424 948 concitantur
449 912 587 947 terrore
607 921 775 959 praeser-

113 969 178 1005 tim
205 981 268 1005 seu
296 973 408 1012 metu,
438 978 501 1003 eos
521 966 590 1003 dici
611 965 773 1005 παντοί-

113 1039 183 1070 ους
194 1023 379 1076 γενέσθαι
393 1023 492 1060 Idem
511 1023 693 1060 observat.
714 1023 773 1059 Cf.

111 1081 251 1118 Herod.
276 1080 341 1127 lx,
374 1080 476 1122 108,
507 1079 576 1116 alia
602 1083 642 1116 ut
668 1079 775 1116 omit-

113 1143 199 1174 tam.
268 1137 380 1174 Unde
410 1135 535 1173 differt
571 1134 772 1172 Atticorum

114 1193 247 1230 locutio
306 1192 349 1231 ἔν
410 1190 529 1230 παντὶ
585 1190 774 1243 γενέσθαι

114 1251 284 1297 (maximo
309 1252 347 1286 in
378 1252 495 1285 iinwre
525 1249 635 1296 esse),
665 1262 774 1297 quam

113 1306 302 1343 illustravit
321 1305 511 1355 wyttenb.
532 1305 580 1340 ad
603 1304 696 1341 Plut.
726 1306 774 1342 de

113 1363 152 1399 S.
186 1362 234 1400 N.
259 1363 304 1398 V.
335 1376 370 1412 p.
396 1364 484 1402 127.
531 1360 627 1397 Add.
652 1362 771 1398 Sturz.

113 1418 204 1456 Lex.
234 1418 400 1468 Xenoph.
432 1417 481 1454 ΙΙΙ
512 1430 549 1467 p.
571 1417 653 1458 467
690 1418 770 1454 Ast.

113 1476 161 1511 ad
186 1475 327 1512 Platon.
356 1474 464 1512 Polit.
492 1486 576 1524 pag.
601 1475 694 1514 600.
718 1497 769 1503 —-

112 1531 171 1568 Ad
191 1532 300 1568 verba
323 1529 388 1570 ἐπὶ
413 1526 486 1580 τήν
514 1526 772 1580 πεντηκόντε-

114 1602 185 1640 ρον
205 1588 299 1624 conf.
320 1587 349 1633 Ι,
370 1589 447 1628 163
470 1587 557 1636 ibiq.
580 1591 672 1624 nott.

169 1642 445 1695 ἐπεφημίζετο]
479 1642 502 1679 i.
527 1657 558 1680 e.
577 1644 667 1681 male
687 1645 773 1680 omi-

111 1702 283 1747 nubatur,
317 1702 429 1738 verbis
465 1702 626 1737 ominosis
653 1714 773 1750 prose-

113 1759 292 1807 quebatur.
351 1758 540 1795 Mediceus
557 1756 660 1804 liber,
685 1757 774 1794 Flo-

111 1815 288 1861 rentinus,
318 1813 393 1850 alii:
424 1812 646 1863 ἔφημίζετο,
671 1814 772 1863 quod

112 1871 280 1920 probavit
320 1870 537 1906 Gronovius.
622 1870 768 1917 Aldina,

114 1926 296 1962 Sancrofti
318 1925 428 1972 liber,
457 1925 517 1962 alii
540 1924 772 1976 ἐπεφημίζε-

113 1996 171 2027 το,
200 1983 298 2030 quod
315 1982 412 2019 idem
431 1982 466 2018 in
486 1994 551 2018 suo
576 1983 699 2020 codice
719 1983 773 2020 le-

115 2043 219 2087 gerat
242 2038 453 2075 Eustatliius
477 2038 525 2074 sic
546 2038 704 2075 scribens
723 2040 772 2075 ad

113 2094 154 2131 ll.
176 2094 191 2130 1
220 2108 255 2145 p.
276 2096 343 2140 28,
362 2097 415 2135 27
443 2095 517 2131 sive
537 2096 605 2140 21,
625 2095 697 2135 48.
726 2092 770 2134 τό

113 2165 220 2202 παρα
246 2146 439 2218 Ἡροδότῳ
470 2150 632 2200 ἐπιφη
647 2167 670 2201 μ
685 2151 773 2197 ίζε-

115 2211 214 2246 σθα
228 2222 240 2245 ι
262 2203 312 2246 ου’
329 2203 471 2247 ταύτόν
494 2206 574 2246 ἐστι
594 2209 646 2275 τῷ
663 2206 773 2246 ἕπευ-

114 2267 283 2314 φημεῖν·
333 2259 431 2302 αλλιὶ
471 2279 637 2315 μαντικη
672 2263 773 2312 λέξις

113 2319 215 2364 ἐστὶ,
256 2320 433 2371 δηλοῦσα
465 2316 679 2371 προφοροῖν
717 2336 772 2359 τι-

114 2391 165 2415 να
194 2378 378 2442 μαντείας
414 2372 472 2417 δι’
508 2372 556 2415 οἷν
562 2374 772 2427 αμνήσεως

114 2431 322 2482 ἐνυπνίου,
362 2434 382 2470 i.
418 2448 448 2472 e.
478 2434 670 2471 molientem
701 2435 770 2471 ali-

117 2489 201 2538 quid
236 2503 278 2526 ex
304 2493 433 2527 somnio
472 2503 605 2527 monere
634 2492 770 2538 οηιίηίε,

119 2544 184 2581 Cr.
214 2545 428 2596 interprete,
457 2548 519 2597 qui
548 2547 770 2596 Hesychium

116 2601 220 2647 citat,
250 2603 346 2651 apud
367 2616 472 2652 quem
498 2602 770 2654 ἐπιφημίσμα-

118 2668 156 2695 σι
187 2657 383 2706 explicatur
412 2659 666 2710 οἰωνίσμασι,
708 2661 769 2697 ubi

115 2712 252 2750 Alberti
281 2713 327 2750 T.
354 2714 473 2764 Ipag.
505 2719 611 2758 1399
644 2717 770 2753 laudat

118 2769 326 2817 Thucydid.
343 2769 423 2816 Vll,
442 2773 494 2812 75
513 2777 549 2809 et
567 2772 707 2823 Ioseph.
724 2773 769 2809 B.

116 2825 143 2864 l.
162 2824 252 2870 Vll,
271 2826 307 2865 5.
344 2826 587 2866 Schneiderus
614 2829 650 2866 in
678 2828 768 2866 Lex.

169 2882 377 2919 Hnnonor.
415 2883 460 2921 ΙΙ.

832 920 860 945 s.
888 919 942 954 v.‚
976 906 1039 944 ubi
1056 905 1091 946 h.
1121 905 1143 944 l.
1169 904 1317 953 laudat,
1349 906 1495 944 reddit:

831 964 999 1002 ominosa
1026 963 1137 1000 verba
1175 962 1269 1012 (sive
1299 963 1336 1000 in
1363 962 1495 1000 bonam

830 1025 985 1072 partem,
1005 1020 1081 1057 sive
1096 1020 1131 1056 in
1144 1019 1294 1066 malam)
1318 1018 1497 1056 acclama-

830 1091 884 1124 re,
914 1077 1011 1114 bona
1038 1075 1179 1114 malave
1207 1075 1375 1126 proloqui
1406 1080 1496 1113 vota

830 1134 992 1183 indeque
1004 1133 1059 1170 vel
1078 1145 1281 1181 assensum,
1300 1132 1356 1170 vel
1370 1145 1497 1183 repro-

832 1191 1017 1227 bationem
1037 1190 1235 1227 declarare.
1293 1190 1374 1227 Nec
1393 1189 1498 1227 aliter

832 1248 908 1284 sere
930 1246 1076 1284 Dissen.
1102 1247 1151 1283 ad
1176 1246 1322 1283 Pindar.
1349 1245 1495 1296 Olymp.

830 1303 894 1350 w,
917 1305 969 1344 56
991 1315 1076 1353 pag.
1094 1305 1167 1344 67:
1196 1303 1309 1349 „boni
1329 1306 1391 1339 aut
1410 1301 1495 1340 mali

831 1360 962 1396 ominis
985 1359 1096 1396 verba
1116 1359 1219 1396 alicui
1249 1360 1384 1405 dicere,
1416 1363 1494 1396 tum

829 1416 926 1452 bona
947 1419 1009 1452 aut
1027 1415 1122 1452 mala
1141 1416 1373 1466 imprecari.“
1432 1415 1494 1453 Tu

827 1472 901 1509 vid.
930 1472 1092 1523 inprimis
1119 1471 1283 1510 Lobeck.
1306 1473 1355 1510 ad
1376 1471 1493 1520 Phry-

828 1529 924 1565 nich.
953 1541 990 1579 p.
1022 1529 1116 1569 596.
1142 1550 1196 1555 —
1225 1527 1285 1565 Ad
1315 1527 1491 1568 ἐπιτελέα

828 1583 1018 1651 γενέσθαι
1045 1585 1138 1622 conf.
1162 1585 1190 1631 Ι,
1220 1587 1312 1625 116
1342 1585 1406 1630 ΙΙΙ,
1429 1587 1493 1625 16

886 1637 1110 1693 βούλεσθαι
1129 1661 1181 1669 -
1205 1637 1234 1692 ὴ
1258 1663 1303 1670 --
1328 1640 1492 1693 ἐστερῆ-

830 1697 944 1749 σθαι]
964 1698 1022 1735 Ad
1036 1694 1256 1750 βούλεσθαι
1274 1698 1384 1748 vulgo
1406 1699 1495 1736 sub-

827 1756 981 1793 audiunt
1008 1757 1168 1806 μᾶλλον.
1222 1754 1282 1793 De
1302 1768 1376 1804 quo
1397 1756 1492 1792 conf.

827 1811 1014 1850 Lambert.
1031 1812 1118 1849 Bos.
1140 1812 1188 1849 de
1211 1811 1344 1862 ellipss.
1365 1811 1408 1848 L.
1425 1812 1491 1848 Gr.

826 1882 910 1920 pag.
931 1872 1026 1910 767.
1052 1891 1108 1897 —
1137 1867 1196 1905 Ad
1223 1881 1300 1905 rem
1331 1868 1492 1917 denique

827 1927 952 1962 confer
970 1926 1018 1962 sis
1046 1924 1250 1971 Philonem,
1281 1925 1344 1974 qui
1366 1928 1492 1961 narrat

827 1982 907 2031 (ap.
928 1981 1066 2019 Euseb.
1092 1983 1265 2031 Praepar.
1296 1980 1363 2017 Ev.
1390 1980 1491 2028 VIII,

832 2040 882 2077 13
904 2051 931 2074 s.
953 2037 1094 2074 Philon.
1126 2038 1225 2087 Opp.
1242 2037 1273 2073 ll
1302 2050 1387 2087 pag.
1409 2038 1491 2078 639

829 2095 887 2131 ed.
900 2093 1062 2143 Mang.),
1084 2094 1275 2139 somnium,
1298 2093 1398 2141 quod
1420 2092 1492 2128 Po-

830 2149 973 2199 lycratis
1003 2149 1100 2187 filiae
1125 2163 1192 2199 per
1218 2150 1379 2198 quietem
1403 2148 1492 2185 suis-

830 2211 884 2243 set
912 2206 1114 2253 obiectum,
1145 2206 1182 2242 id
1218 2207 1336 2255 ipsum
1367 2210 1492 2254 tyran-

829 2275 915 2299 num
936 2264 1071 2301 vidisse
1097 2265 1132 2300 et
1151 2263 1333 2309 recitasse,
1356 2275 1436 2299 cum
1456 2262 1492 2298 in

829 2332 971 2357 crucem
993 2319 1189 2358 tolleretur.

1019 2376 1051 2413 C
1062 2388 1129 2426 ap.
1161 2375 1312 2412 CXXV.

886 2426 1100 2485 οἷλογήσας]
1133 2432 1239 2469 Conf.
1251 2435 1342 2470 nott.
1361 2432 1408 2468 ad
1425 2431 1489 2478 ΙΙΙ,

830 2490 905 2529 121
914 2518 922 2526 .
954 2489 1011 2527 De
1022 2488 1213 2526 Democede
1224 2489 1296 2525 vid.
1317 2489 1410 2525 infra
1426 2488 1490 2534 ΙΙΙ,

832 2547 924 2586 129.
963 2546 1021 2584 De
1048 2546 1212 2583 iunctura
1233 2545 1489 2595 particularum

829 2602 865 2638 in
886 2603 1005 2639 verbis
1036 2599 1180 2647 ἄλλους
1206 2615 1257 2639 τε
1281 2622 1332 2629 —-
1362 2600 1405 2640 ἐν
1438 2597 1491 2639 δὲ

828 2654 885 2708 δή
908 2657 992 2697 καὶ
1015 2659 1155 2696 monuit
1170 2658 1324 2695 Werfer.
1347 2656 1492 2694 inActt.

825 2714 926 2765 phill.
955 2715 1121 2753 Monacc.
1156 2714 1193 2760 Ι,
1222 2717 1248 2754 2
1278 2726 1363 2764 pag.
1395 2712 1490 2753 244.

825 2771 884 2808 Ad
906 2772 1018 2809 verba
1041 2765 1342 2836 Κροτωνιήτην
1363 2766 1490 2818 α’νδρα

827 2823 966 2879 ἰητρόν
1016 2842 1057 2867 τε
1104 2823 1222 2867 ἐόντα
1268 2825 1487 2873 wesseling.

1208 2882 1260 2923 15
