1904 3304
619 214 967 258 THALIA.

220 341 389 377 πτουσα
419 330 464 374 δὲ
494 328 661 373 αὐτέων
691 328 847 385 ἑκάστη
879 324 1013 383 φιάλῃ
1033 324 1074 376 ἐς
1101 325 1182 367 τοῦ
1210 324 1376 378 χρυσοῦ
1404 320 1486 377 τήν
1541 326 1623 370 264

1026 215 1088 255 111.
1402 213 1486 253 237

220 402 384 460 θήκην,
441 399 646 454 ἐδωρέετο
684 397 945 456 Δημοκήδεα
982 394 1096 440 οὕτω
1140 393 1194 450 δή
1241 410 1281 436 τι
1320 393 1493 445 δαψιλέι·

219 476 378 528 δωρεῇ,
433 471 490 523 ὠς
530 470 636 522 τούς
681 469 1004 519 ἀποπίπτοντας
1043 464 1127 510 ἀπὸ
1165 468 1254 508 τῶν
1297 464 1490 520 φιαλέων

220 548 431 600 στατῆρας
461 542 672 600 ἑπόμενος
700 541 724 586 ὁ
757 541 946 598 οἰκέτης,
986 542 1046 600 τῷ
1087 537 1258 594 οὕνομα
1296 533 1352 593 ἦν
1381 536 1489 579 Σκί-

163 716 219 766 pti
251 719 286 752 et
309 715 408 751 editi.
467 712 548 752 Nos
576 712 825 750 Gaissordinm

164 772 278 809 secuti
299 784 420 808 sumus
445 778 479 808 et
502 770 658 817 Matth„
688 770 749 818 qui
768 774 825 805 ta-

163 841 247 865 men
260 827 448 864 articulum
469 824 537 866 τόιι
557 831 641 863 ante
660 829 825 875 Δ·ημοκ.,

166 898 274 933 quem
291 884 561 933 igmrantlibri,
573 884 714 919 retinet.
736 881 826 918 Vul-

167 954 215 989 go
231 940 379 989 legitur:
410 942 483 979 τοῦ
498 940 646 991 χρυσοῦ
659 935 732 977 σὺν
749 933 825 988 θή-

165 1012 239 1050 κῃ,
281 997 379 1046 quod
417 996 600 1046 quomodo
636 995 825 1045 explicem,

166 1053 336 1102 equidem
371 1066 445 1090 non
483 1053 612 1089 habeo.
690 1051 824 1088 Melius

167 1110 351 1146 Sancrofti
378 1110 467 1147 liber
489 1110 560 1148 τοῦ
580 1110 730 1159 χρυσοῦ
751 1104 825 1158 τήν

167 1162 325 1216 θήκην,
356 1166 411 1203 cui
441 1166 694 1211 Gaisfordius,
724 1177 826 1202 acce-

168 1223 278 1260 dente
298 1222 441 1267 Matth„
472 1222 685 1272 praeposuit
715 1220 753 1267 ἐς
783 1234 826 1258 ex

168 1280 375 1315 coniectura
409 1278 545 1328 Toupii
573 1279 611 1314 in
644 1277 826 1314 Emendd.

169 1335 270 1371 Suid.
291 1335 322 1371 11
350 1346 434 1384 pag.
458 1336 553 1380 391,
583 1335 645 1383 qui
671 1334 754 1370 olim
779 1333 831 1370 ita

169 1391 285 1427 locum
322 1395 541 1428 correxerat:
580 1386 831 1429 ὑποτύπτου-

170 1459 220 1486 σα
253 1467 309 1475 -
344 1442 468 1502 φιάλῃ
510 1445 548 1492 ἐς
577 1444 651 1497 τὴν
688 1458 829 1498 χρυσο-

167 1498 330 1554 θήκην,
361 1504 383 1539 ἰ.
411 1517 441 1541 e.
464 1504 627 1553 phialam
650 1505 688 1540 in
710 1516 829 1540 arcam

168 1562 401 1596 nummariam
453 1561 666 1596 submittens.
755 1560 829 1603 Qui

167 1617 265 1654 idem
292 1629 418 1653 sensns
445 1618 598 1654 efficitur
626 1618 681 1664 ea,
718 1629 827 1665 quam

168 1674 358 1719 dedimus,
421 1674 574 1711 lectione
593 1701 603 1719 ,
674 1673 829 1723 probata

169 1729 229 1767 illa
267 1730 414 1779 quidem
451 1734 486 1767 et
521 1730 744 1767 Schneidero
789 1730 827 1765 in

167 1785 258 1823 Lex.
278 1786 357 1832 Gr„
387 1785 449 1834 qni
471 1791 660 1836 comparat
676 1787 740 1833 IX,
755 1787 827 1826 83:

168 1838 304 1891 θήκας
325 1844 472 1893 χρυσοῦ
493 1847 527 1879 et
550 1842 699 1879 multum
718 1848 827 1879 antea

170 1898 335 1934 Porsono
371 1899 418 1934 ad
447 1898 700 1948 Aristophanis
731 1899 826 1936 Aves

173 1953 302 1999 1145,
335 1955 395 2003 qui
416 1967 459 1991 ex
483 1954 663 1991 Plutarch.
687 1955 718 1991 ΙΙ
741 1967 825 2004 pag.

172 2011 254 2051 982
277 2011 318 2047 C.
350 2010 512 2061 χρυσίου
542 2006 682 2060 θήκην
708 2012 826 2048 affert.

170 2062 433 2112 ὑποτύπτειν,
464 2067 551 2116 quid
577 2068 637 2112 sit,
665 2068 738 2103 duo
759 2066 828 2103 loci

170 2122 374 2160 Herodotei
396 2123 441 2169 11,
473 2124 564 2169 136,
595 2124 657 2160 ubi
683 2123 764 2160 vide
793 2127 830 2161 et

170 2178 242 2225 Vl,
278 2181 356 2219 119
389 2184 424 2216 et
454 2178 640 2229 Aristoph.
666 2179 732 2216 Av.
759 2179 778 2216 Ι.
809 2179 829 2216 l.

170 2233 268 2272 Nam
285 2236 434 2285 phialis,
448 2239 617 2285 tanquam
635 2236 733 2286 palis
748 2249 832 2273 usae

171 2290 283 2328 Darii
302 2305 437 2339 uxoreS,
468 2305 496 2328 s.
516 2292 652 2342 phialis
678 2292 738 2339 (ut
764 2306 831 2343 pa-

171 2347 232 2395 lis)
252 2350 289 2384 in
304 2362 424 2385 arcam
446 2348 681 2398 aza-{plenam
700 2351 832 2385 immis-

173 2406 243 2450 sis,
281 2405 364 2442 inde
399 2405 604 2453 egerebant,
643 2418 671 2443 5.
717 2408 831 2443 eiicie-

173 2460 259 2496 bant
280 2460 466 2498 Democecli
484 2464 567 2498 auri
587 2474 742 2499 nummos
757 2466 829 2499 tam

174 2516 294 2564 large,
323 2522 363 2554 ut
382 2519 521 2555 humum
547 2519 706 2556 cadentes
724 2521 830 2556 mini-

176 2575 243 2608 ster
281 2575 487 2624 subsequens
525 2576 660 2612 tolleret
696 2577 829 2626 sibique

176 2628 361 2676 colligeret.
416 2631 618 2669 Larcherus
647 2632 829 2683 Toupium

176 2690 318 2721 secutus
357 2686 407 2722 ita
448 2687 588 2726 Gallice
638 2689 828 2739 explicuit:

175 2740 304 2785 „C'est
328 2746 457 2779 mettre
476 2743 510 2779 la
531 2757 716 2795 soucoupe
742 2759 828 2783 sous

175 2795 208 2833 le
229 2800 285 2832 tas
306 2797 352 2834 de
375 2798 496 2847 pieces
516 2800 595 2836 d’or
616 2806 652 2838 et
678 2801 714 2838 la
743 2803 830 2840 reti-

174 2865 234 2889 rer
263 2854 358 2890 aussi
384 2853 504 2905 pleine
530 2856 615 2907 qu’il
644 2858 715 2895 soit
741 2872 830 2910 pos·

884 710 1013 748 sible.“
1031 709 1140 747 Italus
1161 709 1338 758 interpres
1358 705 1545 754 Schweig-

881 768 1094 805 haeuserum
1123 779 1162 803 se
1184 770 1346 803 secutum
1373 775 1454 800 esse
1481 762 1546 808 ait,

882 823 1046 873 quamvis
1073 823 1163 859 illius
1195 819 1447 870 interpretatio
1470 831 1546 855 non

880 892 1029 930 prorsus
1064 879 1131 915 sibi
1170 877 1396 915 satisfecerit.
1462 874 1546 925 Ipse

881 936 996 973 locum
1017 937 1066 973 sic
1087 935 1227 972 reddit:
1246 955 1301 960 —
1325 946 1374 979 „e
1394 944 1545 980 ognuna

883 993 918 1030 di
934 1006 1013 1031 esse
1023 992 1239 1041 attignendo
1252 1003 1315 1027 oro
1325 1002 1394 1026 con
1406 1002 1452 1025 nn
1463 1001 1546 1025 vas-

882 1051 960 1099 sojo
983 1049 1083 1099 dagli
1111 1049 1257 1097 scrigni,
1289 1047 1410 1097 gliene
1437 1058 1545 1094 rega-

882 1107 962 1143 lava
987 1107 1040 1144 col
1062 1107 1206 1155 vassojo
1228 1110 1347 1142 stesso
1369 1104 1404 1139 in
1427 1103 1455 1139 si
1476 1103 1548 1139 lar-

883 1177 931 1212 go
950 1165 1186 1209 dnnamento,
1205 1162 1270 1199 che
1290 1160 1313 1197 il
1332 1160 1548 1205 domestico,

883 1220 906 1256 il
943 1220 1051 1269 quale
1080 1219 1114 1256 lo
1151 1219 1300 1268 seguiva
1335 1223 1404 1255 etc.
1439 1221 1507 1254 etc.
1521 1217 1547 1234 “

884 1276 1086 1313 Vernacnle
1110 1277 1160 1312 sic
1192 1275 1371 1325 expressit
1394 1273 1546 1320 Lange:

887 1333 1004 1381 „Und
1025 1333 1105 1370 eine
1122 1332 1208 1380 jede
1220 1344 1291 1368 von
1311 1330 1421 1367 ihnen
1441 1329 1549 1365 schis-

886 1391 967 1440 pste
996 1390 1063 1426 mit
1090 1389 1188 1425 einer
1212 1387 1341 1424 Schale
1369 1398 1434 1423 aus
1464 1386 1548 1423 dem

889 1446 1120 1483 Goldkasten
1160 1445 1236 1481 und
1277 1443 1456 1480 schenkte
1495 1442 1549 1479 sie

887 1503 970 1539 dem
992 1502 1236 1547 Democedes‚
1267 1501 1351 1537 dass
1371 1500 1438 1536 der
1459 1498 1550 1536 Die-

885 1573 1016 1596 ner—
1036 1558 1111 1595 sich
1130 1558 1190 1594 die
1206 1558 1390 1603 Stateren,
1409 1556 1468 1592 die
1478 1567 1550 1592 von

887 1616 959 1653 den
973 1615 1129 1652 Schalen
1149 1612 1448 1659 hernnterfielen‚
1469 1613 1551 1649 auf-

885 1672 950 1719 las,
969 1673 1045 1708 und
1065 1671 1140 1709 sich
1161 1669 1325 1707 dadurch
1343 1669 1424 1706 eine
1442 1681 1549 1718 gros-

885 1742 925 1766 se
953 1729 1092 1777 Menge
1121 1727 1220 1764 Gold
1246 1725 1549 1764 zusammenlas.“

883 1786 942 1824 De
964 1786 1091 1836 phialis
1114 1785 1210 1822 idem
1230 1784 1356 1820 laudat
1377 1782 1548 1832 Xenoph.

885 1843 1022 1893 Cyrop.
1045 1843 1082 1887 I,
1111 1843 1148 1882 3.
1184 1842 1208 1880 8
1240 1840 1319 1877 coll.
1350 1839 1546 1889 lVyttenb.

883 1898 1028 1936 Selecta
1053 1899 1151 1935 Hist.
1173 1911 1209 1948 p.
1234 1894 1329 1938 374.
1387 1895 1436 1933 Et
1461 1894 1548 1932 Val-

883 1955 987 1992 cken.
1007 1967 1154 2004 quoqne
1171 1953 1372 2004 phialarum
1389 1952 1548 2003 amplam

883 2011 994 2048 fuisse
1013 2011 1160 2054 <notavit
1189 2010 1449 2060 capacitatem,
1479 2009 1547 2046 sed

883 2067 994 2104 latam
1030 2068 1183 2117 figuram
1222 2066 1385 2116 palarum
1423 2066 1549 2110 instar,

888 2137 1002 2173 quare
1028 2124 1065 2160 in
1095 2123 1247 2161 Numer.
1273 2122 1337 2168 IV,
1368 2121 1452 2171 14:⁴
1470 2121 1551 2158 He-

888 2181 1078 2217 braeorum
1098 2193 1220 2217 vocem
1245 2173 1357 2228 Ξῆξ,
1387 2178 1459 2228 qua
1479 2190 1548 2228 pa-

887 2237 943 2274 lae
978 2238 1239 2286 designantur,
1282 2232 1428 2283 φιοὲλας
1464 2235 1550 2272 red-

887 2295 977 2330 dunt
994 2294 1213 2343 interpretes
1235 2292 1388 2329 GraecI:
1419 2291 1548 2330 eodem

886 2356 1058 2388 monente
1076 2350 1108 2387 V
1110 2349 1338 2398 alcken.,qui
1359 2348 1429 2385 alia
1440 2361 1550 2399 prae-

885 2410 987 2444 terea
1006 2406 1125 2444 affert.
1181 2405 1238 2443 Ad
1268 2418 1394 2443 vocem
1417 2406 1550 2457 χρῆμα

886 2464 980 2500 conf.
998 2463 1062 2510 111,
1085 2465 1176 2504 109.

944 2517 1154 2571 στατῆρας]
1187 2516 1296 2556 Attici
1316 2521 1470 2555 stateres
1483 2529 1550 2554 au-

885 2577 938 2614 rei
957 2576 1132 2627 (quorum
1153 2580 1276 2613 tamen
1298 2574 1417 2611 nullus
1442 2574 1550 2611 hodie

887 2634 1071 2683 superest)
1093 2633 1240 2683 pondus
1259 2632 1445 2670 habebant
1458 2631 1550 2667 dua-

886 2702 964 2726 rum
979 2719 991 2737 ,
1038 2689 1197 2727 valorem
1244 2693 1365 2725 autem
1416 2688 1552 2736 viginti

886 2746 1139 2784 drachmarum
1161 2744 1208 2793 (4
1227 2744 1336 2782 Thal.
1358 2747 1412 2786 20
1433 2756 1548 2794 gross.

887 2803 1074 2849 Saxona,
1104 2815 1132 2839 5.
1156 2803 1180 2841 8
1201 2803 1331 2839 floren.
1360 2798 1413 2840 41
1434 2799 1549 2837 cruci-

887 2857 996 2910 ger.).
1026 2859 1169 2903 Quibus
1189 2857 1362 2909 aequales
1381 2855 1547 2908 pondere
