1904 3304
429 254 513 295 168

419 362 561 417 δικῆς,

425 429 697 487 πεντήκοντά
763 447 808 474 τε
874 429 946 473 καὶ
1009 427 1264 483 τετρακόσια
1329 429 1545 472 τάλαντα·

1025 498 1218 543 Κάσπιοι
1268 499 1314 543 δὲ
1355 500 1428 544 καὶ
1465 500 1757 555 Παυσίκαι,6ο

395 501 509 558 3μὸς
557 501 735 553 δέκατος
793 496 937 552 οὗτος.

365 687 458 725 ridie
479 686 633 723 Iaxartis
656 684 693 721 in
713 684 836 721 medio
856 684 932 721 fere
953 696 1034 720 cur-

366 757 408 780 su
432 755 549 792 usque
579 742 626 779 ad
661 741 779 779 lacum
802 740 890 778 Aral
920 740 1034 778 fuisse

366 800 493 837 videri.

426 851 551 905 νομός
570 852 732 900 δέκατος
752 846 892 902 οὗτος]
951 851 1034 889 Μο-

368 916 431 950 net
449 911 668 949 Maltebrun.
689 912 713 950 l.
734 909 756 946 l.
779 909 815 946 in
844 909 943 946 hisce
969 909 1036 945 tri-

369 970 438 1007 bus
470 967 640 1018 satrapiis
668 966 901 1004 Herodotum
934 965 1035 1002 ordi-

368 1039 453 1063 nem
475 1024 580 1074 sequi
609 1023 893 1073 geographicum
921 1034 943 1058 a
958 1034 1035 1058 me-

369 1082 461 1119 ridie
497 1082 544 1118 ad
587 1080 895 1131 septentrionem3
937 1078 1036 1115 unde

368 1138 524 1176 ulterius
565 1137 864 1188 progredientem
901 1135 949 1171 ad
980 1147 1038 1172 se-

368 1194 617 1246 ptentrionem
653 1204 856 1230 memorare
890 1190 1036 1241 Caspios

369 1253 406 1288 in
428 1251 622 1288 undecima
642 1249 821 1299 satrapia,
865 1247 901 1284 in
930 1248 1037 1285 meri-

371 1306 508 1344 dionali
537 1310 576 1343 et
605 1305 755 1343 australi
778 1304 903 1354 Caspii
928 1304 1036 1340 maris

370 1367 491 1401 tractu
527 1362 757 1409 habitantes,
800 1365 839 1398 et
869 1359 1037 1408 Batitas,

368 1424 447 1457 tum
467 1419 642 1469 temporis
664 1419 757 1456 circa
776 1417 929 1468 Caspias
950 1430 1038 1469 por-

370 1481 429 1514 tas
449 1475 685 1527 probabiliter
706 1474 926 1512 habitantes.

429 1529 610 1571 Κάσπιοι
646 1529 688 1571 δὲ
725 1529 794 1569 καὶ
832 1528 1037 1568 Παυσίκαι

370 1604 408 1629 κ.
427 1605 458 1628 τ.
475 1589 519 1638 λ.]
553 1588 631 1625 Has
653 1591 784 1637 gentes
803 1599 928 1624 omnes
951 1598 1038 1636 pro-

371 1645 541 1684 babiliter
592 1643 864 1681 meridionalem
912 1642 1036 1692 Caspii

372 1702 482 1740 maris
513 1705 670 1738 tractum
707 1700 867 1738 tenuisse
897 1699 982 1735 inde
1015 1710 1038 1734 a

371 1759 462 1807 Cyri
499 1757 601 1794 ostiis
635 1769 752 1806 usque
782 1756 831 1792 ad
857 1756 980 1793 Oxum
1014 1767 1037 1791 a

368 1814 527 1852 Meridie
549 1813 732 1851 montibus
762 1812 842 1849 altis
863 1811 1036 1858 clausum,

370 1871 516 1908 coniicit
543 1869 696 1907 Rennel.
727 1868 750 1905 l.
777 1868 798 1905 l.
830 1882 915 1919 pag.
941 1870 1035 1908 502.

371 1927 481 1966 Nunc
519 1931 637 1964 terrae
683 1929 857 1963 vocantur
887 1924 1036 1971 Ghilan,

371 1983 623 2021 Masanderan
680 1982 757 2020 sive
805 1982 1037 2028 Taberistan,

372 2041 549 2087 Korkan,
590 2038 791 2077 Dahestan.
869 2038 946 2075 Sed
984 2037 1037 2073 vi-

373 2097 506 2135 dentur
522 2097 615 2133 istae
636 2100 763 2145 gentes
782 2094 934 2145 posthac
952 2105 1038 2130 suas

374 2154 482 2191 sedes
534 2165 682 2204 prorsus
725 2156 908 2198 mutasse,
957 2163 1039 2188 cum

372 2209 470 2247 nulla
498 2210 654 2259 amplius
682 2221 806 2246 earum
837 2207 1041 2244 inveniatur

372 2267 521 2304 mentio.
564 2266 670 2302 Conf.
694 2265 853 2302 Heeren.
874 2264 987 2301 Ideen
1013 2262 1040 2309 l,

374 2327 402 2364 2
422 2335 458 2372 p.
482 2323 575 2363 290.
620 2320 682 2357 Ad
703 2320 848 2370 Caspios
869 2320 969 2369 quod
985 2323 1041 2356 at-

373 2379 480 2424 tinet,
511 2382 760 2414 memorantur
780 2377 826 2414 illi
852 2378 887 2412 in
909 2376 1040 2412 Xerxis

377 2435 537 2473 exercitu
555 2433 635 2479 Vll,
657 2435 721 2473 67.
745 2435 810 2473 86.
852 2432 982 2475 Sedes,
999 2435 1040 2468 ut

375 2491 552 2537 diximus,
616 2490 777 2527 habuere
821 2501 842 2525 a
891 2488 1040 2525 meridie

377 2547 505 2597 Caspii
525 2546 658 2592 maris,
699 2545 745 2582 ab
768 2545 907 2582 oriente
929 2548 964 2581 et
983 2556 1040 2581 se-

375 2603 587 2655 ptentrione
608 2602 768 2639 Mediae.
811 2601 918 2638 Conf.
940 2601 1042 2637 Ren-

376 2659 446 2697 nel.
472 2658 495 2695 l.
516 2658 537 2694 l.
559 2658 776 2695 Billerbeck.
797 2656 819 2694 l.
839 2657 860 2693 l.
882 2670 966 2706 pag.
990 2657 1040 2696 19

375 2716 498 2764 ibique
520 2713 673 2751 Ptolem.
692 2713 780 2760 Vll,
811 2716 854 2759 1,
879 2714 936 2749 cui
955 2713 1040 2748 add.

376 2771 513 2810 Melam
533 2770 596 2816 ΙΙΙ,
616 2771 640 2811 5
656 2768 690 2821 ἓ.
712 2772 785 2810 39:
816 2770 939 2816 „intus
959 2773 1043 2805 sunt

377 2828 428 2865 ad
464 2827 639 2877 Caspium
684 2827 801 2863 sinum
845 2825 969 2875 Caspii
1007 2829 1043 2862 et

377 2883 625 2922 Amazones.“
671 2883 795 2928 Quare
816 2894 889 2919 non
910 2881 1043 2933 placet,

818 247 1295 288 HERODOTI

620 359 694 404 καὶ
734 359 1044 414 Παρικανίων,
1114 358 1189 402 καὶ
1235 356 1697 414 Ὀρθοκορυβαντίων,

1625 444 1699 471 νο·

1090 682 1190 733 quod
1207 682 1348 719 Gatter.
1385 681 1540 732 Caspios
1571 680 1756 718 habitasse

1090 739 1165 776 vult
1203 739 1298 775 inter
1333 750 1434 775 mare
1468 737 1555 774 Aral
1596 741 1633 775 et
1671 736 1755 773 litus

1092 796 1218 846 Caspii
1238 795 1346 832 maris
1362 793 1699 843 Euroaquilonium,
1717 793 1755 829 in

1091 852 1196 890 litore
1219 849 1444 888 meridionali
1461 850 1624 896 Iaxartis,
1656 849 1754 886 unde

1091 913 1175 959 post
1197 908 1425 945 occidentem
1437 919 1562 944 versus
1585 918 1757 957 progres-

1093 978 1152 1002 sos
1167 977 1248 1002 esse
1260 964 1417 1014 Caspios
1437 976 1479 1000 ea
1497 963 1533 1000 in
1551 963 1643 1009 loca,
1662 973 1757 1011 quae

1095 1023 1345 1058 Sarmatarum
1365 1020 1520 1066 suerint,
1561 1023 1758 1068 antequam

1092 1079 1128 1115 in
1140 1078 1325 1128 Europam
1348 1076 1465 1127 primo
1486 1077 1561 1114 fere
1574 1080 1660 1126 post
1671 1075 1758 1112 Chr.

1093 1147 1128 1172 n.
1177 1133 1320 1172 saeculo
1369 1133 1573 1181 migrarint.
1642 1130 1759 1168 Accu-

1095 1191 1209 1228 ratius
1240 1191 1286 1227 de
1306 1189 1512 1238 Caspiorum
1542 1192 1653 1238 gente
1683 1188 1762 1224 dis-

1093 1247 1236 1298 putavit
1282 1246 1417 1283 Ritter.
1472 1245 1677 1282 Erdkunde
1724 1243 1760 1280 11

1093 1316 1179 1354 pag.
1213 1305 1294 1343 899
1327 1314 1432 1351 seqq.
1505 1301 1579 1345 Qui
1610 1305 1647 1338 et
1679 1299 1760 1351 ipse

1094 1360 1215 1409 gentis
1244 1358 1328 1395 olim
1349 1358 1530 1395 maximae
1559 1361 1596 1395 et
1619 1368 1760 1395 merca-

1093 1417 1176 1453 tura
1196 1416 1476 1453 florentissimae
1499 1414 1605 1452 sedes
1625 1414 1663 1451 in
1681 1425 1760 1451 me-

1093 1471 1263 1510 ridionali
1305 1471 1430 1522 Caspii
1476 1471 1606 1517 maris,
1658 1469 1759 1520 quod

1094 1529 1180 1566 inde
1202 1541 1336 1565 nomen
1357 1527 1477 1574 traxit,
1507 1531 1626 1564 tractu
1641 1538 1760 1575 usque

1094 1586 1142 1623 ad
1186 1589 1310 1635 portas
1345 1584 1502 1633 Caspias
1541 1583 1616 1620 fere
1646 1583 1760 1619 fuisse

1092 1641 1249 1692 probat,
1286 1641 1336 1677 ita
1364 1645 1405 1677 ut
1422 1639 1613 1677 Persarum
1636 1642 1759 1676 aetate

1093 1702 1227 1735 terram
1246 1696 1381 1734 Ghilan
1400 1700 1437 1733 et
1455 1695 1634 1733 Derbend
1653 1700 1761 1732 tenu-

1093 1755 1164 1791 isse
1179 1753 1332 1805 putandi
1346 1753 1429 1790 sint.
1461 1751 1621 1789 Posthac
1637 1755 1760 1789 autem

1093 1823 1226 1848 nomen
1247 1809 1366 1858 gentis
1391 1809 1526 1846 sensim
1549 1809 1758 1857 sensimque

1095 1879 1311 1905 evanescere
1341 1866 1439 1902 idem
1469 1865 1620 1902 subiicit.
1680 1863 1762 1902 No-

1095 1937 1199 1970 men,
1231 1923 1362 1960 eodem
1381 1927 1575 1967 monente,
1615 1921 1761 1958 deriva-

1094 1985 1154 2018 tur
1173 1992 1195 2016 a
1221 1978 1329 2029 Casp,
1360 1979 1460 2028 quod
1479 1981 1627 2014 montem
1645 1977 1762 2027 signi-

1095 2038 1195 2074 ficat.

1154 2090 1381 2143 Παυσίκαι]
1420 2092 1475 2129 Ita
1511 2089 1592 2127 libri
1616 2090 1762 2140 *scripti

1096 2162 1222 2187 omnes
1257 2153 1404 2199 praeter
1435 2146 1618 2184 Sancrofti
1654 2146 1760 2183 codi-

1097 2220 1188 2252 cem,
1219 2205 1279 2254 qui
1299 2205 1445 2243 exhibet
1465 2201 1635 2242 Παυσοί.
1666 2201 1763 2239 Pae-

1097 2265 1190 2299 sicae
1211 2262 1308 2312 apud
1333 2261 1511 2311 Pompon.
1534 2259 1670 2297 Melam
1689 2258 1712 2295 l.
1737 2257 1762 2295 l.

1098 2320 1267 2356 dicuntur
1315 2318 1475 2366 itemque
1519 2316 1617 2365 apud
1649 2314 1759 2351 ‘Plin.

1097 2376 1195 2412 Ilist.
1222 2373 1307 2411 Nat.
1336 2373 1399 2418 Vl,
1431 2373 1481 2412 19
1515 2372 1631 2419 (17);
1665 2371 1762 2408 unde

1096 2432 1133 2467 in
1155 2431 1345 2468 Herodoto
1370 2427 1563 2466 Παισίκαι
1590 2427 1662 2475 legi
1683 2428 1762 2464 vult

1097 2488 1126 2524 I.
1154 2487 1284 2532 Voss„
1316 2485 1416 2534 quod
1446 2485 1566 2534 ipsum
1589 2483 1761 2520 continuo

1098 2543 1236 2593 recepit
1268 2543 1398 2587 Reiz.‚
1448 2553 1556 2589 quem
1595 2540 1762 2588 sequitur

1098 2599 1230 2636 Matth.
1260 2599 1360 2634 Inter
1377 2598 1497 2634 Oxum
1521 2600 1558 2633 et
1580 2595 1761 2634 Iaxartem

1099 2656 1206 2692 sedes
1251 2655 1370 2703 gentis
1412 2653 1525 2690 fuisse
1570 2653 1697 2689 statuit
1732 2651 1760 2689 Ι.

1097 2712 1204 2747 Voss.
1235 2710 1315 2747 Nec
1333 2710 1475 2746 dubitat
1486 2708 1641 2746 Rennel.
1655 2707 1676 2744 l.
1689 2707 1711 2745 l.
1722 2721 1761 2758 p.

1100 2768 1194 2813 503,
1214 2767 1300 2815 quin
1318 2766 1503 2803 Herodoti
1523 2764 1699 2802 Pausicae
1719 2764 1762 2800 ii·-

1100 2824 1183 2861 dem
1215 2824 1288 2859 sint
1316 2835 1357 2859 ac
1389 2822 1583 2858 Strabonis
1611 2821 1761 2858 Pasicae

1101 2884 1140 2917 et
1178 2878 1378 2917 Ptolemaei
1414 2877 1660 2930 Aspasiacae‚
1699 2876 1761 2926 qui
