1904 3304
474 263 557 302 620

472 369 661 425 ἔχοντες·
709 368 784 410 καὶ.
826 370 868 411 οἱ
905 368 1221 423 κυνοκέφαλοι,

868 259 1334 299 HERODOTI

1271 368 1344 411 καὶ
1373 369 1416 412 οἱ
1446 367 1657 424 ἀκέφαλοι
1686 369 1730 411 οἷ

475 440 521 483 ἐν
556 444 670 482 τοῖσι
700 436 879 493 στήθεσι
915 438 1020 490 τούς
1057 437 1318 495 ὀφθαλμοὺς
1352 438 1533 493 ἔχοντες,
1581 437 1639 490 ὠς
1676 438 1728 494 δή

472 509 672 565 λέγονταί
699 523 745 563 γε
773 507 863 552 ὑπὸ
884 510 1085 566 Λιβύων,
1117 510 1189 553 καὶ
1211 510 1254 552 οἱ
1283 507 1429 562 ἄγριοι
1458 508 1628 564 ἄνδρες,
1657 508 1730 552 καὶ.

471 584 673 635 γυναῖκες
712 578 880 635 ἄγριαι,
942 580 1016 624 καὶ
1063 579 1172 624 ἄλλα
1220 578 1379 634 πλήθεϊ
1415 579 1552 623 πολλοὶ
1592 580 1754 636 θηρίαΙ

417 771 610 820 augenda,
650 771 678 807 si
707 768 887 805 attineret.
935 765 987 805 At
1007 768 1076 805 hoe

417 828 454 863 in
473 827 657 864 Herodoti
683 826 762 863 loco
786 825 955 872 equidem
977 825 1076 872 cogi-

416 884 487 920 tari
509 883 629 920 malim
651 883 698 919 de
723 881 857 930 Orygis
882 893 910 917 s.
934 880 1074 917 Antilo-

412 952 480 990 pae
501 952 637 988 genere
659 939 839 988 quodam,
879 936 984 984 quale
1009 949 1075 987 per

414 995 575 1032 Africam
605 995 784 1045 reperitur
808 1005 878 1029 uno
900 1005 1013 1029 cornu
1037 994 1074 1030 in

417 1052 540 1088 fronte
571 1052 792 1088 instructum.
844 1048 901 1085 Cf.
927 1050 1073 1086 Cuvier.

419 1108 467 1144 ad
486 1108 576 1144 Plin.
599 1107 649 1144 H.
670 1106 719 1144 N.
740 1105 822 1142 wll
842 1117 877 1154 p.
896 1103 977 1145 433
996 1118 1075 1153 seq.

419 1167 457 1201 et
476 1175 571 1212 quae
602 1163 648 1199 de
675 1163 743 1198 hoc
763 1159 906 1198 animali
930 1162 1076 1210 copiose

418 1220 583 1269 exposuit
591 1217 851 1255 Lichtenstein.
865 1214 1076 1261 (Abhandll.

418 1275 454 1314 d.
484 1275 620 1311 Berlin.
649 1273 762 1310 Aead.
794 1273 829 1309 d.
852 1272 1075 1310 Wissensch.

415 1343 447 1368 v.
468 1330 557 1367 Jahr
589 1328 698 1371 1824
713 1351 763 1356 ———
778 1330 904 1374 1826)
934 1342 970 1380 p.
995 1327 1074 1369 195

416 1399 519 1435 seqq.
552 1386 630 1423 coll.
656 1399 691 1436 p.
711 1384 793 1425 204
815 1397 919 1433 seqq.
976 1383 1074 1421 Add.

413 1443 597 1491 Bottiger.
626 1441 818 1479 Amalthea
847 1441 899 1477 ΠΙ
927 1454 963 1491 p.
994 1442 1074 1482 189

414 1512 519 1548 seqq.
553 1503 589 1536 et
606 1497 859 1546 Morgenblatt
888 1499 995 1538 1827
1019 1509 1073 1534 nr.

416 1556 498 1596 142
517 1568 595 1604 seq.
617 1567 653 1605 p.
673 1555 754 1595 566
772 1565 875 1602 seqq.
895 1553 974 1593 605
993 1565 1073 1602 seq.

470 1610 537 1649 καὶ
560 1610 600 1650 οἷ
618 1608 899 1659 κυνοκέφαλοι]
930 1609 989 1646 De
1018 1608 1073 1645 his

413 1668 511 1706 conf.
527 1667 682 1704 Diodor.
702 1666 766 1712 lll,
792 1667 858 1706 34.
907 1665 999 1702 Plin.
1023 1664 1072 1701 Η.

411 1723 461 1762 N.
486 1723 568 1760 VIII
592 1724 706 1770 (80),
740 1721 817 1768 54,
857 1722 918 1757 ubi
950 1724 1074 1757 monet

412 1780 559 1817 Cuvier.
580 1792 667 1830 pag.
691 1777 773 1818 466
802 1779 950 1815 eosdem
981 1789 1074 1824 esse,

411 1836 542 1884 quibus
592 1836 712 1871 adhuc
765 1833 1074 1885 cynocephalorum

412 1903 560 1928 nomen.
630 1890 679 1927 At
719 1890 770 1928 οἷ
818 1886 1073 1938 ἀκέφαλοι

412 1947 618 1984 fabulosum
640 1947 837 1984 bestiarum
857 1958 992 1994 genus,
1032 1949 1074 1982 ut

414 2004 483 2053 ipsi
501 2003 647 2040 videtur
668 2003 764 2052 patri
792 2002 965 2039 historiae
983 2002 1074 2039 haec

413 2059 614 2096 adiicienti:
656 2056 710 2104 ὥς
737 2055 786 2108 δή
809 2057 989 2109 λέγονταί
1017 2072 1073 2109 γε,

413 2116 460 2152 ad
482 2128 589 2164 quam
615 2114 808 2151 formulam
836 2114 991 2151 conferri
1008 2127 1074 2150 vo-

411 2171 529 2208 lumus
546 2174 672 2208 notata
693 2172 740 2207 ad
764 2170 825 2218 lv,
851 2173 940 2210 173.
990 2171 1074 2207 Hoc

413 2232 576 2273 certum,
614 2227 846 2264 Herodotum
868 2227 923 2263 hic
946 2227 992 2263 de
1011 2226 1074 2277 sc-

413 2297 535 2320 rarum
583 2296 718 2332 genere
763 2284 924 2332 quodam
959 2282 1072 2332 loqui,

413 2340 696 2388 haudquaquam
755 2340 802 2376 de
856 2339 1073 2386 hominibus,

414 2397 542 2444 quales
589 2395 649 2430 alii
685 2399 849 2432 veterum
890 2396 1073 2432 finxerint.

414 2451 473 2488 De
497 2463 570 2500 quo
589 2451 662 2487 vid.
683 2452 729 2487 ad
741 2452 886 2488 Ctesiae
904 2452 1070 2500 sragmm.

414 2507 494 2544 Ind.
516 2510 572 2547 20
590 2519 675 2556 pag.
692 2509 794 2551 3203
824 2520 940 2556 eoque
963 2510 1070 2545 etiam

413 2563 651 2613 pertinebunt
678 2562 785 2600 Plinii
813 2564 924 2600 verba
949 2565 996 2600 H.
1020 2564 1069 2601 N.

412 2619 459 2666 V,
477 2620 500 2657 8
515 2632 524 2655 :
556 2618 779 2666 „Blemmyis
797 2619 992 2655 traduntur
1010 2633 1072 2657 ca-

412 2676 490 2725 pita
510 2676 638 2713 abesse
659 2687 722 2712 ore
742 2679 778 2712 et
799 2675 910 2711 oculis
929 2677 1069 2725 pectori

413 2731 590 2768 adfixis.“

471 2781 770 2835 α’κατάψευστα]
796 2786 850 2822 Ita
871 2785 1072 2834 Mediceus,

413 2842 668 2889 Florentinus,
698 2843 770 2879 alii.
811 2842 894 2879 Duo
919 2843 1070 2880 Parisini

417 2899 524 2936 codd.
586 2893 897 2949 ιῖκατᾶψαυστας
970 2901 1071 2949 quod

314 654 411 699 192
472 647 786 700 ἀκατάψευστα.
844 651 969 695 Κατεὶ
998 649 1103 702 τούς
1125 649 1339 705 Νομάδας
1369 649 1415 693 δέ
1446 650 1533 693 ἐστι
1560 649 1729 694 τούτων

1132 767 1229 805 idem
1257 768 1292 804 in
1320 772 1460 819 septem
1490 767 1565 805 aliis
1593 767 1698 805 codd.
1721 779 1785 804 ex·

1133 828 1229 861 stare
1253 828 1412 861 testatur
1425 824 1672 861 Montsaucon.
1693 821 1785 872 (Pa-

1132 879 1266 928 lueogr.
1289 881 1353 917 Gr.
1375 892 1458 930 pag.
1483 880 1575 920 243.
1605 878 1715 916 Mem.
1739 879 1785 916 de

1130 935 1267 973 l'Aead.
1292 937 1327 974 d.
1350 937 1462 975 Inscr.
1482 936 1549 972 ΧΠ
1573 948 1659 985 pag.
1684 936 1784 983 171)

1130 992 1397 1041 interpretans:
1445 992 1549 1042 feros
1574 991 1786 1028 intractabi-

1133 1047 1191 1084 les.
1232 1048 1407 1085 Dorvillio
1431 1050 1477 1086 ad
1495 1048 1630 1085 Charit.
1649 1061 1686 1098 p.
1703 1047 1786 1087 346

1130 1103 1231 1152 Lips.
1258 1104 1444 1153 placuerat
1485 1100 1787 1153 εὕκατάψευστα

1132 1158 1194 1208 (cle
1243 1161 1366 1207 qulbus
1395 1160 1509 1209 facile
1557 1162 1634 1209 quis
1672 1159 1786 1196 multa

1131 1217 1345 1261 mentiatur,
1376 1216 1658 1265 confabuletur),
1695 1215 1786 1252 Rei-

1133 1271 1190 1307 zio
1210 1284 1290 1307 cum
1308 1272 1488 1309 Borheck.
1512 1277 1549 1309 et
1569 1271 1785 1309 Schaefem:

1132 1324 1387 1377 κατάψευστα
1414 1328 1566 1378 (fic-tas,
1606 1329 1787 1364 ementitas

1125 1383 1262 1433 feras).
1315 1385 1425 1427 Quod
1458 1386 1554 1422 idem
1588 1384 1788 1422 coniecisse

1133 1440 1182 1476 G.
1213 1441 1395 1478 Koenium
1437 1441 1523 1478 dicit
1556 1440 1732 1477 Valcken.
1764 1452 1788 1476 a

1133 1495 1199 1533 Cr.
1229 1496 1395 1533 laudatus
1423 1497 1459 1533 in
1480 1497 1635 1535 Diatrib.
1660 1496 1785 1547 Eurip.

1130 1565 1216 1602 pag.
1248 1555 1343 1593 231.
1400 1552 1481 1590 Nos
1521 1566 1600 1591 cum
1637 1552 1786 1602 reliquis

1131 1609 1217 1645 edd.
1257 1609 1466 1645 retinuimus
1505 1605 1787 1654 ἀκατάψευστα

1123 1663 1294 1714 ferasque
1322 1665 1550 1713 intelligimus
1578 1665 1674 1701 nullo
1693 1678 1787 1702 men-

1131 1721 1232 1756 ‹lucz'o
1261 1720 1384 1767 fictas,
1426 1734 1519 1769 quae
1544 1720 1628 1758 inde
1647 1734 1668 1757 a
1688 1723 1788 1772 prio-

1130 1777 1228 1813 ribus
1252 1782 1501 1825 segregantur.
1550 1776 1663 1827 Apud
1693 1777 1788 1814 Iam-

1131 1832 1284 1869 blichum
1312 1834 1347 1869 in
1370 1832 1552 1883 Protrept.
1580 1846 1666 1884 pag.
1693 1836 1786 1881 137,

1129 1894 1298 1925 monente
1326 1888 1546 1938 lVesseling.
1587 1884 1789 1938 α’ὄιάψευ·

1131 1957 1201 1983 στα
1219 1945 1347 1995 θηοία
1369 1946 1498 1983 eodem
1517 1958 1637 1983 sensu.
1650 1968 1706 1973 ——-
1725 1945 1785 1983 Ad

1128 1999 1346 2038 locutionem
1367 1998 1519 2051 πλήθει
1535 1999 1660 2040 πολλά
1688 2003 1784 2039 conf.

1128 2057 1192 2103 Ill,
1213 2056 1278 2097 45
1316 2057 1352 2103 J,
1387 2060 1435 2097 51
1465 2054 1638 2109 μεγαθεϊ
1667 2055 1786 2124 μεγά-

1129 2115 1222 2158 λοῑς
1243 2112 1480 2159 etV11,117
1509 2112 1637 2168 ἄνδρα
1667 2109 1784 2168 μεγά-

1129 2173 1201 2208 fiet·
1222 2168 1413 2222 μέγιστον.

1314 2227 1424 2276 Cap.
1455 2226 1600 2263 CXCII.

1188 2279 1300 2320 Κατιέ
1317 2279 1410 2329 τούς
1425 2277 1617 2333 Νομάδας
1640 2280 1684 2321 δέ
1704 2280 1784 2320 ἔστι

1129 2335 1280 2377 τούτων
1302 2353 1337 2376 κ.
1364 2354 1395 2376 τ.
1417 2339 1463 2387 λ.]
1515 2338 1588 2375 Pro
1615 2336 1784 2377 τουτέων

1130 2409 1210 2432 cum
1232 2395 1349 2431 Gaisf.
1370 2399 1406 2432 et
1424 2395 1557 2431 Matth.
1579 2395 1675 2432 edidi
1693 2389 1784 2432 τού-

1128 2466 1218 2489 των
1252 2447 1502 2502 Hv'yctoyots.
1518 2450 1665 2500 Pygarg³
1657 2452 1697 2497 i,
1719 2451 1784 2498 qui

1128 2520 1200 2544 una
1220 2520 1300 2544 cum
1321 2508 1437 2544 damis
1460 2511 1497 2544 et
1526 2509 1742 2556 strepsicero
1735 2512 1784 2544 ute

1128 2568 1455 2601 commemorantur
1493 2561 1609 2598 Plinio
1650 2563 1701 2600 H.
1732 2561 1783 2611 N,

1127 2619 1213 2656 Vlll
1237 2620 1351 2666 (79),
1383 2617 1456 2664 54,
1497 2619 1667 2655 videntur
1703 2630 1783 2656 esse

1128 2676 1266 2713 bestiae
1301 2674 1390 2711 albis
1420 2674 1563 2711 natibus
1594 2674 1782 2725 praeditae

1130 2732 1272 2769 cervino
1311 2743 1331 2767 e
1375 2742 1510 2778 genere
1551 2731 1610 2768 vel
1644 2731 1781 2781 potius,

1129 2799 1224 2836 quae
1253 2790 1308 2822 est
1335 2786 1479 2823 Cuvieri
1512 2791 1694 2824 sententia
1714 2786 1782 2832 (ad

1129 2844 1221 2881 l'lin.
1242 2841 1265 2878 l.
1288 2841 1308 2877 l.
1328 2855 1414 2891 pag.
1435 2842 1538 2889 465,
1567 2844 1629 2879 ubi
1655 2844 1780 2879 vertit:

1121 2899 1231 2950 sesses
1249 2896 1426 2949 blane-las)
1438 2926 1448 2946 ‚
1480 2912 1524 2937 ex
1543 2899 1782 2950 antiloparum
