1904 3304
593 259 941 301 THALlA.

1001 261 1063 299 111.
1409 262 1465 301 39

188 368 353 422 αὐτούς
388 370 431 421 ἐς
469 368 572 420 τοὺς
610 371 852 421 Αἰθίοπας,
902 369 1199 424 ἐντειλάμενος
1235 368 1287 411 τοὶ
1325 368 1465 424 λέγειν
1524 372 1606 415 204

184 441 288 498 χρὴ,
328 441 400 485 καὶ
430 443 554 496 δῶρα
580 441 817 497 φέροντας,
862 440 1121 496 πορφύρεόν
1149 456 1192 482 τε
1223 437 1342 495 εἷμα,
1388 458 1443 483 κα

185 511 370 569 χρύσεον
401 512 608 567 στρεπτὸν
637 511 964 567 περιαυχένιον,
995 512 1067 556 καὶ
1096 511 1247 563 ψέλια,
1278 512 1351 554 καὶ
1381 510 1461 567 μύ-

156 589 275 639 Ξρου
305 582 598 639 ἀλάβαστρον,
640 584 711 627 καὶ
743 586 999 638 φοινικηῖὀυ
1032 586 1157 627 οἴνου
1198 582 1349 626 κάδον.

186 655 233 699 δὲ
260 656 471 705 Αἰθίοπες
499 649 642 706 οὗτοι,
682 654 724 704 ἐς
755 653 859 704 τούς
889 653 1104 710 ἀπέπεμπε
1148 654 1171 698 ὁ
1202 656 1456 710 Καμβύσης,

185 727 386 782 λέγονται
432 724 545 770 εἶναι
587 726 780 782 μέγιστοι
827 726 901 768 καὶ
941 725 1165 770 κάλλιστοι
1205 725 1460 781 ἀνθρώπων

346 875 456 924 Cap.
487 871 569 908 XX.

182 925 458 979 ἐντειλάμενος
485 925 532 966 τά
551 926 676 979 λέγειν
697 924 787 979 χρή]

124 988 157 1025 Ε
179 987 413 1036 lVesselingii
435 986 520 1023 edd.
546 990 789 1034 propagatum

124 1045 213 1082 fuit:
244 1039 292 1082 τά
314 1058 362 1082 τε
385 1041 510 1094 λέγειν
530 1043 643 1091 χρῆν,
662 1055 790 1091 quam-

123 1113 235 1150 quam
260 1100 474 1152 particulam
505 1113 544 1137 τε
573 1098 651 1134 libri
683 1099 790 1147 iguo-

123 1163 222 1204 rant,
253 1158 415 1207 exceptis
435 1155 621 1193 Sancrofti
640 1155 729 1192 libro
751 1160 790 1193 et

122 1214 353 1261 vindobon„
385 1214 445 1263 qui
466 1225 545 1250 eam
566 1216 650 1261 post
671 1210 789 1250 ἐντει-

123 1267 294 1321 λάμενος
312 1270 503 1306 collocant.
563 1269 688 1311 Quare
708 1282 787 1306 cum

123 1340 215 1364 rece.
235 1327 319 1364 edd.
340 1327 451 1364 abieci
471 1340 522 1364 τε.
563 1328 650 1360 Mox
668 1338 688 1362 e
707 1325 789 1362 Me-

125 1384 245 1429 diceo,
276 1382 492 1419 Florentino
519 1382 687 1429 binisque
710 1382 788 1418 aliis

124 1440 231 1476 codd.
249 1440 369 1489 recepi
390 1435 464 1489 χρή
483 1451 549 1489 pro
569 1439 682 1489 χρῆν,
704 1452 790 1488 pro-

123 1496 237 1533 bante
256 1495 457 1541 Matthiae,
489 1495 551 1543 qui
579 1497 678 1544 χρῆν
708 1495 790 1532 huic

121 1551 201 1589 loco
222 1553 414 1589 convenire
429 1552 506 1588 iure
528 1551 633 1587 nobis
652 1564 789 1600 negare

121 1609 288 1655 videtur,
320 1609 436 1645 citans
469 1621 564 1656 quae
593 1608 788 1657 disputarit

122 1666 169 1701 ad
195 1664 360 1714 Euripid.
389 1665 480 1701 Hec.
511 1666 603 1705 262.
631 1665 786 1714 Hippol.

119 1723 215 1762 296.
247 1721 339 1761 344.
379 1720 557 1758 Androm.
592 1720 686 1762 424.
720 1721 786 1758 Gr.

121 1777 253 1815 Graec.
281 1776 316 1828 ἓ.
344 1777 425 1818 505
467 1782 544 1814 not.
577 1791 661 1827 pag.
690 1779 784 1818 958.

118 1855 175 1861 ·—-
195 1833 254 1871 Ad
270 1835 368 1871 dona
393 1835 493 1883 quod
511 1834 654 1880 attinet,
686 1836 782 1872 conf.

118 1889 260 1928 Aelian.
289 1891 333 1927 V.
362 1891 411 1927 H.
440 1891 467 1938 Ι,
496 1893 563 1936 22,
597 1891 659 1927 ubi
690 1891 784 1927 inter

119 1947 218 1983 dona
249 1947 381 1995 legatis
414 1960 436 1983 a
467 1947 660 1984 Persarum
693 1961 782 1995 rege

118 2003 229 2039 tribui
249 2003 355 2040 solita
373 2010 620 2040 memorantur
635 2017 782 2052 quoque

118 2059 298 2105 armillae,
329 2065 477 2108 torques
508 2065 544 2096 et
577 2061 670 2096 stola
701 2060 782 2097 Me·

118 2116 210 2152 dica.
263 2115 375 2164 Atqui
396 2117 664 2152 Macrobioruin
680 2118 780 2164 regio

117 2185 197 2209 cum
221 2185 310 2208 auro
331 2173 508 2218 abundet,
540 2173 629 2209 haec
655 2186 781 2209 mune-

115 2241 154 2265 ra
175 2241 197 2265 a
210 2229 394 2277 Cambyse
413 2243 478 2278 per
502 2229 695 2265 ludibrium
713 2243 780 2279 po-

115 2285 186 2321 tius
215 2286 326 2322 missa
360 2286 476 2323 videri
509 2285 583 2321 vult
618 2286 777 2322 Heeren.

115 2341 230 2378 Ideen
258 2341 280 2378 l.
307 2342 329 2378 l.
361 2356 445 2392 pag.
477 2342 579 2387 3463
615 2346 654 2378 ut
685 2343 779 2378 indi-

115 2399 335 2447 gnabundus
387 2399 657 2435 Macrobiorum
716 2412 778 2436 rex

113 2454 184 2492 alio
202 2456 305 2504 quasi
322 2455 400 2491 lusu
419 2456 662 2505 responderit.

172 2510 241 2549 καὶ
271 2511 404 2559 ψέλια,
434 2511 499 2550 καὶ
524 2507 654 2562 μύρου
682 2507 776 2549 α’λά-

117 2566 303 2618 βαστρον]
336 2568 455 2617 ψέλια
482 2569 522 2615 (i.
545 2582 576 2606 e.
597 2569 776 2616 armillae)

115 2623 278 2673 plerique
303 2625 383 2662 libri
405 2627 502 2674 iique
524 2627 661 2675 optimi.
707 2625 777 2662 Alii

115 2678 288 2727 ψέλλια.
325 2681 386 2718 Tu
411 2683 535 2719 confer
556 2683 603 2718 sis
624 2682 686 2727 lll,
710 2684 776 2721 22.

115 2736 178 2782 ῙΥ,
192 2739 281 2777 168.
300 2739 507 2784 1X‚79.-
529 2734 659 2790 μύρου
679 2734 776 2776 cilo}-

115 2793 287 2843 βαστρον
317 2800 372 2832 est
395 2795 579 2831 vasculum
609 2809 629 2832 e
656 2795 775 2845 lapide

113 2849 323 2887 alabastrite
364 2853 566 2889 confectum
604 2852 776 2901 myrrhis-

113 2920 185 2956 que
211 2907 410 2957 repletum3
437 2908 546 2958 plane
572 2913 612 2945 ut
638 2907 775 2945 Plinius

847 872 992 918 scribit,
1022 884 1044 908 a
1065 872 1253 910 Larchero
1274 871 1459 919 laudatus,
1481 871 1516 907 in

848 928 942 964 Hist.
972 927 1061 966 Nat.
1092 929 1272 973 XXXVI,
1312 930 1337 968 8
1373 927 1449 975 (Τ.
1485 928 1515 964 ll

847 998 882 1036 p-
907 985 1031 1034 734):
1075 985 1286 1037 „Lapidem
1323 984 1517 1021 alabastri-

846 1046 912 1079 ten
934 1071 941 1078 .
963 1069 972 1078 .
993 1070 1001 1078 .
1027 1046 1156 1079 cavant
1169 1043 1217 1079 ad
1236 1054 1322 1077 vasa
1348 1054 1515 1089 unguen-

848 1099 963 1145 taria,
995 1100 1167 1148 quoniam
1200 1099 1337 1149 optime
1370 1110 1514 1135 servare

847 1155 1058 1206 incorrupta
1086 1156 1261 1192 dicitur.“
1303 1155 1344 1190 In
1369 1154 1514 1203 Evang.

847 1212 980 1248 Matth.
1009 1212 1144 1259 XXVI,
1168 1216 1193 1251 7
1239 1210 1342 1247 simili
1366 1224 1514 1261 prorsus

847 1270 956 1305 modo
987 1268 1121 1317 legitur
1153 1264 1406 1318 α’λᾶβαστρον
1436 1262 1514 1317 μύ-

847 1340 933 1375 ρου.
974 1325 1033 1362 De
1055 1338 1129 1373 quo
1150 1325 1305 1375 plurima
1326 1324 1513 1373 congessit

846 1381 1074 1419 Schleusner.
1100 1382 1137 1418 in
1163 1381 1255 1419 Lex.
1282 1381 1330 1419 N.
1352 1381 1395 1417 F.
1424 1394 1452 1417 s.
1475 1394 1509 1418 v.

846 1438 861 1474 l
889 1451 976 1489 pag.
1005 1437 1096 1478 114.
1144 1438 1288 1484 „Adde
1315 1437 1510 1474 Winckel-

846 1495 969 1532 manni
991 1508 1103 1544 opera
1114 1494 1193 1531 Vol.
1215 1495 1264 1531 lll
1284 1507 1318 1544 p.
1335 1496 1412 1535 126
1425 1507 1509 1542 sqq.

847 1556 881 1588 et
911 1565 944 1601 p.
975 1549 1057 1591 354
1076 1564 1156 1599 sqq.
1180 1552 1237 1588 ed.
1271 1563 1353 1586 now
1375 1550 1508 1587 Dresd.

845 1608 893 1644 G.
914 1608 963 1644 H.
991 1607 1140 1643 Martini
1168 1608 1215 1644 ad
1242 1608 1268 1643 Ι.
1288 1607 1331 1643 A.
1350 1607 1511 1643 Ernestii

843 1663 1083 1712 Archaeolog.
1127 1677 1163 1713 p.
1198 1665 1275 1704 137
1303 1667 1340 1700 et
1368 1663 1512 1713 praeci-

843 1734 914 1770 pue
939 1721 966 1757 Ι.
990 1721 1035 1757 G.
1066 1720 1283 1757 Schneideri
1312 1719 1507 1757 Annotatt.

842 1777 879 1813 in
910 1777 1208 1826 Theophrastum
1236 1778 1283 1814 de
1322 1777 1508 1813 Odoribus

842 1832 879 1884 ὃ.
900 1832 954 1874 40
977 1846 1065 1884 pag.
1088 1834 1169 1874 665
1189 1835 1273 1883 sq.“
1295 1832 1362 1870 Cr.
1394 1833 1507 1876 Quod

840 1903 926 1927 vero
972 1903 1015 1927 ex
1056 1890 1224 1927 Eustath.
1268 1891 1316 1926 ad
1352 1889 1503 1926 Homer.

838 1961 873 1997 p.
899 1945 994 1994 946,
1015 1947 1068 1988 53
1092 1960 1120 1983 s.
1147 1949 1242 1992 923,
1269 1949 1319 1986 10
1343 1950 1379 1983 et
1399 1946 1503 1982 Suid.

840 2017 867 2039 s.
904 2016 937 2041 v.
972 1999 1154 2053 λήκυθος
1194 2002 1414 2051 lVesseling.
1449 2003 1505 2039 in-

839 2064 973 2097 sertum
1001 2060 1077 2096 vult
1104 2059 1291 2096 articulum
1320 2056 1390 2097 τόν
1419 2063 1505 2096 ante

838 2117 927 2153 haec
960 2117 1095 2161 verba,
1128 2129 1171 2152 eo
1200 2129 1274 2152 non
1304 2128 1396 2165 opus
1426 2128 1506 2152 esse

838 2178 935 2208 recte
955 2177 1083 2209 monet
1104 2172 1323 2219 Schweigh.,
1345 2185 1365 2208 a
1384 2184 1506 2219 gram-

838 2230 977 2265 maticis
989 2229 1077 2274 istis,
1099 2228 1161 2277 qui
1177 2228 1306 2277 prioris
1320 2228 1505 2264 cuiusdam

837 2285 1064 2334 grammatici
1106 2285 1398 2321 observationem
1437 2285 1502 2321 de-

837 2343 1069 2391 scripserint,
1115 2342 1234 2391 ipsum
1267 2341 1500 2378 Herodotum

835 2400 1040 2448 inspectum
1071 2410 1152 2435 esse
1178 2410 1331 2446 negans.
1360 2420 1411 2424 ——
1443 2396 1502 2434 De

830 2456 1033 2505 palmarum
1058 2456 1138 2490 vino
1161 2456 1256 2490 conf.
1279 2454 1316 2501 I,
1342 2452 1430 2495 194.
1455 2453 1501 2500 II,

835 2514 888 2552 86
908 2513 993 2560 ibiq.
1014 2516 1109 2547 nott.
1125 2510 1342 2559 lVesseling.
1362 2509 1500 2548 consuli

834 2568 910 2604 vult
931 2568 1066 2605 Athen.
1085 2567 1137 2604 Xl
1164 2581 1200 2617 p.
1222 2566 1304 2607 473
1321 2568 1364 2604 Β.
1414 2566 1500 2603 Pol-

832 2625 899 2661 lue.
921 2625 968 2671 X,
993 2625 1058 2665 75.

890 2679 1068 2732 λέγονται
1098 2676 1200 2718 εἶναι
1227 2677 1399 2730 μέγιστοι
1429 2676 1496 2722 καὶ

834 2734 1033 2776 κάλλιστοι
1057 2732 1290 2787 οἷνθρώπων
1314 2732 1494 2783 πάντων]

835 2796 943 2831 Conf.
1002 2794 1173 2830 Eustath.
1235 2793 1284 2829 ad
1341 2792 1495 2839 Dionys.

834 2854 929 2892 218.
955 2851 1096 2888 Eadem
1117 2850 1211 2886 insra
1228 2848 1292 2895 Ill,
1319 2848 1397 2888 114
1413 2847 1494 2884 coll.

834 2907 922 2954 Vll,
953 2910 1026 2954 70,
1069 2907 1129 2944 ubi
1153 2907 1200 2943 de
1228 2904 1494 2954 Aethiopibus:

1445 440 1454 456 2,
1474 449 1492 466 Γ
1519 424 1722 459 Elephantina
1747 433 1795 451 ur-

1447 458 1459 482 ί
1474 450 1554 485 OObe
1566 459 1716 491 arcessiti,
1726 460 1797 485 mis-

1519 493 1543 518 si
1572 492 1610 518 ad
1635 492 1795 525 Aethiopes

1519 534 1583 552 cuin
1603 526 1705 552 donis:
1741 528 1795 552 Ac-

1520 559 1653 594 thiopum
1692 560 1795 586 horum

1408 584 1460 625 Οἱ
1517 602 1644 628 corpora
1658 598 1687 620 et
1701 593 1794 627 leges.
