1904 3304
416 237 445 274 8
833 226 1298 267 HERODOTI

92 349 159 367 nun:
195 338 302 373 'rypho
332 339 362 365 in

93 373 200 409 palude
223 372 363 400 Serboni-

93 410 129 436 de
146 408 321 435 occultatus.

420 340 450 397 ἢ
479 339 567 384 ἐστὶ
593 338 759 394 Σύρων
787 341 876 381 τῶν
906 339 1214 380 Παλαιστινῶν
1252 334 1547 391 καλεομένων·
1598 334 1684 379 ἀπὸ

422 411 468 455 δὲ
503 409 746 461 Καδύτιος,
779 408 936 464 ἐούσης
964 406 1117 458 πόλιος
1147 407 1226 460 (ὦς
1254 406 1350 463 ἐμοὶ
1380 407 1540 464 δοκέει)
1571 411 1687 463 Σαρ-

417 483 524 525 δίων
553 479 608 524 ού
639 483 785 538 πολλῷ
817 478 1075 530 ἐλάσσονος,
1108 475 1194 521 α’πό
1225 476 1386 534 ταύτης
1413 477 1467 521 τὰ
1495 478 1688 534 ἐμπόρια

415 552 468 595 τοὶ
521 551 590 596 ἐπὶ
638 549 862 606 θαλάσσης
904 549 1025 605 μέχρι
1055 545 1260 604 Ἰηνύσου
1296 547 1449 600 πόλιός
1481 549 1569 594 ἐστι
1606 554 1688 594 τοῦ

323 678 326 681 ι
389 621 646 679 2Ἀραβίου·
701 620 787 665 ἀπὸ
829 621 875 665 δὲ
916 619 1140 677 Ἰηνύσου,
1196 615 1317 672 αὖτις
1355 620 1519 676 Σύρων
1565 621 1746 678 μέχρι9ο

347 691 401 734 Ἢ.
422 695 701 751 Σερβωνίδος
730 695 910 750 λίμνης,
960 688 1070 745 παρ’
1114 689 1170 746 ἣν
1209 692 1262 748 δὴ
1302 691 1352 735 τὸ
1383 691 1557 736 Κάσιον
1586 691 1692 747 ὅρος

421 767 550 809 τείνει
580 765 623 815 ἐς
651 764 905 808 θάλασσαν·
939 759 1025 806 ἀπὸ
1057 761 1103 805 δὲ
1128 763 1410 818 Σερβωνίδος
1437 764 1612 820 λίμνης,
1643 763 1692 808 ἐν

422 840 477 893 τῇ
507 835 560 892 δὴ
590 833 721 891 λόγος
743 835 822 880 τὸν
842 834 977 891 Τυφῶ
996 832 1271 888 κεκρύφθαι,
1304 832 1390 878 ἀπὸ
1420 833 1580 892 ταύτης
1608 833 1693 892 ἤδη

394 915 416 948 3
429 910 663 964 Αἴγυπτος.
711 906 761 950 τὸ
786 906 839 964 δή
859 907 1016 962 μεταξὺ
1035 904 1234 962 Ἰηνύσου
1253 902 1407 956 πόλιος
1426 906 1498 949 καὶ
1519 908 1694 950 Κασίου

424 995 468 1022 τε
513 978 669 1032 οὔρεος
709 978 780 1021 καὶ
823 982 898 1035 τῆς
927 979 1204 1034 Σερβωνίδος
1233 977 1407 1032 λίμνης,
1453 976 1528 1021 ἐὸν
1560 981 1750 1021 τοῦτο95

429 1048 512 1093 οὐκ
552 1049 704 1104 ὀλίγον
733 1051 895 1104 χωρίον
935 1048 1024 1093 ἄλλ’
1058 1049 1167 1093 ὅσον
1195 1064 1239 1091 τε
1278 1047 1348 1091 ἐπὶ
1375 1053 1490 1103 τρεῖς
1527 1047 1695 1105 ἡμέρας

96 1171 179 1198 vana
204 1105 368 1198 teum?
427 1118 556 1172 ὁδόν,
602 1118 798 1176 ἄνυδρόν
837 1120 924 1164 ἐστι
965 1123 1127 1172 δεινῶς.
1191 1118 1251 1164 Τὸ
1284 1119 1330 1163 δὲ
1360 1117 1502 1176 ὀλίγοι
1530 1123 1620 1163 τῶν
1649 1119 1693 1171 ἐς

96 1205 203 1239 quibus
238 1204 339 1230 vinum

95 1239 274 1273 importatur
302 1238 333 1265 in

1753 410 1834 450 196

429 1331 539 1384 μέχρι
558 1327 739 1383 Ἰηνύσου
766 1328 902 1379 πόλιός
932 1330 1029 1382 ἔστι]

371 1390 516 1441 Ienysus
534 1403 577 1427 eo
596 1389 674 1427 loco
692 1389 842 1436 exstitit,
864 1390 925 1426 ubi
937 1401 1033 1426 nunc

370 1449 467 1484 vicus
492 1446 576 1483 Kan
596 1445 718 1492 Iones,
758 1446 820 1495 qui
841 1459 914 1483 non
941 1445 1035 1483 mul-

372 1508 450 1540 tum
473 1516 495 1539 a
516 1503 621 1539 Gaza
643 1503 804 1547 distans,
843 1515 886 1539 ex
912 1501 1035 1551 Aegy-

373 1565 439 1609 pto
459 1564 494 1596 et
516 1559 663 1606 quidem
686 1571 730 1594 ex
760 1557 839 1595 loco
862 1558 1035 1595 Salahiah

375 1627 494 1664 prope
535 1614 714 1651 Pelusium
769 1626 835 1663 por
892 1615 1037 1652 deserta

378 1670 515 1706 XXVII
549 1669 632 1706 mill.
666 1670 892 1706 Germanice.
926 1670 1038 1721 profi-

378 1726 595 1763 ciscentibus
619 1726 755 1776 primus
783 1739 823 1763 se
850 1727 957 1764 offert
981 1739 1039 1763 ar-

379 1782 508 1828 bores,
553 1795 708 1830 aquam,
753 1782 908 1828 herbas,
956 1782 1039 1828 alia,

379 1843 679 1875 commonstrans.
711 1837 773 1875 Tu
795 1840 867 1875 vid.
883 1840 1040 1876 Rennel.

379 1896 518 1942 Geogr.
533 1894 619 1931 Her.
639 1908 675 1943 p.
689 1893 781 1934 496.
815 1894 840 1931 l.
854 1896 911 1932 W.
926 1896 1040 1932 Hart-

380 1963 501 1986 mann.
540 1950 616 1986 Das
637 1950 827 1987 Paschalik
846 1951 1039 2001 Aegypten

379 2020 416 2056 p.
441 2008 690 2046 861—863.
719 2028 774 2034 ——-
806 2007 846 2044 ln
877 2008 1040 2058 proxime

380 2075 482 2111 seqq.
518 2062 611 2100 male
646 2075 712 2113 pro
745 2065 817 2102 τοῦ
852 2058 1040 2115 Ἀραβίου

379 2119 528 2167 quidum
550 2119 629 2155 libri
648 2121 718 2169 τῆς
737 2114 940 2170 Ἀραβίου.
984 2121 1042 2158 Ιη-

379 2174 554 2222 telligitur
574 2175 690 2221 enirn,
728 2189 793 2212 usu
825 2178 911 2213 satis
940 2182 1041 2224 noto,

385 2244 445 2267 rex
458 2231 628 2268 Arabum.
647 2232 756 2268 Conf.
778 2245 824 2270 ne
843 2233 945 2283 plura
962 2233 990 2281 1,
1003 2236 1041 2273 2.

441 2339 550 2392 μέχρι
589 2342 840 2392 Σερβωνίδος
886 2342 1042 2393 λίμνης]

385 2397 441 2434 De
471 2398 539 2434 hoc
569 2398 646 2435 lacu
676 2399 830 2435 diximus
855 2400 900 2436 ad
928 2401 973 2446 ΙΙ,
1006 2403 1042 2439 6.

386 2453 442 2490 De
461 2453 565 2491 Casio
592 2459 715 2491 monte
740 2455 813 2492 vid.
842 2456 929 2493 ibid.
953 2460 1044 2492 nott.

386 2509 458 2546 Ubi
480 2510 588 2547 etiam
608 2511 794 2557 attigimus
819 2512 976 2548 fabulam
998 2513 1045 2549 de

384 2565 575 2615 '1')1›11011e‚
594 2567 629 2602 iu
643 2568 741 2603 cuius
755 2567 910 2617 speciem
928 2569 1044 2604 omnis

384 2622 458 2657 sere
488 2635 604 2659 rerum
630 2624 846 2660 naturalium
877 2637 1044 2662 excessus

382 2678 659 2727 intempestivus
711 2681 815 2727 quasi
861 2680 1043 2727 coalescit,

382 2733 444 2781 qui
465 2733 550 2769 inde
574 2748 639 2784 pro
661 2735 770 2771 nimio
791 2737 919 2784 quovis
937 2737 1045 2773 ardo-

384 2801 442 2834 re,
481 2790 619 2827 foetore
649 2791 816 2840 adeoque
845 2797 947 2841 peste
980 2793 1044 2829 ha-

389 2846 512 2892 betur,
562 2851 601 2883 ut
631 2847 756 2884 mirum
787 2860 858 2884 non
888 2849 935 2885 sit
966 2848 1045 2886 loca

1089 1333 1164 1370 sive
1194 1333 1342 1369 deserta
1368 1329 1518 1380 soleque
1543 1331 1654 1368 nimio
1681 1334 1759 1368 tor-

1088 1388 1209 1427 rentia
1239 1388 1315 1425 sive
1338 1386 1521 1424 siticulosa
1542 1387 1759 1438 paludibus-

1091 1458 1164 1495 que
1188 1445 1298 1482 foeda
1323 1443 1517 1494 Typhonis
1544 1448 1759 1495 receptacu-

1091 1502 1178 1548 lum,
1198 1499 1417 1537 domicilium
1444 1513 1487 1538 ac
1513 1501 1639 1538 sedem
1667 1499 1757 1549 fingi

1091 1558 1314 1609 primariam.
1344 1556 1401 1594 De
1420 1569 1492 1607 qua
1516 1556 1621 1607 plura
1639 1557 1756 1594 Creu-

1094 1627 1168 1652 zer.
1206 1614 1242 1650 in
1263 1614 1487 1651 Commentt.
1507 1613 1700 1651 Herodott.
1720 1626 1759 1663 p.

1095 1672 1189 1710 289.
1229 1670 1336 1706 conf.
1362 1671 1473 1707 etiam
1496 1670 1632 1708 Ritter.
1660 1669 1758 1707 Erd-

1093 1727 1220 1763 kuude
1255 1726 1283 1762 ll
1315 1739 1350 1775 p.
1373 1725 1466 1767 400.
1495 1725 1574 1764 coll.
1592 1728 1686 1767 303.
1703 1746 1760 1755 —

1094 1782 1268 1820 Voculam
1297 1780 1378 1833 ἤδη
1407 1787 1493 1833 post
1526 1784 1641 1821 verba
1678 1777 1761 1822 ἀπὸ

1096 1834 1241 1889 ταύτης
1275 1852 1354 1876 curn
1384 1839 1501 1876 Gaisf.
1540 1852 1586 1877 ex
1618 1838 1761 1890 aliquot

1096 1896 1196 1934 libris
1223 1896 1354 1946 recepi.

1155 2002 1236 2046 ἀλλ’
1259 2003 1355 2047 ὅσον
1377 2022 1418 2047 τε
1445 2007 1509 2048 ἐπὶ
1538 2011 1642 2060 τρεῖς
1663 2005 1761 2059 ἦμέ-

1098 2079 1170 2115 ρας
1194 2059 1307 2115 ὁδόν]
1349 2064 1442 2103 Cum
1463 2078 1485 2103 a
1507 2066 1616 2102 Casio
1637 2068 1763 2102 monte

1097 2135 1214 2170 usquc
1239 2121 1287 2157 ad
1317 2122 1485 2171 Ienysum
1515 2122 1584 2158 iter
1613 2122 1660 2159 sit
1693 2121 1764 2157 XV

1099 2178 1235 2214 miili-dr.
1258 2178 1498 2223 Germanum,
1518 2190 1539 2214 a
1558 2177 1764 2214 Serbonide

1100 2233 1181 2270 lacu
1199 2234 1294 2270 adeo
1312 2234 1443 2281 minus,
1456 2233 1646 2270 Persarum
1659 2246 1763 2271 exer-

1099 2290 1209 2326 citum
1247 2294 1402 2337 quatuor
1435 2290 1599 2338 quotidie
1636 2290 1763 2328 confe-

1100 2345 1191 2382 cisse
1221 2345 1387 2381 milliaria
1415 2347 1541 2383 statuit
1563 2347 1719 2385 Rennel.
1741 2345 1765 2383 Ι.

1102 2400 1123 2437 l.
1142 2414 1176 2451 p.
1195 2400 1288 2440 496.
1321 2400 1381 2437 Ad
1403 2416 1507 2451 seqq.
1524 2403 1636 2440 verba
1647 2404 1763 2441 Creu-

1102 2469 1207 2494 zerus
1243 2457 1264 2493 l.
1294 2457 1314 2493 1.
1347 2471 1381 2508 p.
1404 2460 1486 2498 288
1519 2459 1645 2496 laudat
1674 2458 1763 2496 Plu-

1102 2513 1214 2549 tarchi
1243 2513 1359 2550 locum
1380 2516 1417 2551 in
1430 2514 1563 2552 Anton.
1581 2517 1605 2554 3
1624 2529 1660 2566 p.
1680 2516 1763 2555 917

1103 2569 1169 2615 Α.,
1210 2570 1388 2619 additque
1417 2585 1525 2620 quam
1560 2572 1766 2623 periculosa

1102 2626 1171 2662 sint
1193 2626 1490 2674 beiligerantibus
1519 2628 1609 2665 haec
1637 2627 1765 2665 deser-

1101 2686 1162 2727 ta,
1201 2682 1419 2721 documento
1463 2697 1544 2722 esse
1575 2684 1766 2722 Gallorum

1100 2739 1310 2786 exercitum,
1335 2753 1452 2790 nuper
1470 2753 1491 2777 a
1507 2741 1766 2778 Britannorum

1101 2795 1192 2856 duce
1211 2796 1314 2832 Sidn.
1332 2796 1460 2834 Smith.
1483 2798 1519 2834 in
1537 2797 1660 2847 sugam
1677 2808 1764 2834 con-

1101 2855 1242 2888 nectum.

1897 3043 1904 3178 -.--„-2—..„-
1898 2998 1902 3014 «Α
1897 2954 1904 2988 ν..
1898 2911 1904 2930 .-
