1904 3304
508 244 1181 285 MELPOMENE.1V.

1392 247 1475 288 553

190 357 493 406 4Ἀκούσαντες
531 356 578 399 δὲ
615 354 783 399 τούτων
814 356 857 398 οἱ
887 353 999 410 άμφὶ
1027 353 1103 399 τὸν
1134 354 1326 405 Βάττον,
1372 350 1532 396 εἰπέ-25

215 433 363 471 πλωον
406 424 564 469 ὀπίσω·
615 425 669 469 ού
698 426 781 481 γάρ
813 424 866 482 δή
900 437 1035 481 σφεας
1066 425 1182 469 άπίει
1212 423 1235 468 ὁ
1265 422 1370 474 θεὸς
1399 427 1476 479 τῆς

215 498 426 553 ἀποικίης,
459 497 563 549 πρὶν
595 496 648 551 δὴ
678 494 918 539 ἀπίκωνται
947 497 990 547 ἐς
1020 494 1156 551 αὐτὴν
1184 494 1264 550 τὴν
1291 493 1474 550 Λιβύην.

185 568 489 622 5Ἀπικόμενοι
523 565 568 608 δὲ
599 566 749 621 ἐςιτὴν
777 571 938 622 νῆσον,
970 567 1042 609 καὶ
1074 565 1368 620 ἀναλαβόντες
1398 564 1477 608 τὸν

213 639 385 689 ἔλιπον,
430 636 602 678 ἔκτισαν
644 635 775 694 αὐτῆς
816 642 891 692 τῆς
930 636 1098 691 Λιβύης
1139 640 1286 691 χῶρον
1324 634 1477 679 άντίον

211 708 285 760 τῆς
320 703 482 760 νήσου,
532 711 593 764 τῷ
635 705 806 762 οὔνομα
845 703 902 762 ἦν
927 704 1108 762 Ἄζιρις,
1146 706 1224 749 τὸν
1261 706 1397 750 νάπαι
1432 722 1478 749 τε

210 774 434 820 κάλλισται
471 775 543 820 ἐπ’
576 775 802 834 ἀμφότερα
831 780 1139 835 συγκληίουσι,
1177 777 1251 821 καὶ
1279 777 1475 833 ποταμὸς
1531 783 1611 827 351

157 906 250 955 quiis
264 934 274 951 ‚
334 906 537 957 Sophronis
575 904 739 955 inprimis
776 908 812 942 et

157 963 385 1012 Epicharmi,
425 975 492 1012 pro
524 960 561 1000 εἴ
581 975 624 999 κε
645 962 701 999 vel
728 958 810 1005 ἐάν,

156 1020 404 1068 frequentatur
427 1017 540 1064 αἴκα,
578 1018 810 1054 subiunctivis

157 1076 274 1113 modis
291 1075 489 1111 iunctum.“
512 1073 723 1111 Valcken.
746 1073 812 1110 At-

157 1145 230 1181 que
259 1131 327 1167 hoc
355 1131 473 1180 ipsum
511 1131 694 1167 oraculum
728 1133 810 1179 post

156 1188 280 1224 fictum
306 1188 498 1224 arbitratur
527 1187 570 1223 C.
598 1188 644 1224 Ο.
668 1186 809 1224 Mulier.

158 1244 374 1281 Orchomen.
418 1257 505 1293 pag.
537 1242 640 1290 345,
698 1256 809 1291 quum

158 1301 274 1336 omnis
294 1300 339 1336 de
357 1300 501 1349 Cyrene
521 1300 668 1336 condita
690 1299 812 1336 fabula

159 1356 245 1393 satis
267 1356 375 1393 fuerit
394 1356 555 1403 exculta,
591 1356 812 1392 adhibitum-

159 1425 230 1461 que
257 1425 337 1449 esse
360 1413 404 1449 ab
427 1412 643 1459 Herodoto,
682 1417 722 1448 ut
743 1412 812 1449 alia

157 1469 361 1505 istiusmodi
379 1468 534 1514 oracula,
564 1469 611 1504 ad
636 1468 814 1504 narratio-

158 1537 242 1562 nem
265 1524 524 1562 exornandam.
582 1524 687 1566 Quae
715 1525 811 1561 unde

158 1580 304 1628 colligat
321 1581 375 1616 vir
394 1581 522 1617 doctus
535 1608 546 1626 ‚
576 1593 634 1617 me
650 1592 738 1616 sane
755 1581 812 1616 fu-

157 1637 223 1686 git.
265 1658 322 1663 ——-
358 1635 416 1672 Ad
454 1648 580 1673 vocem
622 1632 810 1688 μηλοτρό-

158 1707 239 1743 φον
259 1693 330 1728 vid.
348 1696 438 1729 nott.
457 1693 504 1729 ad
528 1693 589 1739 lV,
609 1694 699 1734 157.

215 1744 337 1799 α’πίει]
381 1749 488 1785 Conf.
532 1753 624 1785 nott.
662 1749 709 1785 ad
746 1748 810 1795 IV,

158 1807 225 1845 28.
247 1826 302 1834 —-
330 1804 419 1841 Mox
445 1818 523 1842 cum
547 1810 698 1842 recentt.
722 1806 809 1842 edd.

159 1862 293 1899 inserui
318 1859 392 1910 τήν
421 1865 507 1898 ante
532 1857 695 1912 Λιβύην
724 1861 811 1898 Flo-

159 1918 290 1955 rentini
311 1918 442 1954 codicis
461 1930 504 1954 ex
522 1919 746 1955 auctoritate.

202 1971 364 2023 ’Ἀζιρις]
396 1973 496 2010 Idem
518 1974 729 2011 vocabulum
748 1974 811 2021 IV,

162 2032 256 2070 169.
293 2030 334 2066 In
356 2030 456 2066 cuius
478 2031 654 2079 scriptura
682 2032 812 2068 fluctu-

160 2091 223 2124 ant
246 2086 335 2122 libri.
370 2086 479 2135 Apud
497 2086 624 2136 Steph.
641 2087 731 2134 Byz.
751 2100 813 2124 ex-

161 2147 234 2179 stat
249 2139 400 2192 ’Ἄζιρις
433 2146 469 2178 et
493 2138 667 2189 ’Ἁζιλις,
713 2144 813 2190 quod

160 2199 259 2236 idem
282 2198 389 2235 habet
409 2197 617 2235 callimach.
644 2199 681 2234 in
700 2198 814 2248 Apol-

160 2255 221 2291 lin.
251 2256 325 2301 89,
368 2254 623 2301 Herodotum,
670 2256 812 2305 opinor,

159 2311 218 2348 ille
255 2314 409 2347 secutus.
494 2310 704 2347 Ptolemaeo
758 2316 814 2349 est

161 2367 300 2416 Axyle's.
347 2366 419 2409 Qui
440 2367 538 2416 apud
556 2368 685 2416 Synes.
707 2380 764 2417 cp.
786 2366 811 2406 4

161 2427 461 2460 commemoratur
480 2428 605 2473 portus
624 2418 811 2473 Ἀζάριος,

164 2492 244 2515 eum
264 2479 331 2515 hoc
353 2479 433 2515 loco
455 2492 656 2527 congruere
669 2480 813 2516 videtur

162 2534 312 2582 Thrigio
334 2534 354 2571 l.
374 2534 396 2573 1.
419 2547 503 2585 pag.
516 2538 578 2575 72.
609 2535 662 2572 Ac
678 2549 813 2585 pagum

163 2602 242 2627 esse
264 2590 387 2626 Azirin
404 2593 614 2641 pronuntiat
633 2593 811 2629 schlicht-

163 2646 274 2682 horst.
302 2645 371 2682 l.1.
396 2659 482 2696 pag.
518 2651 609 2689 122.
671 2648 813 2686 Asserit

163 2701 271 2739 Pach.
305 2701 474 2751 (Voyage
494 2709 559 2742 etc.
580 2718 667 2754 pag.
684 2707 737 2746 53
756 2718 811 2754 sq.

164 2759 259 2804 86),
298 2769 533 2807 quaecunque
552 2761 598 2798 de
615 2762 712 2798 Aziri
730 2774 813 2798 nar-

164 2818 305 2857 rentur,
336 2821 503 2853 accurate
528 2819 718 2855 convenire
734 2831 814 2854 cum

164 2868 243 2906 loco
276 2869 467 2908 Tcmmz'nele
494 2884 515 2910 e
542 2873 690 2923 regione
716 2875 814 2912 insu-

868 904 924 943 lae
944 904 1093 943 Plateae
1112 905 1187 942 sive
1203 905 1387 952 Bombae;
1417 919 1526 955 quem

868 962 1068 999 convallem
1099 962 1145 998 ab
1169 964 1356 999 occidente
1377 963 1471 1010 cingi
1491 967 1528 1000 et

869 1018 1017 1054 saltibus
1049 1018 1225 1054 montium
1256 1018 1528 1065 Cyrenaeorum

869 1079 906 1112 et
923 1079 1086 1111 torrente
1108 1073 1238 1123 (plane
1259 1079 1298 1110 ut
1314 1074 1528 1111 Herodotus

865 1131 900 1168 h.
933 1130 955 1167 1.
983 1132 1178 1175 testatur),
1220 1142 1328 1178 quem
1366 1131 1525 1168 eundem

866 1200 947 1224 esse
973 1191 1084 1235 atque
1111 1186 1298 1225 Paliurum
1334 1187 1430 1225 idem
1462 1200 1523 1224 su—

865 1244 1034 1294 spicatur.

923 1295 993 1337 τὸν
1026 1292 1154 1337 νάπαι
1183 1312 1224 1337 τε
1255 1294 1458 1338 κάλλισται
1488 1314 1526 1338 κ.

867 1370 900 1393 τ.
928 1354 977 1405 λ.]
1019 1350 1146 1394 νάπαι
1176 1354 1285 1404 vulgo
1324 1357 1528 1393 redduntur

868 1412 1000 1456 vuum
1042 1412 1142 1461 quod
1171 1412 1217 1448 ab
1242 1413 1310 1448 hoc
1336 1411 1415 1449 loco
1440 1412 1529 1449 alie-

869 1481 955 1505 num
975 1481 1055 1506 esse
1086 1472 1218 1518 sponte
1243 1472 1359 1518 patet.
1419 1468 1531 1505 Calli-

869 1525 1017 1562 machus
1037 1525 1165 1561 eadem
1178 1536 1265 1560 voce
1278 1529 1334 1561 est
1354 1537 1438 1560 usus
1455 1524 1529 1572 1.1.‚

867 1581 929 1617 uhi
949 1582 996 1618 de
1013 1592 1146 1616 nemore
1166 1593 1193 1615 s.
1213 1580 1316 1629 sylva
1334 1581 1528 1630 accipiunt.

866 1637 931 1674 Bis
967 1637 1069 1686 apud
1103 1636 1304 1673 Homerum
1346 1637 1526 1673 invenitur

866 1692 995 1730 vocula
1027 1692 1069 1729 ll.
1093 1692 1203 1737 vlu,
1241 1690 1324 1733 554
1361 1697 1398 1730 et
1425 1693 1525 1739 XVI,

868 1751 976 1795 300,
1016 1749 1078 1785 ubi
1104 1748 1215 1785 valles
1246 1761 1441 1785 nemorosae
1472 1754 1528 1786 at-

867 1819 939 1855 que
958 1807 1138 1842 umbrosae
1164 1805 1335 1842 videntur
1362 1806 1526 1852 indicari,

868 1863 964 1908 sive,
1012 1867 1051 1899 ut
1086 1863 1218 1911 Heyne
1252 1862 1525 1911 interpretatur,

868 1919 981 1955 Obss.
1015 1918 1062 1955 T.
1095 1918 1127 1955 V
1163 1931 1249 1967 pag.
1282 1918 1362 1958 315
1396 1919 1523 1956 saltus.

867 1975 978 2024 Apud
1019 1974 1253 2024 Aristophan.
1303 1975 1392 2010 Avv.
1441 1977 1523 2015 739

868 2026 994 2068 νάπαι
1018 2035 1103 2067 sunt
1129 2030 1264 2077 saltus,
1294 2043 1452 2076 nemora,
1485 2029 1528 2068 οἵ

869 2082 1018 2136 ὀρεινοὶ
1071 2085 1138 2124 καὶ
1206 2082 1527 2136 άναπεπταμένοι

868 2140 985 2181 τόποι
1006 2146 1044 2179 et
1066 2144 1102 2179 in
1124 2142 1393 2192 Thesmophor.
1416 2145 1523 2183 1006

871 2198 971 2247 (944
991 2199 1119 2246 Both.)
1144 2199 1341 2247 iunguntur
1363 2196 1435 2250 ὅρη
1457 2193 1525 2236 δά-

872 2268 961 2294 σκια
981 2253 1046 2292 καὶ
1067 2251 1190 2293 νάπαι
1207 2251 1440 2305 πετρώδεις,
1463 2255 1523 2291 ubi

869 2312 1015 2349 Bisetus
1042 2312 1140 2348 haud
1171 2313 1244 2348 scio
1268 2324 1313 2348 an
1336 2318 1431 2349 recte
1462 2324 1526 2348 ex*

870 2368 1035 2418 plicuerit
1053 2364 1206 2418 ὀρεινός
1219 2365 1377 2418 ὑλωὸἠς
1388 2364 1525 2414 τόπος.

868 2424 948 2462 Nec
985 2423 1055 2460 alio
1089 2437 1196 2461 sensu
1227 2425 1324 2474 apud
1355 2424 1528 2462 Herodo-

868 2486 944 2517 tum
965 2481 1076 2529 accipi
1103 2494 1214 2531 posse
1235 2493 1365 2518 censeo
1385 2494 1525 2526 vocem,

870 2549 977 2585 quam
997 2537 1197 2586 Schweigh.
1218 2538 1255 2573 in
1275 2536 1361 2574 Lex.
1383 2537 1523 2573 Herod.

870 2606 898 2629 s.
911 2605 943 2628 V.
962 2593 1222 2644 iuterpretatur
1241 2593 1340 2630 colles
1357 2606 1432 2629 cum
1451 2594 1524 2628 suis

869 2649 1095 2686 conuallibus.
1165 2649 1284 2687 'safeL
1344 2649 1524 2686 Dilucidd.

868 2706 1007 2743 Pindd.
1036 2706 1050 2743 I
1090 2720 1126 2757 p.
1146 2708 1229 2747 772
1250 2710 1304 2743 est
1329 2705 1524 2743 qultltlaeal.

874 2762 1000 2798 Saltus
1029 2762 1288 2812 interpretatur
1308 2762 1463 2810 Kriiger.
1486 2762 1523 2797 in

870 2818 1040 2868 Xenoph.
1073 2818 1190 2855 Anah.
1210 2818 1274 2863 lv,
1301 2818 1339 2864 5,
1376 2818 1438 2857 15.
1464 2818 1525 2856 18.

871 2875 918 2923 V,
941 2877 966 2914 2
989 2873 1025 2925 ἓ.
1047 2876 1098 2916 31
1122 2873 1203 2912 coll.
1224 2873 1288 2920 VI,
1308 2875 1346 2922 3,
1370 2875 1433 2914 12.
1458 2873 1523 2913 18.
