1904 3304
555 238 910 279 THALIA.
969 240 1031 278 111.
1341 241 1424 281 177

25 347 91 392 96
149 368 236 396 των
255 351 439 394 ἔλασσον
458 347 610 399 ἀπιεὶς,
644 346 698 392 ου’
721 349 844 404 λέγω.
885 343 1022 400 Οὗτος
1044 349 1218 408 Δαρείῳ
1238 347 1422 405 προσήϊε
1479 347 1638 375 T¹³b¹¹²¹¹¹⁰
1674 348 1757 376 ‘ffiud

24 988 90 1034 97

1479 385 1613 417 tempore
1633 387 1700 421 φρει
1710 391 1757 409 rc-

123 420 298 478 Ξφόρος
319 419 405 463 οἷπό
426 437 469 463 τε
490 424 564 475 τῆς
580 419 740 476 Ἀσίης,
772 421 846 464 καὶ
866 424 942 476 τῆς
964 418 1131 476 Λιβύης
1153 418 1419 476 ὀλιγαχόθεν.
1478 415 1564 442 ‘'i‘'”S
1593 424 1627 442 ‘³³‘
1651 417 1757 442 ¹⁰⁹⁰¹³²³

1478 449 1606 475 Graecis
1625 453 1655 476 et
1681 449 1755 476 locis

1479 481 1622 514 Europae
1661 491 1756 517 usque

147 492 382 548 προϊόντος
406 490 551 547 μέντοι
568 496 648 535 τοῦ
666 492 845 548 χρόνου,
876 492 948 535 καὶ
967 490 1051 535 ἀπὸ
1072 491 1219 548 νήσων
1239 490 1422 548 προσήϊε
1479 515 1518 542 ad
1543 516 1752 543 messanam:

1477 551 1606 583 pecunia
1633 558 1756 584 quomo-

149 563 278 614 ἄλλος
304 563 465 619 φόρος,
500 564 573 607 καὶ
603 567 690 606 τῶν
721 564 768 606 ἐν
796 566 848 620 τῇ
879 562 1076 620 Εὐρώπῃ
1106 562 1228 619 μέχρι
1261 567 1420 607 Θεσσα-
1478 584 1515 610 «10
1541 583 1570 609 in
1596 583 1756 611 thesauros

120 637 243 692 3λίης
274 635 528 691 οἰκημένων.
595 639 765 678 Τοῦτον
803 634 880 678 τὸν
920 633 1066 690 φόρον
1103 636 1357 690 θησαυρίζει
1395 633 1418 679 ὁ

1477 616 1609 645 condita.

149 705 355 763 βασιλεύς
384 705 531 762 τρόπῳ
562 709 729 762 τοιῷδε.
790 706 832 757 ἐς
861 707 1025 756 πίθους
1054 708 1316 765 κεραμζνρρς
1338 705 1448 773 3431

149 779 224 829 ξας
254 776 468 833 καταχέει·
527 777 693 833 πλήσας
722 778 767 820 δὲ
802 776 850 820 τὸ
883 776 1037 833 ἄγγος,
1082 777 1316 833 περιαιρέει
1345 778 1423 821 τὸν

119 849 354 904 4κέραμον.
414 848 544 891 ἐπεάν
583 848 628 891 δὲ
676 850 813 905 δεηθῇ
857 847 1113 904 χρημάτων,
1162 848 1423 893 κατακόπτει

151 924 337 964 τοσοῦτο
370 919 479 962 ὅσου
510 918 563 962 ἄν
594 918 793 962 ἑκάστοτε
825 919 985 975 δέηται.

261 987 401 1035 Λῦται
429 992 507 1048 μέν
535 1008 620 1035 νυν
649 990 779 1046 ἀρχαί
807 1006 852 1034 τε
880 985 1012 1048 ἦσαν,
1044 992 1115 1036 καὶ
1146 990 1303 1049 φόρων
1333 992 1420 1036 ἐπι·
1479 996 1591 1023 Pffl‘ffl
1616 1003 1634 1022 a
1660 995 1754 1023 “ibu-

94 1195 222 1219 censor
247 1182 333 1219 ibid.
369 1194 455 1233 pag.
490 1183 573 1224 526
609 1185 756 1232 praeter

94 1238 185 1276 haec
197 1239 333 1275 tributa
351 1239 426 1287 regi
446 1239 620 1275 solvenda
648 1239 756 1275 etiam

96 1294 247 1343 singulis
291 1296 484 1345 provinciis
530 1296 643 1331 multa
687 1294 757 1330 alia

95 1352 316 1401 praestanda
329 1352 438 1389 fuisse
457 1356 532 1387 tum
554 1352 590 1387 in
610 1352 756 1401 praefe-

94 1413 170 1444 ctos
201 1412 421 1457 satrapasve,
453 1412 528 1443 turn
558 1408 595 1443 in
629 1407 757 1444 milites

94 1477 160 1514 per
181 1464 402 1513 provinciam
429 1464 640 1500 distributos
669 1477 756 1513 pro-

92 1521 305 1568 vinciaeque
343 1521 514 1570 impensis
552 1525 758 1557 sustentan-

94 1577 172 1613 dos.
243 1577 348 1620 Quae
379 1577 524 1613 minime
556 1576 624 1613 hoc
654 1577 757 1625 regio

92 1634 231 1670 tributo
271 1633 531 1683 comprehendi
574 1633 757 1670 censenda

95 1694 200 1735 sunt3
231 1702 297 1727 nec
317 1690 447 1738 exigua
467 1702 511 1727 ea
533 1690 612 1740 ipsa
632 1690 757 1735 fuisse,

97 1759 187 1783 unus
216 1745 342 1783 Nostri
375 1747 473 1783 locus
502 1746 529 1793 I,
562 1748 640 1786 192
667 1747 756 1782 satis

95 1807 300 1840 monstrare
326 1808 449 1853 potest
474 1803 519 1840 de
543 1803 756 1850 quotidiano

94 1858 305 1907 Babylonici
327 1865 496 1909 satrapae
518 1859 648 1896 reditu.
698 1860 756 1896 Cf.

95 1915 257 1952 Heeren.
283 1915 392 1952 ldeen
414 1916 444 1960 Ι,
471 1918 491 1955 1
516 1928 603 1964 pag.
625 1915 718 1955 481.

294 1971 402 2020 Cap.
434 1972 563 2007 XCVI.

153 2027 225 2076 τῆς
242 2023 402 2076 Λιβύης
420 2022 670 2077 ὀλιγαχόθεν]
691 2027 712 2064 i.
726 2041 757 2064 e.

99 2095 141 2119 ex
157 2084 284 2133 pluteis
316 2084 522 2132 quibusdum
545 2083 682 2133 Libyae
705 2097 759 2120 re-

97 2141 270 2187 gionibus.
310 2140 368 2177 De
388 2153 476 2177 voce
492 2140 642 2189 Libyae,
664 2153 759 2188 quae

97 2197 207 2232 modo
218 2196 334 2233 latiori
345 2210 453 2234 sensu
470 2198 516 2233 de
526 2198 637 2242 omni,
649 2209 757 2245 quam

97 2264 164 2288 nos
196 2253 368 2299 dicimus,
389 2252 523 2299 Africa,
556 2254 665 2290 modo
694 2266 759 2289 an·-

99 2309 251 2357 gustiori
279 2311 324 2347 de
357 2323 421 2347 ora
452 2310 598 2347 Africae
622 2309 757 2346 boreali

98 2366 276 2402 maritima
300 2367 345 2403 ab
369 2366 538 2416 Aegypto
567 2379 683 2415 usque
711 2366 758 2401 ad

99 2421 225 2469 Syrtes
239 2424 337 2473 apud
349 2423 581 2461 Herodotum
597 2422 758 2459 invenia-

98 2480 170 2523 tur,
197 2481 334 2516 monuit
355 2480 511 2517 Rennel.
534 2480 554 2516 l.
574 2479 594 2515 l.
616 2493 651 2529 p.
676 2480 757 2519 567

99 2532 176 2569 coll.
199 2535 469 2573 Schlichthorst.
492 2550 528 2586 p.
552 2534 614 2575 14.
638 2535 700 2575 15.
722 2538 759 2571 et

100 2593 190 2624 nott.
222 2591 268 2626 ad
292 2591 338 2637 ΙΙ,
370 2595 432 2633 17.
491 2593 575 2628 Hoc
602 2591 680 2628 loco
711 2592 758 2628 de

101 2643 242 2692 Libyae
255 2659 360 2684 sensu
374 2649 517 2685 arctiori
527 2655 637 2698 atque
649 2648 760 2698 inpri-

101 2701 167 2736 mis
184 2701 229 2738 de
243 2702 385 2750 Cyrene
403 2709 438 2741 et
448 2705 574 2751 Barce,
585 2718 678 2754 quae
698 2705 760 2750 ΙΙΙ,

101 2759 150 2797 91
194 2763 367 2794 vocantur
398 2761 562 2799 civitates
598 2761 761 2808 Libycae

101 2812 275 2906 glegypto
306 2817 563 2865 conterminae,
593 2818 760 2866 cogitan-

130 2882 201 2907 um.

156 2925 364 2963 Hunonor.
402 2926 448 2964 ΙΙ.

1480 1032 1518 1057 tis
1527 1031 1687 1057 immunes:
1700 1031 1756 1057 Ae-

872 1175 952 1219 (ἷπό
982 1174 1144 1230 νήσων]
1175 1180 1316 1218 Insulas
1346 1180 1479 1218 intelli-

813 1250 862 1286 go
883 1237 1020 1286 Aegaei
1039 1238 1146 1274 maris
1167 1236 1274 1275 Asiae
1295 1238 1478 1288 proximas

814 1295 975 1343 indeque
996 1294 1093 1342 regis
1118 1294 1246 1330 ditioni
1268 1295 1440 1332 adiectas.

874 1405 913 1453 ἐς
935 1404 1101 1456 πίθους]
1127 1405 1183 1442 Ex
1201 1406 1270 1444 hoc
1290 1407 1400 1443 modo
1420 1419 1478 1443 ar-

814 1464 913 1512 genti
933 1463 1083 1512 aurique
1102 1464 1353 1510 conservandi,
1370 1475 1477 1513 prae-

815 1520 940 1557 sertim
964 1520 1005 1566 si,
1029 1531 1122 1568 quae
1142 1519 1204 1566 IV,
1227 1522 1304 1560 166
1326 1532 1480 1556 narran-

812 1581 885 1623 tur,
905 1577 1118 1626 respexeriS,
1137 1575 1238 1612 haud
1257 1576 1386 1612 iniuria
1407 1575 1481 1613 col-

813 1633 877 1682 ligi
894 1632 1167 1681 quodammodo
1189 1633 1336 1682 poterit,
1348 1645 1482 1681 argen-

814 1694 889 1726 tum
909 1702 1081 1726 aurumve
1102 1688 1283 1737 signatum
1304 1690 1379 1727 sive
1399 1702 1480 1726 mo-

813 1750 951 1793 netam,
976 1745 1097 1783 Persis
1125 1750 1212 1782 ante
1230 1745 1380 1782 Darium
1403 1747 1480 1784 sive

813 1803 1050 1851 incognitam,
1085 1803 1160 1839 sive
1192 1802 1290 1838 nullo
1312 1806 1411 1840 certe
1442 1803 1479 1840 in

814 1872 880 1895 usu
900 1859 1011 1896 fuisse
1035 1859 1164 1904 videri,
1194 1863 1234 1895 ut
1254 1861 1314 1908 qui
1340 1860 1477 1909 primus

814 1928 944 1952 aureos
976 1928 1127 1960 numos,
1161 1914 1377 1952 Daricorum
1414 1928 1482 1952 no-

814 1973 911 2008 mine
931 1976 1017 2021 post
1038 1973 1213 2020 insignes,
1234 1973 1389 2021 procudi
1408 1973 1481 2008 ius·-

817 2028 904 2065 serit
926 2041 1000 2064 non
1026 2028 1172 2077 quidem
1195 2029 1242 2064 ad
1261 2029 1357 2065 vitae
1384 2042 1482 2065 com-

816 2084 984 2121 merciive
1006 2097 1107 2120 usum
1122 2088 1183 2120 aut
1199 2085 1318 2132 regias
1338 2085 1480 2134 impen-

818 2153 889 2186 sas,
917 2141 982 2177 sed
1013 2140 1136 2190 potius
1168 2153 1211 2176 eo
1240 2140 1410 2187 consilio,
1440 2145 1480 2177 ut

817 2197 1025 2233 memoriam
1061 2209 1160 2233 suam
1191 2196 1260 2233 hoc
1291 2201 1400 2247 pacto
1432 2197 1481 2233 ad

814 2254 1065 2303 posteritatem
1083 2253 1346 2290 transmitteret
1367 2254 1482 2289 viros-

816 2322 888 2358 que
910 2309 1004 2346 bene
1030 2310 1077 2347 de
1110 2322 1149 2346 se
1179 2310 1326 2346 meritos
1356 2309 1480 2359 aliquo

815 2366 950 2413 insigni
990 2379 1138 2403 munere
1166 2371 1479 2412 remuneraretur3

814 2434 1033 2471 quamquam
1053 2422 1299 2473 postDarium
1322 2423 1358 2459 in
1380 2436 1479 2460 com-

814 2491 959 2515 munem
977 2492 1124 2528 quoque
1144 2492 1247 2516 usum
1265 2480 1331 2515 hos
1348 2492 1477 2516 numos

813 2536 956 2572 venisse
984 2537 1073 2572 satis
1105 2548 1288 2585 superque
1323 2540 1481 2572 constat.

817 2590 898 2628 Nec
921 2591 1008 2628 alios
1039 2605 1190 2638 numos,
1222 2605 1330 2641 quam
1360 2593 1481 2629 istius-

818 2648 916 2684 modi
947 2648 1175 2685 memoriales
1206 2649 1242 2685 in
1270 2648 1482 2699 Neopersa-

817 2716 895 2740 rum
919 2717 1033 2753 regno
1054 2705 1122 2741 sub
1149 2705 1283 2754 Sophis
1308 2718 1481 2754 procusos

817 2761 929 2798 fuisse
948 2766 1070 2798 monet
1089 2761 1249 2798 Heeren.
1272 2761 1383 2798 Ideen
1406 2761 1433 2807 Ι,
1457 2763 1474 2799 1

817 2830 853 2866 p.
874 2816 967 2857 481.
1001 2817 1060 2853 Tu
1077 2818 1171 2854 conf.
1192 2818 1303 2855 etiam
1321 2816 1478 2854 Rennel.

817 2873 840 2909 l.
857 2871 879 2908 l.
898 2886 984 2924 pag.
1006 2873 1097 2914 526.

1198 2930 1247 2967 10

1223 2957 1249 2967 Ν
