1904 3304
461 269 554 307 AD
614 269 1048 308 HERODOT.
1108 269 1273 316 111,28.
1542 274 1626 314 643

123 385 275 422 λονται·
333 376 442 435 αὐτῷ
463 381 598 421 τοίνυν
618 379 693 434 τήν
724 379 943 434 τετράδα
972 382 1024 422 οἵ
1057 384 1481 432 φιλοσοφοῦντες
1513 380 1625 424 α’νέ-

123 454 294 496 θεντο,
340 446 400 495 ὥς
426 444 593 504 ἕφόρῳ
626 452 724 489 τῶν
752 446 984 502 μιγάδων
1008 452 1196 501 ψυχῶν.
1254 450 1410 489 subiicit
1440 451 1625 500 Pythago-

123 519 234 555 ricum
264 517 456 568 placitum:
504 521 659 556 animam
691 531 760 555 esse
791 533 812 557 τ
824 533 840 557 ε
851 533 871 557 τ
882 533 903 569 ρ
916 514 940 557 ά
952 533 1040 570 γων
1052 533 1071 557 ο
1084 533 1108 557 ν
1147 532 1164 557 ε
1175 513 1201 555 v'
1211 522 1275 557 θυ
1286 532 1308 570 γ
1320 514 1352 556 ω’
1364 533 1387 556 ν
1399 533 1411 556 ι
1424 532 1444 557 ο
1455 533 1491 557 ν.
1558 520 1625 557 His

123 585 310 635 iungenda
329 598 393 632 ea,
423 599 516 635 quae
537 588 632 624 idem
651 601 686 638 p.
708 589 761 628 99
780 587 825 624 de
845 587 1034 637 pyramide
1051 590 1247 624 memorat:
1277 583 1335 637 (ἦ
1356 581 1429 637 γὰρ
1448 586 1624 638 πυραμὶς

121 649 203 692 ὖπό
235 648 436 704 τεσσάρων
466 650 623 705 βάσεων
655 652 719 692 καὶ
750 651 953 706 τεσσάρων
981 655 1140 706 γωνιῶν
1170 649 1274 703 μόνη
1303 652 1558 705 περιεχομένη
1589 670 1624 693 κ.

121 735 152 759 τ.
174 718 226 763 λζ)
251 721 446 771 praecipue
475 734 569 770 quae
601 723 648 760 de
673 720 852 760 Mercurio
881 722 1063 773 quadrant
1079 720 1212 771 figuret
1232 721 1334 771 fingi
1362 721 1463 757 solito
1490 723 1527 759 in
1547 735 1623 761 me-

122 789 221 826 dium
238 789 377 839 profert
398 803 434 839 p.
456 792 554 830 102:
596 786 677 828 εἶτα
708 787 750 829 δὲ
770 786 1014 842 τετράγωνον
1039 783 1404 840 σχήματι“’Έλληνες
1425 784 1623 831 α’ναπλοῖτ-

122 869 234 895 τουῡι
261 858 405 895 τοῦτον
444 854 531 908 (τόν
557 856 722 909 Ἑρμῆν)
754 853 968 909 τεκμήριον
999 855 1181 909 μέγιστον
1210 853 1474 909 παρεχόμενοι
1503 854 1623 911 λόγον

123 919 229 962 εἶναι
252 926 395 963 τοῦτον
414 923 481 963 καὶ
503 921 624 976 λόγον
647 921 784 976 α’ληθῆ
794 953 805 972 ,
842 938 936 974 quae
957 938 1000 962 ex
1024 924 1268 974 quadranguli
1282 925 1417 974 figunt
1442 926 1624 977 explican-

122 996 179 1029 tur
193 990 245 1041 *).
303 993 379 1028 Iam
401 992 432 1028 si
462 1004 506 1029 ea
527 996 694 1043 reputes,
735 1006 831 1042 quae
860 993 961 1044 apud
992 992 1140 1030 eosdem
1170 991 1366 1042 scriptores
1397 994 1444 1032 de
1470 999 1626 1044 quatuor

122 1059 268 1096 basibus
289 1062 326 1095 et
346 1063 502 1108 quatuor
521 1059 664 1108 angulis
683 1061 880 1110 pyramidis
902 1061 1114 1106 traduntur,
1149 1059 1268 1109 possis
1299 1061 1406 1098 etiam
1433 1061 1625 1114 τρίγωνον

121 1127 158 1164 in
173 1127 301 1177 Apidis
323 1128 418 1164 notis
440 1140 509 1177 pro
526 1128 716 1178 pyramide
734 1129 910 1178 accipere.
967 1128 1101 1177 Neque
1127 1139 1196 1176 ego
1212 1130 1335 1164 tamen
1354 1129 1494 1168 faciam.
1548 1129 1626 1168 Ad-

122 1199 271 1232 vertunt
289 1195 385 1231 enim
405 1206 484 1240 me,
523 1207 617 1244 quae
640 1195 687 1232 de
705 1191 882 1250 τριγώνῳ
905 1196 941 1232 in
962 1195 1029 1232 hac
1046 1196 1125 1246 ips-22
1147 1193 1358 1242 religionum
1381 1201 1486 1246 parte
1506 1198 1630 1248 dispu-

124 1267 181 1300 tat
197 1262 411 1299 Plutarchus
440 1263 487 1300 de
512 1263 595 1300 Isid.
617 1266 653 1300 et
672 1264 806 1300 Osirid.
826 1277 864 1314 p.
886 1264 969 1304 373
986 1276 1041 1312 sq.
1062 1276 1098 1313 p.
1118 1262 1200 1303 530
1223 1261 1431 1310 Wyttenb.,
1468 1264 1530 1302 ubi
1549 1278 1629 1302 cum

124 1329 193 1366 alia
215 1331 317 1381 ponit
338 1334 412 1366 tum
431 1342 518 1367 vero
547 1331 653 1368 etiam
682 1331 789 1369 haec:
832 1331 963 1379 „linea
991 1331 1039 1368 ad
1059 1333 1198 1368 rectum
1221 1330 1390 1378 angulum
1412 1330 1514 1368 alteri
1542 1332 1631 1369 insi-

124 1400 241 1434 stente
260 1409 416 1444 marem,
445 1398 521 1434 basi
541 1399 734 1447 feminam,
764 1400 1008 1438 subtendente
1036 1395 1130 1451 (τήν
1152 1395 1194 1436 δὲ
1210 1396 1517 1450 ὑποτείνουσαν)
1542 1412 1630 1450 pro-

125 1465 192 1502 lem
210 1465 397 1514 utriusque
415 1466 641 1513 significari“
672 1466 752 1506 καὶ
777 1465 862 1507 τόν
890 1466 977 1519 μὲν
998 1464 1194 1518 ’Όσιριν
1225 1463 1286 1513 ὥς
1323 1461 1509 1517 οἷρχῆν,
1539 1464 1630 1518 τήν

125 1530 176 1571 δὲ
194 1529 322 1571 ’Ίσιν
353 1531 414 1579 ὥς
438 1531 715 1585 ὑποδοχήν,
744 1533 829 1575 τόν
860 1533 912 1574 δὲ
934 1529 1084 1586 ἶ,Ωρον
1114 1531 1177 1580 αἷς
1207 1528 1537 1585 ἀποτέλεσμα.
1566 1533 1628 1583 Et,

125 1615 170 1641 ne
188 1602 321 1649 multa,
349 1601 562 1638 Damascius
589 1614 688 1640 mser.
714 1603 751 1640 in
777 1603 939 1640 Platonis
968 1602 1174 1639 Parmenid.
1201 1601 1239 1638 in
1260 1602 1339 1638 loco
1357 1603 1404 1641 de
1422 1602 1627 1654 Aegyptio-

125 1684 204 1708 rum
235 1668 504 1719 hieroglyphis‚
546 1670 607 1706 ubi
641 1670 745 1720 plura
776 1672 823 1710 de
849 1669 1031 1719 triangulo
1057 1673 1093 1706 et
1124 1670 1375 1718 quadrangulo
1404 1671 1537 1718 habet,
1578 1671 1628 1708 ita

124 1738 268 1775 scribit:
317 1732 430 1775 οἷον
463 1731 686 1788 Ἀθηνᾶς
725 1736 816 1789 μὲν
856 1734 909 1777 τό
948 1736 1216 1789 τρίγωνον·
1274 1735 1464 1787 Ἑρμοῦ
1494 1735 1546 1776 δὲ
1583 1733 1626 1776 τὸ

125 1799 453 1856 τετράγωνον.
519 1803 642 1854 Atque
674 1805 876 1843 Minervam
915 1806 1009 1842 inter
1037 1807 1147 1852 atque
1177 1803 1359 1842 Osiridem
1396 1805 1629 1842 arctissimam

127 1872 426 1910 necessitudinem
455 1873 700 1920 intercedere,
743 1874 798 1911 vel
828 1875 904 1924 ipse
933 1872 1146 1910 Herodotus
1176 1875 1270 1907 tecte
1297 1871 1477 1919 significat
1495 1872 1529 1909 II
1551 1885 1630 1923 cap.

129 1942 208 1982 170
229 1952 284 1988 sq.
306 1951 387 1976 cum
406 1940 588 1977 Osiridem
608 1941 673 1977 Sa'i
705 1941 742 1977 in
772 1942 848 1978 eius
877 1941 970 1979 deae
998 1938 1134 1987 templo
1158 1937 1337 1986 sepultum
1359 1938 1457 1975 haud
1477 1939 1630 1977 obscure

129 2010 330 2050 memorat,
360 2011 396 2043 et
419 2007 493 2043 eius
521 2008 582 2044 dei
610 2008 737 2044 mortis
765 2007 971 2058 spectacula
990 2006 1124 2042 ibidem
1149 2004 1307 2042 exhiberi
1328 2005 1363 2041 in
1386 2005 1501 2043 scenis
1520 2007 1630 2044 sacris

128 2074 228 2111 dicit.
287 2073 386 2117 Quid
408 2075 551 2122 quaeris
568 2073 588 2111 ‘3
632 2076 798 2113 Minerva
820 2074 973 2111 Osiridis
999 2071 1226 2110 membratim
1256 2072 1402 2109 dissecti
1429 2086 1489 2110 cor
1509 2085 1630 2110 serva-

69 2170 71 2174 ,
128 2146 232 2179 verat
257 2145 296 2180 et
320 2142 424 2179 unice
445 2146 654 2188 curaverat,
694 2156 741 2180 nc
760 2143 816 2180 hic
837 2143 924 2179 deus
946 2140 1075 2178 multas
1097 2141 1135 2175 in
1156 2141 1279 2187 partes
1302 2138 1469 2176 dissectus
1490 2153 1634 2190 prorsus

126 2213 269 2262 periret.
326 2209 488 2246 Partium
510 2210 767 2247 multitudinem
788 2210 1033 2247 vindicaverat
1057 2207 1128 2253 ita,
1168 2211 1206 2244 ut
1230 2209 1364 2244 unitati
1385 2220 1446 2246 eas
1465 2209 1634 2245 restitue-

130 2284 188 2316 ret
208 2282 246 2316 et
266 2277 450 2315 Osiridem
470 2290 577 2314 unum
599 2279 717 2315 denuo
741 2278 876 2315 salvum
894 2278 1109 2328 praestaret.
1151 2273 1243 2311 Erat
1260 2275 1355 2312 enim
1376 2275 1491 2312 Osiris
1514 2275 1636 2311 munda·

132 2346 236 2396 quasi
256 2347 378 2382 anima
401 2358 466 2395 per
484 2347 673 2383 universae
689 2350 841 2384 naturae
864 2345 979 2383 varias
994 2347 1116 2394 partes
1139 2343 1341 2379 minutatim
1357 2342 1510 2389 diffusa3
1547 2342 1580 2379 h.
1600 2355 1632 2380 e.

135 2415 300 2451 omnibus
327 2414 364 2450 in
398 2413 505 2451 rebus
535 2414 651 2451 Osiris
685 2419 763 2451 erat
798 2413 850 2450 vis
885 2413 1039 2448 creatrix
1065 2415 1102 2449 et
1131 2411 1266 2448 altrix:
1307 2411 1461 2448 Hermes
1474 2407 1530 2458 **)
1559 2410 1634 2446 sive

186 2579 217 2621 ⁸)
243 2578 385 2612 Gemina
418 2579 576 2623 leguntur
610 2579 643 2611 in
668 2579 923 2621 Theulogumm.
947 2577 1112 2611 arithmm.
1137 2580 1169 2620 ἓ.
1193 2578 1238 2612 23
1263 2588 1284 2621 p
1320 2574 1365 2609 24
1390 2574 1442 2608 ed.
1467 2575 1563 2613 Ast-3
1598 2577 1633 2606 et

230 2646 285 2679 ap.
309 2635 507 2670 Nicomach.
541 2635 703 2670 institutt.
737 2635 836 2669 arith.
861 2635 913 2675 11,
939 2636 959 2669 9
986 2646 1063 2679 pag.
1089 2636 1155 2670 119
1179 2633 1283 2667 eiusd.
1309 2631 1362 2665 ed.
1390 2630 1505 2665 eadem
1529 2630 1635 2674 expli-

229 2696 360 2726 cantur.

188 2771 240 2815 ⁸⁸)
267 2771 374 2804 Locos
398 2771 462 2804 huc
485 2772 695 2816 pertinentes
731 2770 812 2804 alibi
846 2770 1001 2810 laudavi,
1043 2777 1078 2804 et
1112 2771 1155 2803 de
1190 2768 1357 2802 Mercurio
1387 2766 1631 2811 Aegyptiorum

235 2828 347 2861 monui
380 2827 422 2861 ad
446 2828 641 2862 Ciceronem
676 2829 718 2861 de
743 2828 823 2861 Nat.
849 2828 891 2862 D.
915 2828 976 2868 Ill,
998 2829 1043 2862 22
1073 2839 1106 2872 p.
1131 2825 1198 2861 604
1220 2837 1313 2870 seqq.
1362 2825 1463 2865 Quod
1489 2823 1631 2856 Valcke-

237 2896 327 2919 naer.
362 2885 405 2918 ad
430 2885 597 2919 Herodoti
627 2885 754 2925 locum,
787 2895 884 2929 quem
908 2888 1107 2924 tractamus,
1143 2894 1183 2916 ex
1206 2880 1396 2926 Porphyrio
1427 2891 1481 2924 ap.
1506 2878 1630 2912 Euseb.

1294 2937 1384 2981 41*
