1904 3304
472 273 1143 314 MELPOMENE.1V.
1356 279 1437 318 433

186 383 252 426 ἐπὶ
269 384 327 437 τῷ
350 381 527 437 στόματι
547 387 625 426 τοῦ
645 384 821 427 Πόντου
838 388 1073 440 κρητῆρος,
1089 385 1165 428 τὸν
1182 387 1437 441 Παυσανίης

156 451 211 495 4ὁ
231 453 543 508 Κλεομβρότου
563 452 758 510 ἀνέθηκε.
818 454 865 506 ὃς
895 455 939 498 δὲ
970 455 1026 510 μὴ
1056 452 1140 498 εἶδέ
1170 472 1232 498 κω
1262 460 1434 501 τοῦτον,

184 517 266 566 ὦδε
287 523 488 579 δηλώσω·
529 523 776 576 ἑξακοσίους
806 524 1030 581 ἀμφορέας
1060 524 1266 577 εὐπετέως
1287 528 1490 583 χωρέειιῡ

180 592 228 636 τό
267 593 313 636 έν
353 593 558 650 Σκύθῃσι
596 595 813 651 χαλκήϊον.
871 595 1007 652 πάχος
1043 597 1088 640 δὲ
1126 596 1175 640 vd
1206 598 1437 642 Σκυθικόν

152 668 313 707 5τοῦτο
342 664 549 721 χαλκήὶόν
579 666 667 709 ἐστι
697 666 923 711 δακτύλων
942 666 996 718 ἕξ
1057 671 1184 710 τοῦτο
1206 685 1268 711 ων
1290 670 1436 724 ἔλεγον

180 737 224 778 οί
245 735 468 791 ἐπιχωριοι
493 753 579 780 απο
612 736 776 791 ἀρδίων
800 739 1022 818 γενέσθαι·
1060 737 1330 792 βουλόμενον
1349 741 1433 795 γάρ

178 806 256 850 τὸν
287 807 499 863 σφέτερον
529 808 726 863 βασιλέα,
772 810 831 862 τῷ
862 804 1032 862 οὕνομα
1063 805 1173 851 εἶναι
1196 807 1433 863 Ἀριαντὰν,

177 881 335 921 τοῦτον
372 879 530 922 εἰδέναι
566 878 614 921 τό
646 881 815 932 πλῆθος
851 881 939 919 τῶν
969 878 1208 930 Σκυθέων,
1245 880 1490 924 κελεύεινὲο

178 966 253 1003 μιν
282 947 446 999 πάντας
475 948 658 998 Σκύθας
699 948 826 1001 ἄρδιν
865 949 1047 992 ἕκαστον
1086 950 1191 1005 μίαν
1229 949 1315 994 ἀπὸ
1355 955 1434 994 τοῦ

178 1017 332 1063 ὀϊστοῦ
354 1021 549 1074 κομίσαι·
592 1018 639 1069 ὃς
666 1017 708 1061 δ’
741 1018 796 1062 ἂν
818 1018 875 1075 μὴ
897 1022 1077 1077 κομίσῃ,
1107 1020 1303 1064 θάνατον
1322 1020 1435 1065 οἷπεί-

148 1093 253 1133 6λεε.
311 1091 579 1145 κομισθῆναί
610 1105 653 1132 τε
685 1089 736 1145 δή
773 1094 916 1146 χρῆμα
947 1091 1108 1135 πολλόν
1137 1091 1323 1146 ἀρδίων,
1362 1094 1435 1135 καί

177 1162 219 1204 οἱ
249 1161 370 1212 δόξαι
391 1160 432 1212 ἐξ
458 1159 622 1204 αὐτέων
645 1160 928 1216 μνημόσυνον
958 1162 1185 1218 ποιήσαντι
1213 1162 1434 1207 λιπέσθαι·

176 1230 222 1274 ἐκ
251 1229 438 1274 τουτέων
468 1230 518 1287 δή
547 1248 622 1286 μιν
653 1229 701 1274 τὸ
732 1231 940 1288 χαλκήϊον
969 1238 1147 1289 ποιῆσαι
1179 1237 1328 1284 τοῦτο,
1361 1235 1433 1277 καὶ
1448 1241 1489 1276 25

178 1300 409 1346 ἀναθεῖναι
455 1301 495 1352 ἐς
539 1300 616 1345 τόν
658 1299 919 1357 Ἐξαμπαῖον
965 1308 1134 1348 τοῦτον.
1202 1307 1339 1348 ταῦτα
1381 1305 1433 1361 δή

51 1376 115 1420 82
173 1372 270 1426 περὶ
305 1376 386 1415 τοῦ
423 1371 611 1429 πλήθεος
648 1377 727 1416 τοῦ
758 1374 973 1417 Σκυθέων
1010 1374 1188 1430 ἤκουον.
1251 1375 1433 1431 Θωυμά·

178 1455 250 1486 σια
280 1443 325 1486 δὲ
354 1442 380 1499 ἡ
410 1443 527 1498 χώρη
558 1443 667 1498 αὕτη
698 1443 778 1487 οὐκ
817 1445 918 1500 ἔχει,
963 1446 1090 1500 χωρὶς
1129 1445 1156 1501 ἢ
1196 1446 1262 1489 ὅτι
1299 1462 1429 1490 ποτα-

175 1513 286 1569 μούς
318 1529 362 1556 τε
391 1518 538 1569 πολλῷ
566 1515 814 1568 μεγίστους,
856 1516 928 1558 καὶ
966 1515 1159 1572 ἀριθμόν
1194 1518 1432 1569 πλείστους.

1496 1169 1576 1207 320

1490 1373 1571 1401 ‘esti
1563 1375 1606 1434 ιςῐίι
1608 1383 1655 1402 um
1687 1376 1763 1402 licr-

1489 1415 1524 1434 cu
1528 1408 1547 1434 1ἰ
1551 1416 1584 1435 ει
1590 1412 1707 1451 npetrq
1723 1409 1751 1436 bi
1743 1419 1763 1436 ι-

1489 1441 1619 1468 cubitale
1643 1442 1680 1468 ad
1700 1443 1764 1478 Ty-

1488 1482 1552 1502 ram
1573 1475 1705 1503 fluxium.

147 1584 206 1625 Ξ..
264 1585 274 1598 .
327 1583 336 1598 ,
547 1583 555 1595 ι
678 1585 718 1611 „e
885 1586 894 1601 .
985 1586 995 1599 ,
1051 1588 1068 1614 3
1145 1591 1161 1599 -
1387 1592 1405 1600 -

182 1602 205 1628 ο
236 1587 281 1628 δε
310 1590 630 1641 αποθωυμασαι
669 1601 790 1637 αςιον
827 1602 899 1629 και
936 1602 1067 1641 παρε,
1102 1604 1188 1630 των
1226 1595 1490 1644 ποταμωνδο

118 1770 246 1807 missus
274 1775 494 1807 memoratur
519 1774 555 1808 et
587 1771 666 1821 ipse
695 1783 775 1808 sex-

121 1831 304 1864 centarum
330 1827 582 1876 amphorarum
604 1840 728 1878 capax.

175 1881 241 1921 ἐπὶ
271 1883 328 1934 τῷ
359 1877 517 1931 στόματι
558 1885 631 1921 τοῦ
662 1879 774 1922 Πόν-

119 1938 203 1987 του]
234 1938 292 1975 De
309 1936 461 1988 Bosporo
487 1939 639 1976 Thraczo
664 1939 773 1977 intel-

121 1994 303 2043 ligendum
321 2006 401 2031 esse
419 2000 531 2044 patet.
589 1995 649 2033 Ad
671 2009 774 2033 usum

119 2051 216 2086 vocis
236 2045 360 2099 στόμα
378 2051 412 2086 in
426 2051 556 2088 talibus
568 2066 581 2087 x
591 2053 638 2091 id.
650 2053 775 2089 Blom-

120 2105 217 2143 field.
256 2107 291 2142 in
328 2106 488 2143 Glossar.
528 2108 574 2144 ad
610 2108 774 2157 Aeschyl.

120 2162 220 2199 Pers.
240 2163 333 2202 882.
382 2162 478 2199 Add.
497 2164 621 2200 Strab.
642 2164 710 2200 vll
737 2177 773 2213 p.

119 2219 201 2258 310
229 2231 265 2268 p-
295 2220 377 2258 477
395 2219 461 2265 Β.,
502 2224 537 2256 et
559 2219 774 2257 Tzschucke

118 2274 165 2310 ad
200 2273 379 2324 Pompon.
421 2275 505 2312 Mel.
536 2277 570 2321 Ι,
622 2280 642 2316 1
681 2281 772 2313 nott.

121 2342 250 2379 exegg.
266 2343 351 2380 pag.
374 2328 427 2371 44
448 2345 525 2381 seq.
550 2331 631 2369 Vol.
654 2332 704 2368 ΙΙΙ
732 2332 772 2368 P.

119 2386 147 2422 l.
177 2386 405 2424 Herodotum
428 2389 544 2438 ipsum
560 2388 627 2425 hoc
643 2389 773 2425 fretum

122 2449 157 2479 et
183 2444 293 2479 maria
324 2443 454 2481 haecce
486 2446 631 2491 visisse,
673 2450 770 2482 recte

124 2510 165 2534 ex
181 2497 216 2534 h.
234 2498 255 2534 l.
287 2498 457 2548 colligere
487 2501 628 2538 videtur
647 2501 769 2550 Heyse

124 2553 145 2589 l.
168 2553 188 2588 l.
211 2566 294 2603 pag.
313 2558 402 2595 129.
430 2577 485 2583 —
518 2557 556 2593 In
576 2570 679 2606 seqq.
703 2554 770 2606 ἅρ-

128 2610 186 2654 δις
218 2615 274 2646 est
308 2613 460 2659 sagittae
497 2616 631 2664 cuspz'S,
673 2619 711 2651 ut
742 2614 769 2660 Ι,

127 2664 206 2706 215
222 2693 232 2710 ‚
271 2666 330 2702 ubi
358 2668 427 2704 vid.
470 2669 519 2706 Et
545 2672 638 2707 conf.
663 2672 770 2707 etiam

126 2721 227 2757 Suid.
253 2734 280 2757 s.
300 2734 334 2758 v.
356 2723 371 2758 I
396 2736 480 2773 pag.
501 2729 592 2766 314.

183 2779 323 2816 τοῦτον
363 2779 521 2830 εἰδέναι]
575 2783 683 2826 Quod
729 2784 775 2821 de

124 2845 188 2869 suo
213 2833 316 2870 Reiz.
355 2835 501 2873 inseruit
531 2834 775 2888 βουλόμενον

124 2892 228 2938 (post
245 2892 404 2939 τοῦτον)
420 2892 456 2927 id
476 2906 552 2929 cum
576 2893 652 2930 libri
673 2896 776 2944 igno-

171 2945 379 2985 HERODOT.
410 2948 455 2985 H.

832 1777 935 1818 rent,
975 1771 1090 1809 delevi
1124 1784 1203 1808 cum
1232 1776 1380 1810 recentt.
1403 1774 1488 1810 edd.

831 1827 904 1865 Pro
922 1830 1064 1867 τοῦτον
1085 1841 1178 1865 unus
1195 1827 1285 1866 liber
1302 1829 1488 1866 Parisinus

831 1880 1007 1930 τούτων,
1039 1885 1139 1933 quod
1160 1883 1279 1934 placet
1297 1885 1487 1934 Schweig-

831 1941 1019 1986 haemero,
1045 1942 1219 1990 quodque
1241 1942 1345 1979 unice
1363 1955 1485 1979 verum

832 1997 943 2034 habet
961 1996 1150 2034 Letronne
1178 1997 1318 2041 (Journ.
1344 1998 1379 2034 d.
1400 1998 1485 2034 SaV.

835 2054 940 2093 1817
973 2066 1008 2102 p.
1028 2053 1121 2100 93);
1163 2065 1236 2101 quo
1263 2053 1393 2090 eodem
1422 2065 1486 2090 au-

832 2114 930 2145 ctore
951 2109 1081 2146 retinui
1101 2110 1137 2145 in
1157 2121 1260 2157 seqq.
1280 2124 1362 2159 μιν,
1383 2111 1483 2158 quod

832 2164 929 2201 hbris
958 2164 1078 2201 invitis
1097 2164 1299 2213 Schweigh.
1329 2170 1484 2202 mutarat

832 2222 868 2256 in
885 2235 966 2270 μεν.
996 2220 1084 2257 Mox
1097 2221 1181 2258 dedi
1198 2221 1292 2269 μίαν
1304 2235 1371 2271 pro
1390 2222 1484 2271 μίην

833 2282 871 2314 et
900 2278 936 2314 in
971 2290 1073 2326 seqq.
1104 2272 1234 2315 αὐτῶν
1261 2282 1297 2315 et
1330 2274 1483 2316 τούτων

831 2346 898 2383 pro
917 2329 1067 2372 αὐτέων
1089 2339 1124 2370 et
1145 2331 1324 2372 τουτέων.
1348 2355 1402 2361 —
1426 2333 1484 2370 Ad

831 2390 979 2427 verbum
1003 2389 1161 2427 medium
1177 2388 1365 2429 λιπέσθαι
1391 2391 1484 2427 conf.

832 2450 922 2482 nott.
948 2447 995 2483 ad
1028 2446 1081 2491 ll,
1123 2444 1202 2487 134
1233 2451 1270 2484 et
1295 2447 1341 2483 ad
1373 2447 1484 2484 verba

827 2504 958 2553 χρῆμα
985 2497 1127 2541 πολλόν
1148 2502 1208 2548 ΙΙΙ,
1234 2504 1325 2543 109.
1350 2504 1438 2543 130.

985 2592 1015 2629 C
1028 2605 1048 2629 a
1061 2606 1096 2642 p.
1134 2590 1321 2629 LXXXH.

885 2669 952 2708 καὶ
990 2667 1114 2721 πάρεξ
1151 2673 1230 2709 τῶν
1267 2670 1482 2721 ποταμῶν]

832 2726 898 2765 καὶ
921 2727 978 2764 hic
999 2728 1094 2765 valet
1116 2730 1245 2773 etiam,
1286 2732 1326 2764 ut
1351 2728 1486 2765 Struve

833 2784 970 2820 monuit
994 2784 1014 2820 l.
1038 2784 1059 2820 l.
1093 2797 1176 2834 pag.
1199 2785 1263 2824 28.
1313 2783 1371 2821 De
1397 2797 1485 2820 voce

833 2835 957 2890 πάρεξ
975 2842 1067 2877 conf.
1087 2845 1178 2876 nott.
1196 2840 1243 2876 ad
1265 2839 1337 2885 III,
1374 2842 1426 2880 97
1450 2845 1485 2875 et

833 2897 880 2933 de
902 2895 1143 2947 παρέχεσθαι
1163 2896 1226 2940 W,
1247 2894 1311 2936 44.
1358 2896 1416 2932 Ad
1432 2895 1484 2931 10-
