1904 3304
474 222 1031 265 MELPOMENE.
1087 226 1150 265 IV.

1361 231 1443 272 483

188 335 274 379 ἐστὶ
302 334 428 389 λίμνη
459 332 620 392 μεγάλη
649 349 694 378 τε
723 334 796 377 καὶ
826 334 986 390 πολλή,
1018 335 1091 378 καὶ
1110 336 1204 386 ἕλος
1225 336 1295 379 καὶ
1317 335 1443 380 κάλα-

160 412 269 460 5μος
298 403 394 456 περὶ
427 402 584 460 αὐτήν·
637 405 684 448 ἐν
715 405 760 449 δὲ
789 406 925 463 ταύτῃ
956 405 1150 461 ἐνύδριες
1179 405 1441 457 ἁλίσκονται,

187 474 259 517 καὶ
288 474 518 527 κάστορες,
556 476 627 518 καὶ
657 475 765 519 ἄλλα
801 479 936 533 θηρία
970 476 1498 533 τετραγωνοπρόσωπα,80

184 547 271 586 τῶν
300 543 351 586 τά
382 547 570 601 δέρματα
599 547 695 601 περὶ
722 548 798 598 τοὶς
827 546 1036 601 σισύρνας
1065 548 1441 603 παραρράπτεται·

182 615 256 658 καὶ
296 617 340 658 οἱ
378 615 519 672 ὄρχιες
560 615 732 662 αὐτοῖσί
774 620 856 662 εἰσι
902 617 1107 675 χρήσιμοι
1145 619 1188 671 ἐς
1225 618 1443 676 ὑστερέων

183 686 342 730 ἄκεσιν.

286 888 482 925 etiamnum
542 887 783 933 inveniantur,

457 948 574 980 erunt.
690 943 783 980 Utut

125 1007 203 1047 est,
243 1000 349 1037 Gallo
388 1001 498 1036 docto
538 999 685 1036 minime
723 1012 783 1035 as-

124 1056 253 1093 sentiri
305 1069 477 1106 possum,
545 1056 607 1104 qui
665 1055 781 1092 lacum

123 1111 219 1149 illum
250 1113 298 1149 ad
329 1112 481 1160 Volgam
509 1113 645 1158 refert,
686 1124 781 1161 quae

124 1169 218 1205 circa
247 1169 338 1205 ostia
361 1168 477 1205 lacum
500 1169 644 1205 maximi
666 1168 781 1204 ambi-

124 1229 180 1261 tus
219 1226 374 1270 efficiat,
424 1226 571 1273 optimis
620 1225 779 1274 piscibus

123 1281 379 1318 abundantem.
426 1281 509 1317 vid.
532 1280 590 1317 De
616 1281 780 1329 Guignes

123 1337 159 1372 in
181 1337 289 1373 Nem.
323 1338 368 1374 de
387 1337 522 1375 l’Acad.
554 1337 590 1374 d.
613 1336 778 1387 Inscript-

123 1392 165 1429 T.
188 1393 326 1429 XXXV
354 1407 389 1444 p.
409 1396 503 1435 550.

179 1475 221 1515 ἒν
250 1473 292 1514 δὲ
311 1472 433 1530 ταύτῃ
454 1472 656 1528 ἐνύδριες]
689 1477 779 1515 Ver‘

122 1533 168 1569 ba
210 1533 341 1569 haecce
378 1539 413 1569 et
445 1546 538 1581 quae
567 1539 778 1581 sequuntur,

122 1601 238 1637 usque
271 1589 320 1625 ad
358 1589 469 1625 verba
507 1588 546 1634 ἐς
580 1587 778 1639 ύστερε-’ων

121 1642 257 1683 ἄκεσιν
303 1657 326 1682 a
372 1644 575 1693 glossatore
617 1647 775 1694 quodam

119 1701 340 1738 Herodoteis
367 1702 498 1738 adsuta
521 1703 657 1738 censuit
680 1702 775 1738 Gat-

120 1763 227 1795 terer.
259 1757 475 1794 Commentt.
504 1771 577 1794 soc.
601 1759 705 1795 Gott.
729 1758 774 1796 Τ.

119 1814 187 1850 Xll
217 1827 252 1863 p.
274 1816 363 1853 120.
403 1814 479 1850 Sed
509 1815 601 1851 bene
620 1814 680 1852 illa
698 1820 778 1852 tue-

120 1874 177 1906 tur
203 1869 406 1918 Schweigh.
437 1871 593 1919 itemque
618 1871 776 1908 Heeren.

119 1925 242 1962 ldecn.
266 1925 293 1971 Ι,
312 1927 336 1964 2
357 1938 440 1975 pag.
459 1927 559 1973 304,
583 1940 663 1963 cum
682 1927 778 1963 nulla

122 1994 246 2019 eorum
296 1983 551 2019 ejiciendorum
587 1984 632 2019 sit
667 1996 776 2020 causa

121 2038 224 2074 iusta.
257 2034 434 2088 ἐνύδριες
454 2045 535 2075 sunt
554 2039 667 2075 lutrae
686 2040 775 2087 (Ot-

122 2097 186 2140 ter,
217 2093 445 2143 Fisclwtter),
476 2100 514 2131 ut
536 2094 581 2141 ll,
612 2099 678 2141 72,
710 2096 776 2132 mi-

121 2151 218 2187 nime
257 2164 358 2187 canes
391 2153 539 2197 marini,
591 2156 631 2187 ut
659 2151 778 2201 placet

122 2206 317 2243 Mannerto
339 2207 387 2243 llI
414 2220 498 2257 pag.
518 2210 555 2247 7.
593 2208 701 2250 Quod
729 2208 776 2244 ad

124 2266 273 2299 castores
297 2264 437 2309 attinet,
462 2264 633 2312 Koppen.
654 2264 778 2300 Nord-

122 2324 214 2367 gest.
238 2320 271 2355 d.
291 2319 395 2356 Pont.
416 2332 499 2369 pag.
520 2322 570 2358 17
589 2319 695 2356 affert
716 2333 776 2356 ur-

122 2375 205 2412 bem
223 2375 382 2421 Bobrow,
414 2377 435 2412 i.
457 2389 485 2414 e.
509 2379 698 2412 castoream
718 2390 778 2412 111·-

124 2431 206 2477 bem,
235 2433 270 2467 in
289 2433 464 2480 gubernio
484 2432 701 2481 lVoronjesh
719 2434 779 2468 iis-

126 2487 207 2522 dem
244 2488 320 2525 sere
355 2489 391 2524 iu
422 2488 629 2537 regionibus
660 2489 777 2534 sitam,

124 2542 160 2577 in
197 2543 323 2590 quibus
351 2544 562 2582 Herodotus
600 2550 778 2583 memoret

125 2602 295 2634 castores.

125 900 219 936 quae

125 943 387 992 intelligendae

189 2679 256 2718 καὶ
285 2677 380 2719 ἄλλα
398 2684 524 2733 θηρία
542 2699 775 2738 τετραγωνο-

123 2733 337 2787 πρόσωπα]
372 2738 395 2775 i.
425 2752 457 2776 e.
487 2741 657 2778 animalia
685 2755 773 2792 qua-

127 2794 229 2829 drato
261 2795 380 2837 enlm,-
425 2808 517 2843 quae
545 2798 661 2845 qualia
689 2800 773 2847 sint,

125 2851 294 2899 equidem
340 2850 489 2889 definire
529 2866 604 2891 non
645 2856 773 2894 ausim.

1495 697 1576 737 330

840 884 974 934 Neque
1008 886 1147 923 definiit
1176 888 1377 937 Schweigh.
1415 890 1498 939 (qui

839 942 963 978 attulit
1009 942 1195 980 Aristotel.
1244 944 1362 981 locum
1400 946 1496 983 Hist.

839 997 910 1035 An.
952 998 1057 1045 Vlll,
1096 1001 1143 1047 6)
1182 1013 1303 1049 neque
1336 1001 1496 1040 Heeren.

838 1054 951 1091 ldeen
977 1055 1012 1101 I,
1053 1058 1079 1096 2
1108 1069 1144 1105 p.
1166 1057 1268 1103 305,
1299 1058 1345 1094 ad
1370 1059 1497 1095 doctos

837 1124 955 1148 rerum
976 1111 1190 1149 naturalium
1209 1118 1496 1162 perscrutatores

837 1180 1060 1217 provocans,
1091 1169 1159 1204 nisi
1188 1169 1272 1206 inde
1294 1172 1391 1207 fama
1414 1176 1496 1208 orta

837 1224 1079 1270 existimetur,
1109 1225 1210 1272 quod
1228 1227 1346 1274 capita
1365 1227 1399 1262 in
1419 1227 1496 1276 pel-

836 1279 927 1316 libus
973 1281 1187 1330 conspicua,
1231 1283 1374 1318 retenta
1400 1288 1496 1329 cute,

835 1337 988 1372 formam
1008 1337 1242 1386 praebuerint
1265 1340 1493 1387 quadratam.

891 1445 981 1498 περὶ
998 1444 1067 1494 τας
1084 1444 1274 1499 σισύρνας
1290 1447 1494 1502 παραρόά-

834 1504 992 1553 πτεται]
1025 1505 1047 1540 i.
1067 1518 1097 1541 e.
1126 1518 1268 1554 quornm
1284 1508 1392 1555 pelles
1407 1522 1493 1556 pac-

833 1560 928 1596 wtlz's
967 1560 1170 1596 adsumitur
1215 1575 1242 1598 s.
1279 1567 1493 1611 praetexun-

834 1619 916 1662 tur,
948 1628 1001 1662 s.,
1032 1621 1071 1652 ut
1100 1616 1231 1654 Ritter.
1260 1618 1418 1656 Yorhall.
1455 1635 1492 1670 p.

836 1672 915 1713 154
934 1673 1130 1722 expressit:
1163 1676 1251 1719 „mit
1268 1673 1370 1712 deren
1390 1675 1492 1725 Balg

833 1731 881 1764 sie
904 1729 974 1764 ihre
994 1728 1099 1765 Pelze
1117 1731 1354 1768 verbrz‘c'men.“
1392 1733 1493 1771 Mela

834 1785 881 1831 ll,
908 1788 943 1831 1,
973 1787 1069 1825 130:
1101 1785 1233 1823 Geloni
1252 1787 1407 1825 hostium
1428 1803 1493 1826 cu-

833 1842 930 1878 tibus
962 1854 1076 1890 equos
1106 1855 1219 1891 seque
1241 1843 1382 1881 velant:
1412 1846 1491 1883 illos

834 1897 961 1946 reliqui
981 1900 1140 1948 corporis
1152 1927 1163 1946 ‚
1194 1913 1233 1937 se
1251 1901 1419 1950 capitum.
1436 1923 1491 1931 -—-

835 1950 1026 2004 σισύρνας
1081 1968 1162 1992 cum
1216 1956 1403 1994 Gronovio
1456 1963 1493 1995 et

834 2010 951 2047 Gaisf.
974 2011 1101 2060 scripsi
1118 2024 1184 2061 pro
1199 2012 1293 2061 vulg.
1314 2009 1490 2065 σισύρας,

833 2067 933 2115 quod
952 2066 1197 2113 Florentinus,
1219 2068 1279 2104 alii
1299 2071 1488 2120 praebent.

834 2122 967 2159 Glossa
1023 2123 1258 2161 Herodotea:
1328 2123 1488 2177 σισύρα·

836 2176 1075 2229 βαρβαρικὸς
1112 2176 1250 2230 χιτών,
1295 2194 1362 2219 nec
1387 2183 1490 2221 aliter

833 2235 990 2283 Gregor.
1017 2235 1102 2272 Cor.
1140 2237 1186 2273 de
1227 2237 1310 2274 dial.
1339 2239 1414 2275 Ion.
1451 2238 1489 2290 ᾗ.

835 2291 914 2331 148
935 2305 970 2341 p.
997 2291 1090 2331 540.
1128 2292 1181 2329 Ac
1201 2293 1309 2341 vulgo
1329 2308 1417 2332 sane
1435 2297 1488 2333 ita

833 2348 1072 2396 distinguunt,
1093 2353 1135 2385 ut
1156 2345 1324 2400 σισύρνα
1344 2352 1390 2388 sit
1401 2365 1487 2401 pae-

831 2403 917 2440 nula
936 2418 956 2442 e
977 2405 1135 2441 flocculis
1158 2404 1263 2443 lanae
1273 2408 1487 2446 concinnata

833 2473 860 2496 s.
874 2466 1038 2506 consuta,
1056 2456 1197 2512 σισύρα
1210 2468 1328 2500 autem
1340 2464 1486 2514 pallium

832 2529 861 2553 s.
886 2521 1112 2565 tegmentum
1142 2531 1162 2555 e
1187 2519 1337 2568 pellibus
1362 2522 1485 2558 confe-

831 2577 938 2610 ctum.
982 2573 1062 2611 vid.
1092 2574 1259 2612 Ammon.
1285 2590 1319 2626 p.
1343 2580 1420 2617 128
1449 2581 1487 2615 et

831 2629 1005 2667 Valcken.
1042 2631 1219 2668 Observv.
1269 2646 1352 2683 pag.
1391 2633 1485 2675 205.

830 2685 1024 2723 Ruhnken.
1054 2688 1102 2724 ad
1132 2687 1228 2724 Tim.
1254 2703 1289 2739 p.
1318 2693 1410 2730 231.
1431 2712 1486 2717 —

830 2743 872 2778 In
891 2755 992 2792 seqq.
1018 2742 1058 2781 οἱ
1075 2740 1200 2794 ὄρχιες
1220 2751 1302 2781 sunt
1323 2746 1484 2783 testiculi.

830 2798 905 2836 Ubi
931 2800 1065 2837 Ritter.
1087 2800 1108 2837 l.
1139 2800 1160 2836 l.
1187 2803 1324 2850 cogitat
1346 2803 1391 2841 de
1416 2802 1484 2839 Ca-

829 2859 938 2892 storea
957 2869 984 2893 s.
1004 2855 1194 2904 Bz‘bergeil.

1121 2911 1209 2953 31*
