1904 3304
441 247 495 285 lo
852 242 1324 282 HERODO'I'I

439 357 654 410 μοῠνται;
691 353 774 409 ἐγώ
803 352 877 396 καὶ
906 355 1039 395 τοῦτο
1071 351 1238 406 φράσω.
1299 353 1368 395 δεῖ
1403 350 1484 395 τόν
1521 351 1600 407 μὲν
1628 352 1703 409 δή·

436 438 604 478 μαρχον
632 421 816 464 ἕκαστον
857 419 905 462 ἐκ
945 424 1023 475 τῆς
1063 419 1231 463 ἑωυτοῦ
1261 420 1414 470 πόλιος
1442 421 1705 472 συλλέξαντα

437 494 582 537 πάντα
617 492 695 536 τὸν
726 491 938 546 κέραμον,
969 489 1091 546 ἄγειν
1123 491 1165 542 ἐς
1194 492 1403 547 Μέμφιν·
1443 489 1547 542 τούς
1576 491 1622 534 δὲ
1650 491 1733 535 έκ5

438 566 648 621 Μέμφιος
676 563 719 614 ές
749 566 886 605 ταῦτα
915 562 970 618 δὴ
999 561 1052 605 τὰ
1079 561 1252 617 ἄνυδρα
1283 566 1359 618 τῆς
1387 563 1557 618 Συρίης
1585 564 1706 619 κομί-

408 639 552 688 3ζειυ,
592 633 837 690 πλήσαντας
866 631 1040 682 ὕδατος.
1079 632 1196 675 οὕτω
1227 633 1251 676 ὁ
1283 633 1543 689 ἐπιφοιτέων
1571 633 1704 687 κέρα-

437 722 542 760 μος,
588 706 662 749 καὶ
699 703 999 760 ἐξαιρεόμενος
1036 704 1082 747 έν
1119 703 1349 764 Αἰγύπτῳ,
1402 705 1471 748 ἐπὶ
1510 703 1588 748 τὸν
1624 720 1705 747 πα-

345 774 377 818 Ί
434 777 562 820 λαιὸν
590 778 806 832 κομίζεται
835 775 878 826 ἐς
908 777 1093 831 Συρίην.
1160 775 1283 819 Οὕτω
1316 775 1395 831 μέν
1425 792 1511 818 νυν
1534 775 1705 832 Πέρσαι

435 849 517 891 εἰσὶ
557 850 600 891 οἱ
634 846 715 904 τὴν
748 847 933 903 ἐσβολήν
974 847 1139 903 ταύτην
1175 845 1586 902 παρασκευάσαντες
1634 844 1704 890 ἐπ’

435 920 663 974 Αἴγυπτον
709 918 819 962 κατὰ
869 918 922 974 δὴ
972 918 1024 962 τὰ
1070 919 1272 975 εἰρημένα
1320 918 1525 971 σάξαντες
1564 917 1762 970 ὕδατι,1ο

103 835 175 862 Eius
216 835 344 863 insstituti

102 874 242 896 auctores
252 871 376 897 Persae:

107 902 261 937 Cambynis
275 903 379 931 foedus

103 944 173 998 ‹¹3:ss
204 945 277 972 rege
297 934 379 999 ‘hra-

378 1071 448 1118 θη.
487 1068 593 1105 Cons.
629 1071 736 1107 etiam
764 1069 822 1117 Π,
856 1072 921 1109 11.
978 1069 1039 1108 De

375 1124 486 1161 verbo
507 1121 748 1177 οἷναισιμοῦν
766 1128 971 1164 monuimus
991 1127 1037 1163 ad

375 1179 404 1227 Ι,
429 1183 519 1221 179.

432 1237 495 1276 δεῖ
512 1234 582 1277 τόν
612 1236 684 1289 μὲν
714 1235 920 1290 δήμαρχον
950 1237 1038 1278 ἕκα-

377 1304 470 1332 στον
485 1309 522 1332 κ.
543 1310 574 1333 τ.
595 1294 658 1346 λ.].
695 1293 939 1346 Νομάρχην,
971 1296 1036 1345 qui

376 1350 513 1388 scilicet
580 1353 871 1389 administrando
928 1365 1038 1388 nomo

374 1409 579 1456 praefectus
608 1414 708 1456 erat,
748 1422 858 1460 supra
880 1408 926 1455 ll,
956 1411 1037 1448 177

374 1463 511 1501 Noster
546 1467 819 1512 nominaverat,
868 1466 930 1502 ubi
963 1466 1035 1501 vid.

374 1524 468 1556 nott.
497 1521 571 1557 lam
591 1522 623 1558 h.
644 1522 663 1558 Ι.
684 1518 888 1571 δήμαρχον
908 1521 1037 1572 appel-

372 1575 445 1622 lat,
485 1589 557 1624 quo
588 1578 734 1615 nomine
765 1578 948 1627 designari
969 1591 1037 1628 pu-

375 1637 451 1669 tem
480 1645 564 1677 eos,
598 1634 660 1683 qui
691 1634 840 1683 singulis
872 1635 958 1671 vicis
985 1635 1035 1671 ad

374 1701 485 1725 unum
519 1691 748 1739 eundemque
784 1704 931 1727 nomum
969 1691 1035 1727 ad-

374 1745 515 1793 scriptis
533 1745 766 1796 (τοπαρχίας
781 1753 885 1784 vocat
896 1748 1034 1784 Strabo

372 1801 477 1838 XVH
520 1814 554 1851 p.
591 1805 698 1842 1136
734 1803 776 1840 A.
804 1816 832 1840 s.
864 1817 898 1853 p.
918 1806 1034 1852 787),

372 1859 570 1907 praepositi
591 1859 735 1896 fuerint.
779 1859 876 1896 Infra
897 1860 959 1905 ΙΙΙ,
979 1863 1033 1900 27

373 1920 619 1952 memorantur
661 1915 888 1965 ἐπίτροποι,
937 1919 1033 1953 vico-

372 1972 558 2018 magistri,
597 1973 656 2020 qui
677 1973 878 2009 demarchis
902 1975 1034 2023 opinor

372 2027 507 2063 suerint
527 2028 687 2064 subiecti.
718 2025 765 2067 τὰ
791 2027 946 2080 ἄνυδρα
962 2032 1033 2080 τῆς

372 2083 524 2133 Συρίης
561 2089 644 2120 sunt
680 2098 724 2121 ea
755 2087 834 2135 ipsa
870 2087 1030 2133 deserta,

372 2152 466 2188 quae
489 2152 597 2190 supra
620 2141 862 2189 indicaverat,
890 2156 934 2180 ex
961 2143 1031 2180 Pa-

371 2194 523 2233 laestina
569 2197 604 2232 in
635 2196 846 2247 Aegyptum
885 2200 1030 2249 profici-

371 2253 552 2288 scentibus
592 2255 824 2302 permeanda.
895 2257 1030 2293 Moneo

370 2308 750 2358 propterLarcherum
764 2339 774 2356 ,
804 2312 865 2360 qui
883 2312 916 2348 h.
939 2312 960 2348 l.
981 2314 1031 2350 sie

370 2368 516 2401 vertens
537 2377 546 2400 :
576 2365 663 2401 dans
682 2366 729 2402 les
746 2367 841 2403 lieux
858 2369 974 2405 arides
991 2370 1032 2405 de

371 2420 407 2456 Ia
431 2420 555 2470 Syrie,
595 2421 726 2459 iustam
755 2425 1030 2474 vituperationis

369 2489 513 2513 causam
535 2478 639 2514 dedit
659 2478 760 2517 alteri
781 2481 887 2517 Gallo
916 2483 1029 2520 inter-

368 2533 472 2583 preti.

426 2585 530 2627 οὕτω
548 2587 567 2628 ὁ
587 2589 824 2639 ἐπιφοιτέων
843 2591 1027 2644 κέραμος,

368 2643 436 2682 καὶ
459 2643 728 2695 ἐξαιρεόμενος
747 2664 781 2687 κ.
807 2664 840 2687 τ.
866 2649 917 2701 t]
948 2652 970 2688 i.
991 2665 1022 2690 e.

369 2700 448 2737 Hoc
478 2702 575 2738 modo
605 2703 700 2740 dolia
717 2705 853 2754 figlina
887 2709 960 2743 ista
989 2710 1029 2744 in

372 2758 570 2807 Aegyptum
595 2762 637 2806 (a
656 2760 894 2799 Phoenicibus
919 2776 939 2799 e
959 2765 1029 2812 Sy-

371 2814 449 2862 ria)
477 2816 615 2852 invecta
648 2817 762 2867 ibique
789 2821 947 2867 exposita
981 2821 1028 2869 (e

372 2870 523 2908 navibus
542 2873 632 2920 δα),
670 2874 719 2911 ad
748 2876 869 2924 priora
893 2875 1029 2926 (dolia)

1095 1072 1132 1107 in
1152 1070 1301 1120 Syriam
1321 1073 1411 1106 retro
1431 1069 1650 1120 deferuntur.
1687 1067 1762 1106 Mi-

1095 1139 1164 1163 nus
1193 1131 1360 1164 accurate
1378 1126 1609 1164 Larcherus:
1639 1125 1760 1173 „ainsi

1095 1187 1217 1220 tontes
1247 1182 1297 1220 les
1316 1184 1431 1232 jarres
1460 1196 1532 1233 que
1553 1182 1624 1218 l’on
1652 1186 1759 1232 porte

1095 1252 1141 1277 en
1161 1239 1312 1290 Egypte
1337 1245 1374 1277 et
1396 1252 1468 1290 que
1496 1239 1566 1275 l'on
1584 1252 1609 1288 y
1632 1241 1699 1274 met
1719 1247 1760 1275 en

1093 1308 1248 1342 reserve,
1308 1300 1391 1332 sont
1427 1296 1619 1345 reportees
1653 1296 1759 1333 etc.“

1095 1353 1214 1395 Quem
1243 1351 1354 1389 verbo
1384 1347 1652 1403 ἐξαιρεόμενος
1677 1350 1759 1388 Nos

1091 1409 1282 1445 tribuimus
1311 1421 1480 1454 sensum,
1520 1420 1603 1445 eum
1624 1406 1759 1444 confir-

1092 1470 1170 1502 mat
1191 1465 1282 1502 alter
1304 1466 1403 1502 locus
1421 1464 1484 1512 IV,
1505 1465 1606 1504 196:
1637 1459 1760 1503 ἔπεοὶν

1093 1516 1315 1560 οἷπίκωνται
1364 1519 1433 1560 καὶ
1484 1519 1759 1569 ἐξέλωνται

1091 1575 1139 1616 τοὶ
1172 1578 1331 1630 φορτία.

1312 1635 1419 1683 Cap.
1456 1633 1536 1672 Vll.

1150 1686 1339 1738 σάξαντες
1365 1687 1497 1742 ὕδατι]
1533 1703 1581 1728 se.
1603 1682 1757 1740 ταύτην

1090 1742 1165 1797 τήν
1191 1743 1360 1799 ἐσβολήν
1383 1748 1404 1784 i.
1425 1761 1455 1785 e.
1477 1747 1568 1785 hanc
1583 1749 1679 1784 viam
1691 1759 1756 1797 per

1090 1804 1224 1841 deserta
1253 1804 1350 1855 aqud
1370 1804 1673 1854 proficiscentibus
1696 1816 1756 1840 ne-

1091 1861 1243 1897 cessari&
1279 1864 1498 1898 instruentes.
1555 1860 1625 1897 Est
1659 1860 1755 1898 enim

1089 1917 1272 1955 Herodoti
1298 1918 1504 1964 sententia,
1543 1917 1677 1955 Persas
1697 1917 1756 1954 fu-

1090 1975 1183 2021 isse,
1220 1975 1282 2024 qui
1325 1974 1543 2023 simulatque
1581 1973 1754 2024 Aegypto

1089 2035 1211 2067 essent
1227 2032 1349 2081 potiti,
1379 2031 1468 2068 illud
1487 2032 1559 2068 iter
1578 2034 1755 2068 terrestre

1088 2088 1174 2137 (per
1195 2088 1343 2126 deserta
1360 2100 1382 2124 a
1406 2087 1615 2125 Palaestina
1636 2099 1755 2136 usque

1088 2144 1136 2181 ad
1166 2144 1324 2195 Aegypti
1364 2145 1457 2181 fines
1498 2155 1615 2194 prope
1644 2142 1754 2181 Pelu-

1087 2202 1199 2249 sium)
1228 2201 1506 2251 adparaverint,
1535 2200 1671 2249 quique
1695 2212 1754 2247 eo,

1088 2270 1161 2306 quo
1189 2258 1357 2294 indicarit
1381 2257 1513 2303 modo,
1557 2257 1655 2305 aqua
1686 2269 1753 2294 ne-

1087 2314 1244 2351 cessari-<1
1264 2313 1349 2350 illud
1368 2314 1613 2350 instruxerint.
1661 2309 1753 2351 σάτ-

1087 2384 1168 2408 τειν
1205 2371 1305 2420 apud
1333 2369 1563 2406 Herodotum
1603 2369 1752 2406 omnino

1087 2426 1186 2463 vaiet
1217 2429 1406 2472 instruere,
1447 2439 1588 2472 ornare,
1625 2430 1666 2462 ut
1687 2425 1752 2473 VI,

1088 2485 1153 2523 70.
1176 2485 1240 2522 73.
1272 2483 1361 2530 Vll,
1382 2485 1454 2529 62,
1486 2483 1544 2519 ubi
1568 2483 1615 2520 de
1631 2494 1751 2519 arma-

1085 2545 1168 2576 tura
1201 2540 1331 2576 dicitur
1356 2539 1515 2588 indeque.
1548 2540 1644 2576 idem
1673 2539 1750 2577 sere

1085 2595 1182 2633 valet
1217 2597 1317 2645 quod
1348 2590 1523 2642 ὁπλίζειν
1553 2598 1662 2632 armis
1689 2597 1747 2632 in-

1085 2656 1225 2689 struere.
1285 2651 1346 2688 Tu
1378 2654 1472 2689 conf.
1504 2652 1679 2691 Valcken.
1699 2653 1749 2690 ad

1085 2709 1120 2746 h.
1150 2708 1173 2745 l.
1222 2708 1303 2745 Alia
1344 2709 1392 2745 ad
1431 2713 1594 2746 nostrum
1631 2710 1747 2747 locum

1086 2767 1252 2815 exempla
1282 2766 1483 2802 attulerunt
1513 2766 1747 2817 interpreteS,

1086 2826 1136 2859 ut-
1165 2821 1318 2859 Lucian.
1362 2821 1409 2859 de
1454 2821 1535 2859 Dea
1564 2824 1649 2873 Syr.
1677 2821 1765 2870 48..

1085 2878 1216 2916 Athen.
1239 2877 1305 2915 vu
1326 2891 1364 2929 p.
1382 2879 1476 2920 322.
