1904 3304
577 243 932 284 THALIA.

176 356 298 414 ὑμῖν,
337 352 373 400 ὦ
413 355 713 413 Βαβυλώνιοι,
752 356 843 412 ἥκω
881 356 1080 411 μέγιστον
1118 351 1313 408 ἀγαθόν,
1351 358 1438 396 Δα-
1453 359 1496 393 85

992 244 1051 282 111.
1356 244 1439 284 269

177 431 275 487 ρείῳ
314 431 359 471 δὲ
398 428 469 471 καὶ
510 433 564 484 τῇ
595 433 775 485 στρατιῇ
805 429 875 472 καὶ
910 427 1102 482 Πέρσῃσι
1133 425 1335 480 μέγιστον
1370 442 1441 469 κα-

149 500 271 543 5κόν.
333 498 387 543 οὐ
418 499 502 556 γὰρ
543 500 617 556 δὴ,
658 500 728 556 ἐμέ
758 516 805 555 γε
839 494 920 542 ὦδε
951 497 1280 553 λωβησάμενος,
1312 513 1442 540 κατα-

174 572 409 624 προΐξεται·
441 571 665 627 ἐπίσταμαι
699 570 743 614 δ’
774 569 914 613 αὐτοῦ
942 567 1083 619 πάσας
1112 568 1189 618 τάς
1218 567 1442 621 διεξόδους

30 630 126 674 157
179 646 267 684 τῶν
303 643 659 698 βουλευμάτων.“
725 645 917 684 Τοιαῦτα
950 641 1075 695 ἔλεγε.
1135 641 1178 682 οἱ
1215 639 1260 682 δὲ
1300 643 1445 696 Βαβυ-

169 713 322 756 λώνιοι
354 713 552 768 ὁρέοντες
593 714 735 768 ἄνδρα
764 716 853 755 τῶν
891 711 938 754 ἐν
973 711 1167 767 Πέρσῃσι
1198 711 1441 766 δοκιμώτα-

170 801 249 827 τον
287 785 409 839 ῥινός
456 802 499 829 τε
542 786 614 828 καὶ
653 784 778 828 ὤτων
819 783 1125 838 ἐστερημένον,
1175 783 1347 837 μάστιξί
1389 789 1490 826 τε9ο

169 856 244 899 καὶ
288 858 435 912 αἵματι
473 855 865 912 ἀναπεφυρμένον,
905 853 1049 909 πάγχυ
1094 855 1343 905 ἐλπίσαντες
1380 854 1440 897 λέ-

169 944 261 982 γειν
289 945 364 983 μιν
395 927 582 983 ἀληθέα,
624 929 698 970 καί
728 939 807 981 σφι
839 925 958 981 ἥκειν
988 922 1238 980 σύμμαχον,
1270 923 1442 978 ἐπιτρά-

170 1004 331 1042 πεσθαι
371 999 535 1053 ἑτοῖμοι
571 994 682 1055 ἦσαν
712 1001 800 1040 τῶν
832 996 971 1040 ἐδέετο
1003 995 1162 1052 σφέων.
1219 996 1357 1040 ἐδέετο
1393 996 1440 1040 δὲ

145 1078 164 1109 52
177 1075 390 1126 στρατιῆς.

168 1142 306 1185 {uoles
344 1139 395 1184 τά
434 1157 512 1194 περ
553 1145 614 1198 τῷ
654 1140 827 1196 Δαρείῳ
867 1139 1152 1196 συνεθήκατο.

167 1213 250 1270 γὰρ
292 1217 345 1270 τῇ
387 1211 544 1269 δεκάτῃ
584 1210 722 1267 ἡμέρῃ
760 1213 840 1268 τήν
871 1210 1080 1266 στρατιήν
1117 1215 1203 1254 τῶν
1233 1215 1496 1268 Βαβυλω-95

454 1068 503 1112 Ὁ
541 1071 604 1120 δὲ,
646 1069 735 1112 ἐπεί
774 1084 818 1111 τε
859 1065 1002 1110 αὐτῶν
1038 1072 1168 1111 τοῦτο
1209 1068 1439 1124 παρέλαβε,

1219 1140 1440 1196 ἐξαγαγών

169 1287 300 1338 νίων,
339 1284 411 1327 καὶ
450 1282 785 1339 κυκλωσάμενος
824 1282 928 1332 τούς
968 1284 1157 1338 χιλίους,
1189 1283 1293 1335 τοὺς
1323 1280 1438 1339 πρώ-

167 1372 270 1406 τους
303 1355 537 1398 ἐνετείλατο
569 1357 742 1412 Δαρείῳ
779 1354 923 1407 τάξαι,
964 1354 1148 1404 τούτους
1179 1355 1439 1410 κατεφόνευ-

139 1434 159 1467 3
175 1439 232 1469 σε.

294 1423 508 1481 μαθόντες
539 1426 583 1468 δέ
613 1443 689 1481 μιν
719 1428 762 1469 οἱ
791 1425 1071 1481 Βαβυλώνιοι
1099 1430 1212 1469 τοῖσι
1243 1426 1360 1470 ἔπεσι
1389 1427 1442 1469 τὰ

168 1499 271 1552 ἔργα
301 1496 602 1552 παρεχόμενον
635 1495 766 1552 ὁμοῖα
785 1528 794 1544 ,

835 1495 976 1552 πάγχυ
1005 1496 1251 1552 περιχαρέες
1282 1497 1438 1549 ἐόντες,

138 1574 257 1612 4πᾶν
295 1567 347 1624 δή
390 1567 557 1622 ἑτοῖμοι
594 1562 708 1622 ἦσαν
745 1567 1007 1623 ὑπηρετέειν.
1068 1565 1091 1610 ὁ
1123 1568 1192 1619 δὲ,
1225 1568 1439 1612 διαλιπών

166 1640 329 1697 ἡμέρας
372 1638 445 1689 τὰς
489 1639 791 1693 συγκειμένας,
840 1634 961 1690 αὖτις
1004 1639 1304 1696 ἐπιλεξάμενος
1346 1644 1463 1684 τῶνι

168 1711 462 1768 Βαβυλωνίων
492 1710 667 1766 ἐξήγαγε
697 1711 770 1753 καὶ
801 1710 1094 1766 κατεφόνευσε
1123 1715 1210 1754 τῶν
1238 1714 1438 1766 Δαρείου

139 1791 160 1825 5
171 1781 467 1839 στρατιωτέων
503 1782 610 1833 τούς
649 1784 900 1838 δισχιλίους.

960 1782 1128 1834 ἰδόντες
1159 1783 1204 1826 δὲ
1234 1785 1308 1827 καὶ
1338 1788 1439 1829 τού-

167 1872 215 1898 το
247 1853 294 1897 τὸ
327 1854 454 1907 ἔργον
485 1855 529 1896 οἱ
558 1853 856 1909 Βαβυλώνιοι,
887 1853 1044 1905 πάντες
1074 1854 1292 1909 Ζώπυρον
1321 1855 1439 1913 εἶχον

171 1926 216 1968 ἐν
258 1923 440 1979 στόμασι
479 1924 705 1976 αἰνέοντες.

113 2090 190 2129 611
208 2092 243 2125 et
254 2088 410 2137 Kriiger.
433 2088 479 2124 ad
494 2087 645 2138 Dionys,
657 2088 772 2126 Halic.

112 2157 197 2194 pag.
230 2146 294 2184 97.
363 2146 457 2181 Ante
495 2148 655 2197 στρατιῇ
690 2158 771 2182 cum

112 2200 318 2249 Schweigh.
352 2205 389 2238 et
412 2201 528 2240 Gaisf.
560 2214 580 2238 e
610 2201 770 2251 pluribus

112 2257 209 2293 libris
240 2257 361 2307 recepi
392 2258 452 2311 τῇ.
472 2280 527 2284 -—
557 2258 614 2294 Ad
644 2270 770 2295 vocem

112 2314 411 2363 καταπροΐξεται
435 2314 517 2351 vide
536 2314 584 2350 sis
610 2318 703 2351 nott.
723 2314 769 2350 ad

114 2369 175 2416 111,
200 2372 264 2410 36.
324 2370 455 2406 Exstat
476 2371 522 2406 ad
540 2370 573 2407 h.
597 2384 629 2408 v.
650 2370 772 2419 glossa

113 2425 349 2473 Herodotea,
391 2428 461 2475 qua
492 2431 614 2464 tamen
643 2440 771 2477 parum

114 2482 327 2531 proficimus.
360 2483 546 2530 διέξοδος,
568 2485 666 2532 quod
684 2497 771 2533 pro-

114 2537 192 2585 pria
213 2539 357 2576 notione
374 2540 553 2576 invenitur
571 2539 616 2587 ΙΙ,
628 2539 692 2579 24.
704 2543 769 2581 26.

116 2593 270 2639 111,117
291 2594 348 2631 hic
366 2597 496 2632 tralato
519 2609 627 2633 sensu
649 2597 695 2634 de
716 2598 771 2633 ‹li-

116 2649 227 2685 versis
255 2650 477 2689 consiliorum
503 2653 567 2689 viis
599 2657 637 2690 et
658 2653 771 2690 ratio-

116 2705 222 2741 nibus
245 2706 500 2755 accipiendum.
560 2708 637 2755 „Et
657 2709 769 2747 trala-

117 2766 153 2797 te
172 2761 271 2797 vario
286 2763 393 2799 modo
415 2770 587 2814 usurpant
605 2765 768 2815 philoso-

116 2816 197 2866 phi3
228 2818 274 2854 de
303 2818 430 2866 quibus
454 2821 585 2857 dictum
607 2823 655 2858 ad
683 2822 769 2859 Plo-

115 2873 180 2910 tin.
201 2872 253 2921 Π,
275 2874 312 2913 8.
338 2878 371 2915 1.
400 2874 464 2923 ΠΙ,
487 2878 524 2916 8.
545 2878 582 2918 8.
606 2877 651 2925 V,
669 2880 706 2918 8.
730 2881 769 2921 6.

829 2088 887 2125 Cf.
911 2088 1029 2126 Procl.
1051 2089 1087 2125 in
1107 2087 1221 2128 Alcib.
1245 2103 1299 2141 pr.
1319 2104 1356 2142 p.
1380 2093 1432 2132 12
1452 2096 1491 2130 et

827 2157 865 2195 p.
886 2144 1008 2185 249.“
1034 2144 1063 2181 C
1075 2158 1100 2182 r.

1016 2202 1124 2252 Cap.
1155 2202 1300 2240 CLVII.

875 2251 979 2308 ἦσαν
990 2259 1068 2296 τῶν
1082 2257 1207 2297 ἐδέετο
1221 2259 1373 2311 σφέων]
1384 2254 1489 2311 ἦσαν

828 2315 1000 2365 rescripsi
1017 2329 1036 2352 e
1055 2315 1149 2352 binis
1169 2315 1267 2353 libris
1282 2331 1360 2354 cum
1373 2319 1490 2356 Gaisf.

830 2377 868 2408 et
882 2371 1011 2408 Matth.
1032 2385 1097 2421 pro
1120 2371 1226 2410 ἕσαν.
1268 2375 1391 2412 Verbo
1413 2376 1491 2415 δεῖ·

829 2431 927 2466 σθαι
950 2428 1081 2478 duplex
1109 2429 1166 2466 hic
1195 2430 1395 2468 adstruitur
1423 2446 1491 2482 ge-

827 2485 959 2521 nitivus
979 2490 1013 2522 et
1033 2485 1084 2523 rei
1103 2489 1140 2523 et
1156 2499 1348 2536 personae.
1380 2488 1489 2526 Conf.

828 2540 958 2577 Matth.
987 2542 1053 2578 Gr.
1075 2542 1140 2578 Gr.
1170 2541 1207 2593 ἓ.
1230 2543 1326 2590 355,
1353 2548 1378 2585 2
1408 2559 1492 2595 pag.

829 2598 910 2636 669
930 2610 984 2646 sq.
1007 2618 1061 2624 —
1085 2599 1173 2635 Mox
1203 2612 1281 2636 cum
1307 2600 1425 2639 Gaisf.
1456 2607 1492 2640 et

826 2652 957 2690 Matth.
986 2655 1110 2704 scripsi
1132 2649 1276 2694 αὐτῶν.

885 2705 990 2759 εἶχον
1019 2709 1060 2749 ἐν
1087 2707 1249 2761 στόμασι
1273 2712 1487 2764 αἰνέοντες]

828 2765 899 2802 Ore
903 2765 1068 2815 ferebant
1081 2780 1155 2804 eum
1166 2768 1363 2808 laudantes.
1387 2772 1486 2808 Con-

824 2823 896 2859 fert
916 2823 1036 2861 WVess.
1067 2824 1130 2871 vl,
1153 2826 1221 2872 36,
1251 2839 1299 2864 ne
1322 2827 1403 2876 quis
1427 2826 1486 2866 αι’-

824 2876 979 2926 νέοντες
999 2880 1208 2919 redundare
1223 2883 1428 2921 arbitretur.

1502 634 1661 668 Babylonii
1679 634 1775 668 Zopy-

1502 677 1536 695 ro
1565 668 1635 695 dunt
1655 667 1776 699 milites,

1500 707 1529 729 et
1541 702 1628 728 rebus
1636 705 1684 728 ter
1693 700 1729 727 ab
1740 708 1776 726 eo

1534 735 1610 762 bene
1629 734 1741 769 gestis,

1501 769 1650 795 exercitus
1683 768 1775 802 impe-

1521 803 1597 829 rium
1612 806 1641 828 υῑ
1659 809 1757 828 muro-

1499 845 1564 863 rum
1582 835 1757 863 custodiam.

767 1923 790 1969 ὁ
833 1925 898 1976 δὲ,
938 1919 1062 1977 αὖτις
1105 1926 1321 1970 διαλιπών
1360 1927 1438 1979 τοὶς
1495 1934 1577 1974 278
