1904 3304
479 267 563 306 624

891 264 1360 305 HERODOTI

480 371 656 429 ἀγρίου·
697 375 858 430 ἔλαφος
888 375 934 418 δὲ
963 373 1036 418 καὶ
1065 370 1117 425 ὗς
1142 372 1293 430 ἄγριος
1318 375 1365 419 ἓν
1384 375 1527 434 Λιβύῃ
1557 377 1735 434 πάμπαν
1747 384 1789 419 15

452 448 474 484 4
485 444 567 488 οὐκ
596 445 695 488 ἔστι.

757 449 881 501 μυῶν
925 446 971 489 δὲ
1009 446 1135 502 γένεα
1174 446 1296 501 τριξὰ
1338 444 1494 491 αὐτόθι
1523 449 1632 492 ἐστί·
1691 451 1734 492 οἱ

479 516 579 570 μὲν,
614 517 785 568 δίποδες
813 517 1055 561 καλέονται·
1101 519 1144 561 οἱ
1172 517 1241 572 δὲ,
1271 516 1467 574 ζεγέριες·
1506 518 1555 563 τὰ
1585 520 1630 564 δὲ
1660 519 1734 563 οὔ·

481 702 629 753 ἔλαφος
658 701 700 743 δὲ
719 699 786 741 καὶ
809 695 858 748 ὗς
883 698 1019 755 ἄγριος
1041 699 1082 741 ἓν

425 755 564 814 Λιβύῃ
586 755 756 811 πάμπαν
776 755 851 797 οὐκ
865 757 959 809 ἔστι]
982 759 1083 795 Idem

425 818 542 854 tradit
560 816 749 854 Aristotel.
773 816 822 852 H.
842 814 888 853 A.
909 815 1006 863 VIII,
1028 817 1082 854 28

424 887 460 924 p.
485 875 566 914 919
593 873 637 910 B.
670 878 707 911 et
743 873 790 909 ad
820 885 945 909 cervos
983 871 1084 920 quod

425 931 560 967 attinet
580 930 715 966 Plinius
737 930 785 965 H.
808 928 855 965 N.
876 928 960 965 VIII
977 927 1085 975 (51),

427 988 502 1032 33,
531 985 603 1022 alii.
632 985 842 1032 „Herodoti
868 997 969 1031 aevo,
997 985 1084 1020 scri-

425 1043 480 1079 bit
507 1042 681 1088 Wessel„
730 1043 823 1078 cervi
849 1045 885 1078 et
909 1043 991 1090 apri
1019 1039 1085 1076 Li-

424 1099 520 1147 byae
561 1099 590 1134 si
631 1099 831 1143 defuerint,
889 1097 1082 1134 (licendum

427 1156 496 1192 erit
525 1154 673 1192 aliunde
703 1155 739 1190 in
762 1154 952 1201 regionem
975 1154 1084 1189 deve-

426 1211 545 1248 nisse:
584 1223 667 1247 nam
687 1210 845 1258 conspici
865 1209 945 1245 istic
967 1213 1004 1245 et
1022 1221 1083 1245 ve-

426 1271 517 1304 natu
551 1267 718 1316 intercipi
755 1265 877 1301 (locuit
906 1264 1082 1301 Gataker.

425 1322 579 1359 Miscell.
598 1322 644 1371 II,
669 1323 693 1361 8
723 1327 761 1359 et
780 1321 898 1358 Shaw.
916 1321 1040 1357 itiner.
1067 1320 1084 1355 I

426 1392 465 1430 p.
490 1379 613 1418 323.“
645 1379 741 1421 Quin
757 1379 792 1414 in
811 1378 970 1427 picturis,
991 1388 1082 1425 quas

427 1435 600 1473 exhibent
639 1435 839 1483 Cyrenaica
879 1434 1084 1483 hypogaea,

428 1491 648 1541 conspicitur
678 1503 823 1536 cerVuS,
862 1494 954 1527 teste
972 1489 1082 1526 Pach.

428 1548 602 1597 (Voyage
626 1551 694 1585 etc.
718 1561 755 1597 p.
777 1549 858 1587 206
878 1559 977 1595 seq.‚
1023 1545 1085 1594 qui

429 1617 452 1642 a
475 1604 624 1641 Graecis
652 1605 689 1640 in
709 1603 946 1652 Cyrenaicam
968 1602 1085 1638 addu-

429 1664 525 1699 ctum
547 1661 727 1697 existimat
747 1672 909 1706 cervum,
939 1659 1084 1696 Dianae

429 1729 453 1754 a
475 1717 672 1764 Cyrenaeis
690 1717 842 1753 maxime
863 1717 980 1752 cultae
999 1727 1085 1751 con-

430 1777 618 1809 secratum.
681 1773 722 1809 ln
762 1772 932 1809 Arsinoes
975 1783 1085 1808 numo

428 1829 514 1865 item
550 1829 770 1879 conspicitur
801 1841 950 1872 cervus,
990 1831 1086 1865 teste

430 1884 578 1922 Eclxhel.
598 1885 644 1922 D.
666 1884 715 1922 N.
742 1885 792 1921 lv
820 1898 857 1935 p.
882 1885 972 1923 127.
1034 1883 1086 1920 Ac

431 1953 539 1986 sane,
597 1944 638 1977 ut
684 1945 806 1976 monet
845 1940 1084 1986 Leuckartus,

429 1997 646 2034 Bossmann.
691 2002 728 2033 et
761 1996 879 2033 Labat
917 1995 952 2031 in
990 1999 1088 2032 terra

431 2053 576 2090 Guinea
594 2053 742 2102 reperiri
763 2065 887 2089 cervos
907 2055 1086 2097 asserunt,

432 2122 525 2163 quos
548 2110 586 2145 in
608 2110 703 2146 terra
723 2109 897 2145 Barbarci
922 2121 1002 2145 esse
1025 2108 1087 2144 di-

431 2167 483 2202 xit
502 2166 630 2212 Shaw,
673 2170 708 2202 et
735 2166 771 2201 in
802 2163 993 2212 Abyssinia
1011 2164 1088 2200 Lu-

432 2221 555 2272 dolph.
573 2225 667 2258 teste
684 2222 967 2258 Zixnmermann.
987 2221 1018 2255 G
1027 2233 1089 2257 eo-

432 2278 563 2328 graph.
583 2278 716 2314 Gesch.
738 2283 805 2314 etc.
834 2277 848 2313 I
877 2290 913 2327 p.
946 2278 1027 2317 232
1053 2280 1089 2313 et

432 2336 529 2373 233.
584 2334 800 2381 Intelligitur
826 2332 950 2384 procul
978 2333 1088 2369 dubio

436 2390 564 2426 Cervus
590 2389 702 2425 Dama
723 2390 831 2426 Linn.
856 2391 1027 2438 frequens
1050 2390 1087 2425 in

432 2445 634 2494 Abyssinia.
679 2445 731 2481 Ac
752 2447 933 2482 desectum
965 2458 1087 2482 cervo-

432 2515 511 2538 rum
532 2502 651 2538 multis
682 2503 923 2551 antiloparum
949 2502 1089 2551 specic-

434 2559 502 2594 bus
531 2559 618 2594 satis
647 2558 874 2607 compensari
898 2558 996 2594 idom
1023 2558 1087 2594 ob-

434 2619 576 2660 s‹·rvat;
615 2626 687 2662 quo
715 2614 842 2650 codem
871 2614 1089 2652 observante

435 2682 496 2706 sus
515 2683 580 2720 per
600 2670 783 2718 Europam
804 2671 975 2717 frequens
995 2669 1090 2719 (Sus

437 2726 569 2775 Scrofa
590 2726 716 2774 Linn.)
747 2727 805 2762 vix
836 2726 982 2773 quidem
1012 2727 1090 2763 scra

434 2784 615 2832 reperitur
633 2795 699 2832 per
718 2781 894 2828 Africam,
919 2782 977 2817 ubi
999 2781 1090 2819 aliae

436 2840 617 2887 quaedam
648 2843 788 2875 exstare
816 2839 983 2874 dicuntur
1004 2850 1089 2887 spc-

438 2895 530 2942 cies,
561 2906 581 2932 e
600 2895 730 2945 quibus
750 2894 1010 2932 lecochoerus
1028 2894 1090 2932 Fr.

1139 703 1228 740 Cuv.
1262 701 1641 753 (Warzenschwein);
1679 702 1791 740 Phae.

1140 757 1238 807 (sus)
1260 759 1480 809 aethiopicus
1501 764 1537 797 et
1561 760 1668 797 Phae.
1690 760 1791 808 (sus)

1139 814 1349 861 Africanus,
1393 817 1564 864 frequens
1585 817 1622 852 in
1641 817 1792 864 regione

1140 871 1333 908 Kordosan
1352 874 1390 908 et
1405 871 1598 920 Abyssinia
1617 871 1793 918 orientali,

1145 927 1207 963 ubi
1227 928 1362 964 invenit
1388 927 1560 978 Riippell.
1590 928 1730 975 (Atlas.
1758 926 1793 964 11

1139 984 1213 1020 tab.
1237 983 1288 1023 25
1318 997 1355 1033 p.
1373 987 1422 1024 61
1449 985 1494 1031 f.)
1537 985 1593 1021 Cf.
1614 984 1675 1021 Fr.
1700 985 1793 1021 CuV.

1139 1038 1305 1076 Memoir.
1343 1040 1392 1076 du
1430 1041 1527 1077 Mus.
1557 1040 1666 1077 Tom.
1697 1039 1793 1077 Vlll.

1139 1094 1194 1131 Eo
1208 1096 1329 1142 igitur,
1341 1097 1463 1143 credo,
1476 1098 1541 1133 erit
1552 1097 1793 1142 referendum,

1140 1153 1240 1199 quod
1252 1152 1356 1187 Pach.
1371 1152 1541 1201 (voyage
1564 1165 1608 1189 en
1620 1152 1793 1190 Marmar.

1141 1212 1209 1244 etc.
1232 1220 1268 1256 p.
1281 1206 1382 1255 244)
1402 1210 1541 1254 asserit,
1564 1221 1662 1245 suem
1682 1209 1795 1246 feram

1140 1275 1207 1313 per
1233 1275 1375 1300 omnem
1404 1263 1544 1312 Libyae
1572 1265 1790 1314 septentrio-

1139 1318 1231 1356 nalis
1249 1323 1389 1369 partem
1411 1320 1613 1357 sabulosam
1630 1320 1792 1371 reperiri.

1195 1375 1354 1421 δίποδες
1370 1374 1588 1425 καλέονται]
1619 1376 1790 1414 Comme-

1139 1436 1323 1468 morantur
1355 1433 1391 1469 hi
1420 1446 1538 1470 mures
1573 1446 1594 1471 a
1631 1433 1791 1482 pluribus

1140 1488 1375 1537 scriptoribus
1388 1517 1399 1535 ‚
1445 1502 1537 1537 quos
1556 1489 1700 1537 com-git
1717 1489 1794 1526 Bo-

1141 1545 1252 1581 chart.
1271 1544 1419 1581 Hieroz.
1440 1545 1487 1581 llI
1508 1559 1537 1582 c.
1555 1547 1609 1586 33
1630 1559 1666 1595 p.
1686 1547 1791 1586 1010

1141 1613 1216 1649 seq.
1229 1631 1239 1648 ‚
1268 1602 1415 1638 nomine
1434 1601 1606 1639 bestiolae
1626 1602 1710 1638 inde
1726 1602 1794 1638 ‹lu-

1140 1660 1221 1702 cto,
1278 1657 1376 1705 quod
1425 1658 1644 1707 posteriores
1680 1658 1793 1708 pedes

1140 1713 1318 1762 prioribus
1358 1713 1406 1749 illi
1445 1714 1579 1751 habent
1613 1713 1794 1763 longiores

1141 1770 1312 1816 adeoque
1329 1769 1423 1805 binis
1440 1770 1595 1819 pedibus
1617 1771 1691 1807 fere
1713 1782 1798 1818 gra-

1143 1825 1300 1862 diuntur.
1355 1825 1421 1861 Est
1442 1826 1537 1863 enim
1561 1827 1798 1875 cogitandum

1144 1881 1191 1918 de
1224 1894 1318 1917 mure
1342 1881 1468 1927 jaculo
1497 1894 1525 1918 S.
1554 1894 1647 1919 mure
1668 1881 1797 1929 jerbmt

1142 1936 1248 1974 Linn.
1268 1937 1426 1983 (Gallice
1446 1937 1639 1988 gerboiw),
1667 1943 1705 1975 ut
1720 1951 1799 1974 mo-

1142 2003 1206 2030 net
1230 1994 1372 2029 Cnx‘ier.
1396 1995 1442 2030 ad
1465 1994 1556 2031 Plin.
1579 1996 1625 2031 H.
1643 1994 1691 2032 N.
1713 1994 1799 2031 VIII

1143 2051 1259 2097 (55),
1291 2051 1356 2089 57.
1386 2051 1518 2087 Shawii
1541 2056 1578 2088 et
1599 2051 1719 2087 Brucii
1741 2056 1799 2088 te-

1143 2106 1345 2142 stimonium
1366 2107 1530 2143 excitavit
1552 2120 1696 2156 quoque
1706 2107 1799 2144 Lar-

1144 2163 1282 2200 clierus.
1312 2162 1493 2210 Equidem
1516 2163 1612 2200 addo
1633 2164 1800 2200 testimo-

1145 2220 1244 2255 nium
1278 2219 1513 2256 recentissimi
1546 2219 1799 2269 peregrinato-

1146 2276 1195 2311 ris
1208 2304 1218 2320 ,
1249 2274 1358 2311 Pach.
1380 2275 1551 2324 (Voyage
1570 2280 1637 2313 etc.
1654 2288 1690 2325 p.
1711 2275 1798 2321 62),

1145 2332 1205 2380 qui
1225 2332 1290 2367 hos
1311 2344 1428 2369 mures
1450 2332 1567 2368 adhuc
1586 2333 1795 2379 frequentes

1143 2401 1210 2439 per
1228 2387 1478 2424 Marmaricam
1507 2387 1655 2437 reperiri
1681 2398 1797 2434 acque

1144 2457 1186 2480 ac
1218 2443 1342 2493 lupos,
1390 2444 1578 2490 chacalos,
1623 2443 1797 2492 hyaenam,

1142 2500 1329 2548 hystrices.

1202 2550 1385 2607 ζεγέριες]
1424 2553 1639 2602 „Hesychio
1672 2552 1687 2590 Ι
1713 2565 1797 2603 pag.

1149 2614 1256 2653 1580
1278 2611 1440 2661 ζεγερίαι
1462 2611 1686 2661 explicantur
1707 2610 1799 2659 βου-

1145 2667 1224 2715 νοὶ,
1247 2668 1346 2705 colles
1369 2665 1421 2717 [ut
1439 2667 1500 2713 IV,
1527 2668 1617 2706 158.
1638 2664 1731 2716 199]
1751 2678 1797 2702 an

1146 2725 1246 2774 quod
1272 2725 1309 2760 in
1337 2723 1485 2760 collibus
1510 2722 1639 2760 cubilia
1665 2734 1798 2772 posue-

1147 2782 1251 2817 rint?
1292 2780 1399 2823 Quae
1423 2780 1569 2828 quidem
1591 2778 1798 2829 impeditior

1146 2838 1241 2874 soret
1262 2836 1425 2872 vocabuli
1446 2836 1637 2885 expositio.
1654 2855 1710 2861 —
1724 2834 1799 2870 Bo·-

1147 2893 1260 2930 chart.
1281 2891 1362 2930 Col.
1383 2892 1520 2931 Phoen.
1542 2891 1684 2940 refingit
1707 2890 1798 2941 βου-
