<?xml version="1.0" encoding="UTF-8"?>
<!DOCTYPE html PUBLIC "-//W3C//DTD XHTML 1.0 Transitional//EN"
    "http://www.w3.org/TR/xhtml1/DTD/xhtml1-transitional.dtd">
<html xmlns="http://www.w3.org/1999/xhtml" xml:lang="en" lang="en">
 <head>
  <title>
</title>
<meta http-equiv="Content-Type" content="text/html;charset=utf-8" />
  <meta name='ocr-system' content='tesseract 3.04.00' />
  <meta name='ocr-capabilities' content='ocr_page ocr_carea ocr_par ocr_line ocrx_word'/>
</head>
<body>
  <div class='ocr_page' id='page_1' title='image "./musaeherodoto02hero_0211.png"; bbox 0 0 1904 3304; ppageno 0'>
   <div class='ocr_carea' id='block_1_1' title="bbox 613 200 1487 241">
    <p class='ocr_par' dir='ltr' id='par_1_1' title="bbox 613 200 1487 241">
     <span class='ocr_line' id='line_1_1' title="bbox 613 200 1487 241; baseline 0.001 -1"><span class='ocrx_word' id='word_1_1' title='bbox 613 200 649 240; x_wconf 84' lang='lat' dir='ltr'><strong>T</strong></span> <span class='ocrx_word' id='word_1_2' title='bbox 680 201 717 239; x_wconf 90' lang='lat' dir='ltr'>H</span> <span class='ocrx_word' id='word_1_3' title='bbox 746 200 778 238; x_wconf 90' lang='lat' dir='ltr'>A</span> <span class='ocrx_word' id='word_1_4' title='bbox 808 200 840 239; x_wconf 94' lang='lat' dir='ltr'>L</span> <span class='ocrx_word' id='word_1_5' title='bbox 870 201 889 240; x_wconf 83' lang='lat'>1</span> <span class='ocrx_word' id='word_1_6' title='bbox 917 201 962 239; x_wconf 74' lang='lat' dir='ltr'>A,</span> <span class='ocrx_word' id='word_1_7' title='bbox 1022 200 1084 239; x_wconf 84' lang='lat'><em>111.</em></span> <span class='ocrx_word' id='word_1_8' title='bbox 1402 202 1487 241; x_wconf 79' lang='lat'>203</span> 
     </span>
    </p>
   </div>
   <div class='ocr_carea' id='block_1_2' title="bbox 186 307 1545 581">
    <p class='ocr_par' dir='ltr' id='par_1_2' title="bbox 186 307 1545 581">
     <span class='ocr_line' id='line_1_2' title="bbox 211 307 1488 368; baseline -0.002 -15"><span class='ocrx_word' id='word_1_9' title='bbox 211 327 281 353; x_wconf 83' lang='grc' dir='ltr'><em>ται</em></span> <span class='ocrx_word' id='word_1_10' title='bbox 317 309 506 368; x_wconf 80' lang='grc' dir='ltr'><em>βύρσῃσι</em></span> <span class='ocrx_word' id='word_1_11' title='bbox 543 311 616 354; x_wconf 83' lang='grc' dir='ltr'><em>καὶ</em></span> <span class='ocrx_word' id='word_1_12' title='bbox 646 310 829 366; x_wconf 80' lang='grc' dir='ltr'><em>δέρμασι</em></span> <span class='ocrx_word' id='word_1_13' title='bbox 868 309 1038 355; x_wconf 76' lang='grc' dir='ltr'><em>ἄλλοισι</em></span> <span class='ocrx_word' id='word_1_14' title='bbox 1065 312 1154 353; x_wconf 79' lang='grc' dir='ltr'>πᾶν</span> <span class='ocrx_word' id='word_1_15' title='bbox 1181 307 1230 352; x_wconf 78' lang='grc' dir='ltr'>τὸ</span> <span class='ocrx_word' id='word_1_16' title='bbox 1262 310 1388 364; x_wconf 75' lang='grc' dir='ltr'><em>σῶμα</em></span> <span class='ocrx_word' id='word_1_17' title='bbox 1413 309 1488 352; x_wconf 84' lang='grc' dir='ltr'><em>καὶ</em></span> 
     </span>
     <span class='ocr_line' id='line_1_3' title="bbox 212 379 1487 438; baseline -0.002 -15"><span class='ocrx_word' id='word_1_18' title='bbox 212 380 261 424; x_wconf 83' lang='grc' dir='ltr'>τό</span> <span class='ocrx_word' id='word_1_19' title='bbox 292 380 549 435; x_wconf 86' lang='grc' dir='ltr'><em>πρόσωπον,</em></span> <span class='ocrx_word' id='word_1_20' title='bbox 589 383 703 438; x_wconf 77' lang='grc' dir='ltr'><em>πλὴν</em></span> <span class='ocrx_word' id='word_1_21' title='bbox 733 381 880 426; x_wconf 76' lang='grc' dir='ltr'><em>αὐτῶν</em></span> <span class='ocrx_word' id='word_1_22' title='bbox 909 386 998 425; x_wconf 81' lang='grc' dir='ltr'>τῶν</span> <span class='ocrx_word' id='word_1_23' title='bbox 1027 380 1295 437; x_wconf 77' lang='grc' dir='ltr'><em>ὀφθαλμῶν,</em></span> <span class='ocrx_word' id='word_1_24' title='bbox 1335 379 1487 434; x_wconf 53' lang='grc' dir='ltr'><em>ἔρχονι</em></span> 
     </span>
     <span class='ocr_line' id='line_1_4' title="bbox 186 451 1545 510; baseline -0.002 -15"><span class='ocrx_word' id='word_1_25' title='bbox 186 460 287 495; x_wconf 69' lang='grc' dir='ltr'><em>Ξται</em></span> <span class='ocrx_word' id='word_1_26' title='bbox 327 453 397 495; x_wconf 78' lang='grc' dir='ltr'>ἐπὶ</span> <span class='ocrx_word' id='word_1_27' title='bbox 434 452 514 509; x_wconf 87' lang='grc' dir='ltr'>τὴν</span> <span class='ocrx_word' id='word_1_28' title='bbox 543 456 711 509; x_wconf 71' lang='grc' dir='ltr'><em>κασίην.</em></span> <span class='ocrx_word' id='word_1_29' title='bbox 767 453 794 510; x_wconf 79' lang='grc' dir='ltr'><strong><em>ἡ</em></strong></span> <span class='ocrx_word' id='word_1_30' title='bbox 831 454 874 497; x_wconf 78' lang='grc' dir='ltr'>δὲ</span> <span class='ocrx_word' id='word_1_31' title='bbox 905 453 951 496; x_wconf 75' lang='grc' dir='ltr'>ἓν</span> <span class='ocrx_word' id='word_1_32' title='bbox 980 455 1110 510; x_wconf 81' lang='grc' dir='ltr'><em>λίμνῃ</em></span> <span class='ocrx_word' id='word_1_33' title='bbox 1142 452 1300 508; x_wconf 89' lang='grc' dir='ltr'><em>φύεται</em></span> <span class='ocrx_word' id='word_1_34' title='bbox 1330 451 1384 493; x_wconf 89' lang='grc' dir='ltr'>ου’</span> <span class='ocrx_word' id='word_1_35' title='bbox 1415 452 1545 506; x_wconf 83' lang='grc' dir='ltr'><em>βα-95</em></span> 
     </span>
     <span class='ocr_line' id='line_1_5' title="bbox 212 522 1490 581; baseline -0.001 -15"><span class='ocrx_word' id='word_1_36' title='bbox 212 523 314 580; x_wconf 78' lang='grc' dir='ltr'>θὲῃ·</span> <span class='ocrx_word' id='word_1_37' title='bbox 349 526 447 579; x_wconf 86' lang='grc' dir='ltr'><em>περὶ</em></span> <span class='ocrx_word' id='word_1_38' title='bbox 465 526 510 568; x_wconf 79' lang='grc' dir='ltr'>δὲ</span> <span class='ocrx_word' id='word_1_39' title='bbox 532 524 670 580; x_wconf 73' lang='grc' dir='ltr'><em>αὐτὴν</em></span> <span class='ocrx_word' id='word_1_40' title='bbox 701 526 773 568; x_wconf 82' lang='grc' dir='ltr'><em>καὶ</em></span> <span class='ocrx_word' id='word_1_41' title='bbox 803 524 850 567; x_wconf 81' lang='grc' dir='ltr'>ἐν</span> <span class='ocrx_word' id='word_1_42' title='bbox 879 522 990 581; x_wconf 81' lang='grc' dir='ltr'><em>αὐτῇ</em></span> <span class='ocrx_word' id='word_1_43' title='bbox 1013 523 1228 576; x_wconf 80' lang='grc' dir='ltr'><em>αὐλίζεταί</em></span> <span class='ocrx_word' id='word_1_44' title='bbox 1250 539 1332 566; x_wconf 88' lang='grc' dir='ltr'>κου</span> <span class='ocrx_word' id='word_1_45' title='bbox 1351 524 1490 578; x_wconf 76' lang='grc' dir='ltr'><em>θηρία</em></span> 
     </span>
    </p>
   </div>
   <div class='ocr_carea' id='block_1_3' title="bbox 188 593 1628 722">
    <p class='ocr_par' dir='ltr' id='par_1_3' title="bbox 188 593 1628 722">
     <span class='ocr_line' id='line_1_6' title="bbox 214 593 1487 654; baseline -0.001 -17"><span class='ocrx_word' id='word_1_46' title='bbox 214 596 436 649; x_wconf 81' lang='grc' dir='ltr'><em>πτερωτὰ,</em></span> <span class='ocrx_word' id='word_1_47' title='bbox 487 601 587 654; x_wconf 78' lang='grc' dir='ltr'><em>τῇσι</em></span> <span class='ocrx_word' id='word_1_48' title='bbox 623 598 843 651; x_wconf 79' lang='grc' dir='ltr'><em>νυκτερίσι</em></span> <span class='ocrx_word' id='word_1_49' title='bbox 872 597 1132 651; x_wconf 83' lang='grc' dir='ltr'><em>προσείκελα</em></span> <span class='ocrx_word' id='word_1_50' title='bbox 1167 593 1370 650; x_wconf 75' lang='grc' dir='ltr'><em>μάλιστα,</em></span> <span class='ocrx_word' id='word_1_51' title='bbox 1416 593 1487 637; x_wconf 79' lang='grc' dir='ltr'><em>καὶ</em></span> 
     </span>
     <span class='ocr_line' id='line_1_7' title="bbox 188 663 1628 722; baseline 0.003 -16"><span class='ocrx_word' id='word_1_52' title='bbox 188 665 380 722; x_wconf 79' lang='grc' dir='ltr'><em>3τέτριγε</em></span> <span class='ocrx_word' id='word_1_53' title='bbox 404 668 575 721; x_wconf 84' lang='grc' dir='ltr'><em>δεινὸν,</em></span> <span class='ocrx_word' id='word_1_54' title='bbox 610 668 683 712; x_wconf 77' lang='grc' dir='ltr'><em>καὶ</em></span> <span class='ocrx_word' id='word_1_55' title='bbox 715 669 757 718; x_wconf 77' lang='grc' dir='ltr'>ἐς</span> <span class='ocrx_word' id='word_1_56' title='bbox 786 665 922 722; x_wconf 67' lang='grc' dir='ltr'><em>ἀλκήν</em></span> <span class='ocrx_word' id='word_1_57' title='bbox 952 664 1126 722; x_wconf 75' lang='grc' dir='ltr'><em>ἄλκιμα.</em></span> <span class='ocrx_word' id='word_1_58' title='bbox 1159 665 1212 708; x_wconf 75' lang='grc' dir='ltr'>τά</span> <span class='ocrx_word' id='word_1_59' title='bbox 1243 664 1296 720; x_wconf 84' lang='grc' dir='ltr'>δὴ</span> <span class='ocrx_word' id='word_1_60' title='bbox 1318 663 1489 720; x_wconf 78' lang='grc' dir='ltr'><em>ἄπαμυ·</em></span> <span class='ocrx_word' id='word_1_61' title='bbox 1545 670 1628 711; x_wconf 77' lang='grc'>253</span> 
     </span>
    </p>
   </div>
   <div class='ocr_carea' id='block_1_4' title="bbox 215 735 1489 794">
    <p class='ocr_par' dir='ltr' id='par_1_4' title="bbox 215 735 1489 794">
     <span class='ocr_line' id='line_1_8' title="bbox 215 735 1489 794; baseline 0 -15"><span class='ocrx_word' id='word_1_62' title='bbox 215 738 429 793; x_wconf 84' lang='grc' dir='ltr'><em>νομένους</em></span> <span class='ocrx_word' id='word_1_63' title='bbox 469 738 555 784; x_wconf 74' lang='grc' dir='ltr'>ἀπὸ</span> <span class='ocrx_word' id='word_1_64' title='bbox 593 743 683 783; x_wconf 79' lang='grc' dir='ltr'>τῶν</span> <span class='ocrx_word' id='word_1_65' title='bbox 722 738 989 794; x_wconf 73' lang='grc' dir='ltr'><em>ὀφθαλμῶν,</em></span> <span class='ocrx_word' id='word_1_66' title='bbox 1039 737 1155 780; x_wconf 81' lang='grc' dir='ltr'><em>οὕτω</em></span> <span class='ocrx_word' id='word_1_67' title='bbox 1200 738 1375 791; x_wconf 82' lang='grc' dir='ltr'><em>δρέπειν</em></span> <span class='ocrx_word' id='word_1_68' title='bbox 1409 735 1489 793; x_wconf 83' lang='grc' dir='ltr'>τὴν</span> 
     </span>
    </p>
   </div>
   <div class='ocr_carea' id='block_1_5' title="bbox 71 807 1794 867">
    <p class='ocr_par' dir='ltr' id='par_1_5' title="bbox 71 807 1794 867">
     <span class='ocr_line' id='line_1_9' title="bbox 71 807 1794 867; baseline 0 -16"><span class='ocrx_word' id='word_1_69' title='bbox 71 808 166 852; x_wconf 89' lang='grc'>111</span> <span class='ocrx_word' id='word_1_70' title='bbox 214 812 381 867; x_wconf 76' lang='grc' dir='ltr'><em>κασίην.</em></span> <span class='ocrx_word' id='word_1_71' title='bbox 445 811 503 854; x_wconf 87' lang='grc' dir='ltr'>Τὸ</span> <span class='ocrx_word' id='word_1_72' title='bbox 536 812 581 854; x_wconf 79' lang='grc' dir='ltr'>δὲ</span> <span class='ocrx_word' id='word_1_73' title='bbox 612 811 665 866; x_wconf 75' lang='grc' dir='ltr'>δὴ</span> <span class='ocrx_word' id='word_1_74' title='bbox 693 808 979 865; x_wconf 73' lang='grc' dir='ltr'><em>κιννάμωμον</em></span> <span class='ocrx_word' id='word_1_75' title='bbox 1017 809 1078 851; x_wconf 77' lang='grc' dir='ltr'>ἔτι</span> <span class='ocrx_word' id='word_1_76' title='bbox 1106 807 1276 851; x_wconf 85' lang='grc' dir='ltr'><em>τούτων</em></span> <span class='ocrx_word' id='word_1_77' title='bbox 1305 814 1487 865; x_wconf 79' lang='grc' dir='ltr'><em>θωυμα-</em></span> <span class='ocrx_word' id='word_1_78' title='bbox 1568 811 1794 839; x_wconf 61' lang='lat'>(7³¹¹¹¹÷¹¹¹¹⁰¹¹¹¹¹¹¹¹</span> 
     </span>
    </p>
   </div>
   <div class='ocr_carea' id='block_1_6' title="bbox 1546 846 1823 879">
    <p class='ocr_par' dir='ltr' id='par_1_6' title="bbox 1546 846 1823 879">
     <span class='ocr_line' id='line_1_10' title="bbox 1546 846 1823 879; baseline 0 -8"><span class='ocrx_word' id='word_1_79' title='bbox 1546 854 1564 872; x_wconf 83' lang='lat' dir='ltr'>a</span> <span class='ocrx_word' id='word_1_80' title='bbox 1584 847 1749 879; x_wconf 64' lang='lat' dir='ltr'>grandibus</span> <span class='ocrx_word' id='word_1_81' title='bbox 1768 846 1823 872; x_wconf 83' lang='lat' dir='ltr'>ali—</span> 
     </span>
    </p>
   </div>
   <div class='ocr_carea' id='block_1_7' title="bbox 216 877 1826 937">
    <p class='ocr_par' dir='ltr' id='par_1_7' title="bbox 216 877 1826 937">
     <span class='ocr_line' id='line_1_11' title="bbox 216 877 1826 937; baseline -0.001 -14"><span class='ocrx_word' id='word_1_82' title='bbox 216 880 421 936; x_wconf 83' lang='grc' dir='ltr'><em>στότερον</em></span> <span class='ocrx_word' id='word_1_83' title='bbox 458 881 725 937; x_wconf 82' lang='grc' dir='ltr'><em>συλλέγουσι.</em></span> <span class='ocrx_word' id='word_1_84' title='bbox 799 880 909 924; x_wconf 78' lang='grc' dir='ltr'><em>ὅκου</em></span> <span class='ocrx_word' id='word_1_85' title='bbox 950 880 1028 936; x_wconf 77' lang='grc' dir='ltr'>μὲν</span> <span class='ocrx_word' id='word_1_86' title='bbox 1067 879 1151 934; x_wconf 73' lang='grc' dir='ltr'>γὰρ</span> <span class='ocrx_word' id='word_1_87' title='bbox 1180 880 1365 934; x_wconf 78' lang='grc' dir='ltr'><em>γίνεται,</em></span> <span class='ocrx_word' id='word_1_88' title='bbox 1412 880 1514 923; x_wconf 57' lang='lat' dir='ltr'>uait</span> <span class='ocrx_word' id='word_1_89' title='bbox 1546 877 1627 906; x_wconf 52' lang='grc' dir='ltr'>ΜΝΞ</span> <span class='ocrx_word' id='word_1_90' title='bbox 1655 888 1691 905; x_wconf 67' lang='lat'>‘&#39;⁴“-</span> <span class='ocrx_word' id='word_1_91' title='bbox 1720 880 1826 913; x_wconf 52' lang='lat' dir='ltr'>*³¹¹⁰OE</span> 
     </span>
    </p>
   </div>
   <div class='ocr_carea' id='block_1_8' title="bbox 1548 913 1826 947">
    <p class='ocr_par' dir='ltr' id='par_1_8' title="bbox 1548 913 1826 947">
     <span class='ocr_line' id='line_1_12' title="bbox 1548 913 1826 947; baseline 0 -7"><span class='ocrx_word' id='word_1_92' title='bbox 1548 915 1674 947; x_wconf 76' lang='lat' dir='ltr'>regione</span> <span class='ocrx_word' id='word_1_93' title='bbox 1700 913 1826 940; x_wconf 74' lang='lat' dir='ltr'>aliatum</span> 
     </span>
    </p>
   </div>
   <div class='ocr_carea' id='block_1_9' title="bbox 217 946 1826 1009">
    <p class='ocr_par' dir='ltr' id='par_1_9' title="bbox 217 946 1826 1009">
     <span class='ocr_line' id='line_1_13' title="bbox 217 946 1826 1009; baseline -0.003 -14"><span class='ocrx_word' id='word_1_94' title='bbox 217 951 311 1007; x_wconf 76' lang='grc' dir='ltr'><em>ἥτις</em></span> <span class='ocrx_word' id='word_1_95' title='bbox 347 970 422 1009; x_wconf 88' lang='grc' dir='ltr'>μιν</span> <span class='ocrx_word' id='word_1_96' title='bbox 460 958 514 1009; x_wconf 77' lang='grc' dir='ltr'>γῆ</span> <span class='ocrx_word' id='word_1_97' title='bbox 553 952 579 1009; x_wconf 82' lang='grc' dir='ltr'><strong><em>ἡ</em></strong></span> <span class='ocrx_word' id='word_1_98' title='bbox 618 951 844 1008; x_wconf 74' lang='grc' dir='ltr'><em>τρέφουσα</em></span> <span class='ocrx_word' id='word_1_99' title='bbox 880 953 994 1003; x_wconf 75' lang='grc' dir='ltr'><em>ἐστι,</em></span> <span class='ocrx_word' id='word_1_100' title='bbox 1044 949 1127 995; x_wconf 80' lang='grc' dir='ltr'>οὐκ</span> <span class='ocrx_word' id='word_1_101' title='bbox 1158 951 1305 1006; x_wconf 74' lang='grc' dir='ltr'><em>ἔχουσι</em></span> <span class='ocrx_word' id='word_1_102' title='bbox 1335 950 1489 991; x_wconf 84' lang='grc' dir='ltr'><em>εἰπεῖν·</em></span> <span class='ocrx_word' id='word_1_103' title='bbox 1549 946 1826 973; x_wconf 59' lang='grc' dir='ltr'>ῐ““”ῑ“03“(’“1“ῑ·“ῑ“</span> 
     </span>
    </p>
   </div>
   <div class='ocr_carea' id='block_1_10' title="bbox 215 1021 1495 1082">
    <p class='ocr_par' dir='ltr' id='par_1_10' title="bbox 215 1021 1495 1082">
     <span class='ocr_line' id='line_1_14' title="bbox 215 1021 1495 1082; baseline -0.002 -16"><span class='ocrx_word' id='word_1_104' title='bbox 215 1023 331 1079; x_wconf 70' lang='grc' dir='ltr'><em>πλήν</em></span> <span class='ocrx_word' id='word_1_105' title='bbox 359 1024 448 1077; x_wconf 85' lang='grc' dir='ltr'><em>ὅτι,</em></span> <span class='ocrx_word' id='word_1_106' title='bbox 499 1024 614 1082; x_wconf 74' lang='grc' dir='ltr'><em>λόγῳ</em></span> <span class='ocrx_word' id='word_1_107' title='bbox 649 1024 787 1067; x_wconf 84' lang='grc' dir='ltr'><em>οἰκότι</em></span> <span class='ocrx_word' id='word_1_108' title='bbox 824 1022 1089 1079; x_wconf 82' lang='grc' dir='ltr'><em>χρεώμενοι,</em></span> <span class='ocrx_word' id='word_1_109' title='bbox 1138 1021 1185 1066; x_wconf 78' lang='grc' dir='ltr'>ἐν</span> <span class='ocrx_word' id='word_1_110' title='bbox 1215 1022 1376 1064; x_wconf 80' lang='grc' dir='ltr'><em>τοισίόε</em></span> <span class='ocrx_word' id='word_1_111' title='bbox 1405 1037 1495 1076; x_wconf 88' lang='grc' dir='ltr'>χω-</span> 
     </span>
    </p>
   </div>
   <div class='ocr_carea' id='block_1_11' title="bbox 1548 981 1826 1084">
    <p class='ocr_par' dir='ltr' id='par_1_11' title="bbox 1548 981 1826 1084">
     <span class='ocr_line' id='line_1_15' title="bbox 1548 981 1826 1015; baseline -0.004 -8"><span class='ocrx_word' id='word_1_112' title='bbox 1548 981 1603 1007; x_wconf 79' lang='lat' dir='ltr'>bus</span> <span class='ocrx_word' id='word_1_113' title='bbox 1640 981 1826 1015; x_wconf 62' lang='lat' dir='ltr'>inaccessos,</span> 
     </span>
     <span class='ocr_line' id='line_1_16' title="bbox 1552 1016 1826 1048; baseline 0.007 -8"><span class='ocrx_word' id='word_1_114' title='bbox 1552 1016 1698 1048; x_wconf 82' lang='lat' dir='ltr'>quomodo</span> <span class='ocrx_word' id='word_1_115' title='bbox 1722 1023 1826 1042; x_wconf 75' lang='lat' dir='ltr'>conse-</span> 
     </span>
     <span class='ocr_line' id='line_1_17' title="bbox 1553 1053 1691 1084; baseline 0.014 -10"><span class='ocrx_word' id='word_1_116' title='bbox 1553 1053 1691 1084; x_wconf 54' lang='lat' dir='ltr'>(qualitur.</span> 
     </span>
    </p>
   </div>
   <div class='ocr_carea' id='block_1_12' title="bbox 218 1090 1492 1152">
    <p class='ocr_par' dir='ltr' id='par_1_12' title="bbox 218 1090 1492 1152">
     <span class='ocr_line' id='line_1_18' title="bbox 218 1090 1492 1152; baseline -0.004 -13"><span class='ocrx_word' id='word_1_117' title='bbox 218 1097 350 1150; x_wconf 87' lang='grc' dir='ltr'><em>ρίοισί</em></span> <span class='ocrx_word' id='word_1_118' title='bbox 379 1097 489 1152; x_wconf 84' lang='grc' dir='ltr'><em>φασί</em></span> <span class='ocrx_word' id='word_1_119' title='bbox 516 1112 629 1148; x_wconf 80' lang='grc' dir='ltr'><em>τινες</em></span> <span class='ocrx_word' id='word_1_120' title='bbox 655 1094 762 1139; x_wconf 80' lang='grc' dir='ltr'><em>αὐτὸ</em></span> <span class='ocrx_word' id='word_1_121' title='bbox 794 1094 1012 1152; x_wconf 79' lang='grc' dir='ltr'><em>φύεσθαι,</em></span> <span class='ocrx_word' id='word_1_122' title='bbox 1048 1094 1095 1138; x_wconf 79' lang='grc' dir='ltr'>ἐν</span> <span class='ocrx_word' id='word_1_123' title='bbox 1126 1098 1242 1138; x_wconf 90' lang='grc' dir='ltr'><em>τοῖσι</em></span> <span class='ocrx_word' id='word_1_124' title='bbox 1273 1091 1296 1136; x_wconf 88' lang='grc' dir='ltr'>ὁ</span> <span class='ocrx_word' id='word_1_125' title='bbox 1328 1090 1492 1135; x_wconf 88' lang='grc' dir='ltr'><em>Διόνυ-</em></span> 
     </span>
    </p>
   </div>
   <div class='ocr_carea' id='block_1_13' title="bbox 164 1197 379 1201">
    <p class='ocr_par' dir='ltr' id='par_1_13' title="bbox 164 1197 379 1201">
     <span class='ocr_line' id='line_1_19' title="bbox 164 1197 379 1201; baseline 0 0"><span class='ocrx_word' id='word_1_126' title='bbox 164 1197 379 1201; x_wconf 95' lang='lat' dir='ltr'> </span> 
     </span>
    </p>
   </div>
   <div class='ocr_carea' id='block_1_14' title="bbox 165 1259 836 2890">
    <p class='ocr_par' dir='ltr' id='par_1_14' title="bbox 165 1259 835 2327">
     <span class='ocr_line' id='line_1_20' title="bbox 165 1259 825 1309; baseline 0 -13"><span class='ocrx_word' id='word_1_127' title='bbox 165 1261 235 1296; x_wconf 83' lang='lat' dir='ltr'>tius</span> <span class='ocrx_word' id='word_1_128' title='bbox 257 1261 293 1297; x_wconf 90' lang='lat' dir='ltr'>in</span> <span class='ocrx_word' id='word_1_129' title='bbox 308 1260 362 1296; x_wconf 86' lang='lat' dir='ltr'>his</span> <span class='ocrx_word' id='word_1_130' title='bbox 382 1261 564 1309; x_wconf 82' lang='lat' dir='ltr'>agendum</span> <span class='ocrx_word' id='word_1_131' title='bbox 582 1261 725 1297; x_wconf 81' lang='lat' dir='ltr'>videtur</span> <span class='ocrx_word' id='word_1_132' title='bbox 736 1259 825 1296; x_wconf 74' lang='lat' dir='ltr'>Gul-</span> 
     </span>
     <span class='ocr_line' id='line_1_21' title="bbox 166 1316 825 1366; baseline 0 -14"><span class='ocrx_word' id='word_1_133' title='bbox 166 1316 200 1353; x_wconf 80' lang='lat' dir='ltr'>lo</span> <span class='ocrx_word' id='word_1_134' title='bbox 220 1318 409 1366; x_wconf 80' lang='lat' dir='ltr'>interpreti</span> <span class='ocrx_word' id='word_1_135' title='bbox 431 1316 538 1364; x_wconf 79' lang='lat' dir='ltr'>Miot,</span> <span class='ocrx_word' id='word_1_136' title='bbox 558 1318 614 1354; x_wconf 73' lang='lat' dir='ltr'>vel</span> <span class='ocrx_word' id='word_1_137' title='bbox 635 1318 756 1366; x_wconf 81' lang='lat' dir='ltr'>potius</span> <span class='ocrx_word' id='word_1_138' title='bbox 779 1317 825 1363; x_wconf 88' lang='lat' dir='ltr'>ei,</span> 
     </span>
     <span class='ocr_line' id='line_1_22' title="bbox 167 1373 825 1422; baseline 0 -14"><span class='ocrx_word' id='word_1_139' title='bbox 167 1386 275 1422; x_wconf 87' lang='lat' dir='ltr'>quem</span> <span class='ocrx_word' id='word_1_140' title='bbox 310 1373 507 1419; x_wconf 87' lang='lat' dir='ltr'>consuluit,</span> <span class='ocrx_word' id='word_1_141' title='bbox 546 1373 825 1418; x_wconf 73' lang='lat' dir='ltr'>Dessontaine53</span> 
     </span>
     <span class='ocr_line' id='line_1_23' title="bbox 167 1430 826 1479; baseline 0 -14"><span class='ocrx_word' id='word_1_142' title='bbox 167 1430 217 1465; x_wconf 79' lang='lat' dir='ltr'>ita</span> <span class='ocrx_word' id='word_1_143' title='bbox 238 1434 279 1465; x_wconf 91' lang='lat' dir='ltr'>ut</span> <span class='ocrx_word' id='word_1_144' title='bbox 302 1434 400 1466; x_wconf 88' lang='lat' dir='ltr'>certo</span> <span class='ocrx_word' id='word_1_145' title='bbox 420 1430 477 1465; x_wconf 71' lang='lat' dir='ltr'>vix</span> <span class='ocrx_word' id='word_1_146' title='bbox 497 1431 609 1466; x_wconf 77' lang='lat' dir='ltr'>statui</span> <span class='ocrx_word' id='word_1_147' title='bbox 628 1430 758 1479; x_wconf 83' lang='lat' dir='ltr'>possit,</span> <span class='ocrx_word' id='word_1_148' title='bbox 788 1430 826 1465; x_wconf 89' lang='lat' dir='ltr'>in</span> 
     </span>
     <span class='ocr_line' id='line_1_24' title="bbox 167 1485 829 1534; baseline 0.003 -14"><span class='ocrx_word' id='word_1_149' title='bbox 167 1498 240 1534; x_wconf 88' lang='lat' dir='ltr'>quo</span> <span class='ocrx_word' id='word_1_150' title='bbox 256 1485 399 1522; x_wconf 78' lang='lat' dir='ltr'>diversa</span> <span class='ocrx_word' id='word_1_151' title='bbox 418 1487 527 1523; x_wconf 85' lang='lat' dir='ltr'>suerit</span> <span class='ocrx_word' id='word_1_152' title='bbox 549 1487 645 1522; x_wconf 65' lang='lat' dir='ltr'>casia</span> <span class='ocrx_word' id='word_1_153' title='bbox 664 1500 684 1522; x_wconf 81' lang='lat' dir='ltr'>a</span> <span class='ocrx_word' id='word_1_154' title='bbox 703 1487 829 1522; x_wconf 82' lang='lat' dir='ltr'>cinna-</span> 
     </span>
     <span class='ocr_line' id='line_1_25' title="bbox 166 1547 829 1591; baseline -0.002 -13"><span class='ocrx_word' id='word_1_155' title='bbox 166 1554 288 1579; x_wconf 89' lang='lat' dir='ltr'>momo</span> <span class='ocrx_word' id='word_1_156' title='bbox 320 1547 355 1578; x_wconf 84' lang='lat' dir='ltr'>et</span> <span class='ocrx_word' id='word_1_157' title='bbox 390 1554 561 1590; x_wconf 83' lang='lat' dir='ltr'><strong>quorsum</strong></span> <span class='ocrx_word' id='word_1_158' title='bbox 589 1547 742 1591; x_wconf 81' lang='lat' dir='ltr'>utraque</span> <span class='ocrx_word' id='word_1_159' title='bbox 771 1554 829 1578; x_wconf 75' lang='lat' dir='ltr'>ar-</span> 
     </span>
     <span class='ocr_line' id='line_1_26' title="bbox 166 1598 828 1647; baseline 0 -13"><span class='ocrx_word' id='word_1_160' title='bbox 166 1599 235 1635; x_wconf 86' lang='lat' dir='ltr'>bor</span> <span class='ocrx_word' id='word_1_161' title='bbox 266 1598 392 1635; x_wconf 78' lang='lat' dir='ltr'>refcrri</span> <span class='ocrx_word' id='word_1_162' title='bbox 423 1598 570 1635; x_wconf 85' lang='lat' dir='ltr'>debeat.</span> <span class='ocrx_word' id='word_1_163' title='bbox 645 1598 828 1647; x_wconf 82' lang='lat' dir='ltr'>Equidem</span> 
     </span>
     <span class='ocr_line' id='line_1_27' title="bbox 165 1654 830 1705; baseline -0.002 -14"><span class='ocrx_word' id='word_1_164' title='bbox 165 1654 234 1692; x_wconf 93' lang='lat' dir='ltr'>hoc</span> <span class='ocrx_word' id='word_1_165' title='bbox 254 1667 364 1691; x_wconf 91' lang='lat' dir='ltr'>unum</span> <span class='ocrx_word' id='word_1_166' title='bbox 386 1655 505 1702; x_wconf 83' lang='lat' dir='ltr'>addo,</span> <span class='ocrx_word' id='word_1_167' title='bbox 536 1655 637 1703; x_wconf 88' lang='lat' dir='ltr'>quod</span> <span class='ocrx_word' id='word_1_168' title='bbox 659 1660 695 1692; x_wconf 89' lang='lat' dir='ltr'>et</span> <span class='ocrx_word' id='word_1_169' title='bbox 719 1667 830 1705; x_wconf 73' lang='lat' dir='ltr'>supra</span> 
     </span>
     <span class='ocr_line' id='line_1_28' title="bbox 167 1711 831 1761; baseline 0 -13"><span class='ocrx_word' id='word_1_170' title='bbox 167 1712 216 1748; x_wconf 81' lang='lat' dir='ltr'>ad</span> <span class='ocrx_word' id='word_1_171' title='bbox 236 1711 297 1758; x_wconf 84' lang='grc' dir='ltr'><strong>ΙΙΙ,</strong></span> <span class='ocrx_word' id='word_1_172' title='bbox 324 1714 402 1752; x_wconf 87' lang='lat'>107</span> <span class='ocrx_word' id='word_1_173' title='bbox 423 1711 493 1748; x_wconf 73' lang='lat' dir='ltr'>iam</span> <span class='ocrx_word' id='word_1_174' title='bbox 519 1712 640 1761; x_wconf 85' lang='lat' dir='ltr'>posui,</span> <span class='ocrx_word' id='word_1_175' title='bbox 672 1711 831 1748; x_wconf 83' lang='lat' dir='ltr'>Phoeni-</span> 
     </span>
     <span class='ocr_line' id='line_1_29' title="bbox 168 1768 831 1814; baseline 0.002 -10"><span class='ocrx_word' id='word_1_176' title='bbox 168 1781 226 1805; x_wconf 85' lang='lat' dir='ltr'>ces</span> <span class='ocrx_word' id='word_1_177' title='bbox 247 1768 380 1804; x_wconf 76' lang='lat' dir='ltr'>casiam</span> <span class='ocrx_word' id='word_1_178' title='bbox 405 1772 441 1805; x_wconf 86' lang='lat' dir='ltr'>et</span> <span class='ocrx_word' id='word_1_179' title='bbox 455 1768 734 1814; x_wconf 77' lang='lat' dir='ltr'>cinnamomum,</span> <span class='ocrx_word' id='word_1_180' title='bbox 751 1781 831 1805; x_wconf 91' lang='lat' dir='ltr'>cum</span> 
     </span>
     <span class='ocr_line' id='line_1_30' title="bbox 169 1823 832 1875; baseline 0.002 -15"><span class='ocrx_word' id='word_1_181' title='bbox 169 1825 207 1860; x_wconf 89' lang='lat' dir='ltr'>in</span> <span class='ocrx_word' id='word_1_182' title='bbox 225 1823 359 1861; x_wconf 81' lang='lat' dir='ltr'>Arabia</span> <span class='ocrx_word' id='word_1_183' title='bbox 371 1825 517 1862; x_wconf 87' lang='lat' dir='ltr'>minime</span> <span class='ocrx_word' id='word_1_184' title='bbox 537 1825 743 1875; x_wconf 71' lang='lat' dir='ltr'>proveniat,</span> <span class='ocrx_word' id='word_1_185' title='bbox 766 1825 832 1861; x_wconf 86' lang='lat' dir='ltr'>sed</span> 
     </span>
     <span class='ocr_line' id='line_1_31' title="bbox 169 1880 834 1927; baseline 0.002 -11"><span class='ocrx_word' id='word_1_186' title='bbox 169 1882 207 1917; x_wconf 89' lang='lat' dir='ltr'>in</span> <span class='ocrx_word' id='word_1_187' title='bbox 232 1880 332 1917; x_wconf 82' lang='lat' dir='ltr'>India</span> <span class='ocrx_word' id='word_1_188' title='bbox 360 1885 521 1927; x_wconf 83' lang='lat' dir='ltr'>tantum,</span> <span class='ocrx_word' id='word_1_189' title='bbox 554 1894 597 1918; x_wconf 62' lang='lat' dir='ltr'>er</span> <span class='ocrx_word' id='word_1_190' title='bbox 618 1882 754 1918; x_wconf 78' lang='lat' dir='ltr'>Arabia</span> <span class='ocrx_word' id='word_1_191' title='bbox 774 1887 834 1917; x_wconf 82' lang='lat' dir='ltr'>ta-</span> 
     </span>
     <span class='ocr_line' id='line_1_32' title="bbox 171 1937 833 1986; baseline 0.003 -14"><span class='ocrx_word' id='word_1_192' title='bbox 171 1949 266 1983; x_wconf 85' lang='lat' dir='ltr'>men,</span> <span class='ocrx_word' id='word_1_193' title='bbox 296 1950 367 1986; x_wconf 89' lang='lat' dir='ltr'>quo</span> <span class='ocrx_word' id='word_1_194' title='bbox 387 1938 469 1974; x_wconf 87' lang='lat' dir='ltr'>Indi</span> <span class='ocrx_word' id='word_1_195' title='bbox 498 1937 699 1984; x_wconf 77' lang='lat' dir='ltr'>attulerint,</span> <span class='ocrx_word' id='word_1_196' title='bbox 730 1950 833 1974; x_wconf 74' lang='lat' dir='ltr'>acce-</span> 
     </span>
     <span class='ocr_line' id='line_1_33' title="bbox 170 1994 833 2043; baseline 0 -14"><span class='ocrx_word' id='word_1_197' title='bbox 170 1994 268 2043; x_wconf 79' lang='lat' dir='ltr'>pisse</span> <span class='ocrx_word' id='word_1_198' title='bbox 290 1998 327 2030; x_wconf 86' lang='lat' dir='ltr'>et</span> <span class='ocrx_word' id='word_1_199' title='bbox 349 2007 393 2031; x_wconf 76' lang='lat' dir='ltr'>ex</span> <span class='ocrx_word' id='word_1_200' title='bbox 409 2007 452 2031; x_wconf 83' lang='lat' dir='ltr'>ea</span> <span class='ocrx_word' id='word_1_201' title='bbox 471 1999 569 2031; x_wconf 74' lang='lat' dir='ltr'>terra</span> <span class='ocrx_word' id='word_1_202' title='bbox 590 1995 675 2031; x_wconf 89' lang='lat' dir='ltr'>dein</span> <span class='ocrx_word' id='word_1_203' title='bbox 698 1996 733 2030; x_wconf 87' lang='lat' dir='ltr'>in</span> <span class='ocrx_word' id='word_1_204' title='bbox 745 1994 833 2030; x_wconf 73' lang='lat' dir='ltr'>alias</span> 
     </span>
     <span class='ocr_line' id='line_1_34' title="bbox 171 2050 834 2100; baseline 0.002 -15"><span class='ocrx_word' id='word_1_205' title='bbox 171 2050 267 2086; x_wconf 81' lang='lat' dir='ltr'>orbis</span> <span class='ocrx_word' id='word_1_206' title='bbox 298 2055 473 2087; x_wconf 79' lang='lat' dir='ltr'>terrarum</span> <span class='ocrx_word' id='word_1_207' title='bbox 504 2057 629 2100; x_wconf 81' lang='lat' dir='ltr'>partes</span> <span class='ocrx_word' id='word_1_208' title='bbox 659 2051 834 2086; x_wconf 66' lang='lat' dir='ltr'>transdu-</span> 
     </span>
     <span class='ocr_line' id='line_1_35' title="bbox 171 2106 833 2153; baseline 0 -11"><span class='ocrx_word' id='word_1_209' title='bbox 171 2107 275 2143; x_wconf 78' lang='lat' dir='ltr'>xisse.</span> <span class='ocrx_word' id='word_1_210' title='bbox 334 2107 445 2144; x_wconf 76' lang='lat' dir='ltr'>Unde</span> <span class='ocrx_word' id='word_1_211' title='bbox 466 2106 639 2144; x_wconf 79' lang='lat' dir='ltr'>credibile</span> <span class='ocrx_word' id='word_1_212' title='bbox 661 2112 728 2153; x_wconf 76' lang='lat' dir='ltr'>est,</span> <span class='ocrx_word' id='word_1_213' title='bbox 754 2119 833 2143; x_wconf 74' lang='lat' dir='ltr'>eain</span> 
     </span>
     <span class='ocr_line' id='line_1_36' title="bbox 172 2163 833 2212; baseline 0.002 -14"><span class='ocrx_word' id='word_1_214' title='bbox 172 2163 379 2212; x_wconf 71' lang='lat' dir='ltr'>opinionem</span> <span class='ocrx_word' id='word_1_215' title='bbox 412 2167 529 2199; x_wconf 77' lang='lat' dir='ltr'>ortam</span> <span class='ocrx_word' id='word_1_216' title='bbox 560 2177 663 2209; x_wconf 81' lang='lat' dir='ltr'>esse,</span> <span class='ocrx_word' id='word_1_217' title='bbox 704 2164 833 2211; x_wconf 80' lang='lat' dir='ltr'>quain</span> 
     </span>
     <span class='ocr_line' id='line_1_37' title="bbox 171 2219 835 2269; baseline 0.002 -14"><span class='ocrx_word' id='word_1_218' title='bbox 171 2219 251 2269; x_wconf 77' lang='lat' dir='ltr'>ipsa</span> <span class='ocrx_word' id='word_1_219' title='bbox 273 2219 409 2256; x_wconf 77' lang='lat' dir='ltr'>Arabia</span> <span class='ocrx_word' id='word_1_220' title='bbox 431 2225 468 2257; x_wconf 89' lang='lat' dir='ltr'>et</span> <span class='ocrx_word' id='word_1_221' title='bbox 492 2221 625 2256; x_wconf 74' lang='lat' dir='ltr'>casiam</span> <span class='ocrx_word' id='word_1_222' title='bbox 649 2224 687 2257; x_wconf 87' lang='lat' dir='ltr'>et</span> <span class='ocrx_word' id='word_1_223' title='bbox 707 2220 835 2256; x_wconf 80' lang='lat' dir='ltr'>cinna-</span> 
     </span>
     <span class='ocr_line' id='line_1_38' title="bbox 172 2277 649 2327; baseline 0.002 -15"><span class='ocrx_word' id='word_1_224' title='bbox 172 2288 331 2313; x_wconf 84' lang='lat' dir='ltr'>momum</span> <span class='ocrx_word' id='word_1_225' title='bbox 356 2277 440 2312; x_wconf 85' lang='lat' dir='ltr'>oriri</span> <span class='ocrx_word' id='word_1_226' title='bbox 465 2281 649 2327; x_wconf 81' lang='lat' dir='ltr'>putarent.</span> 
     </span>
    </p>

    <p class='ocr_par' dir='ltr' id='par_1_15' title="bbox 175 2331 836 2890">
     <span class='ocr_line' id='line_1_39' title="bbox 228 2331 830 2385; baseline 0.002 -16"><span class='ocrx_word' id='word_1_227' title='bbox 228 2334 319 2385; x_wconf 75' lang='grc' dir='ltr'><em>τῇσι</em></span> <span class='ocrx_word' id='word_1_228' title='bbox 355 2334 555 2383; x_wconf 78' lang='grc' dir='ltr'><em>νυκτερίσι</em></span> <span class='ocrx_word' id='word_1_229' title='bbox 580 2331 830 2385; x_wconf 79' lang='grc' dir='ltr'><em>προσείκελα]</em></span> 
     </span>
     <span class='ocr_line' id='line_1_40' title="bbox 175 2386 835 2443; baseline 0.006 -19"><span class='ocrx_word' id='word_1_230' title='bbox 175 2388 349 2426; x_wconf 67' lang='lat' dir='ltr'>Valcken.</span> <span class='ocrx_word' id='word_1_231' title='bbox 388 2389 588 2426; x_wconf 77' lang='lat' dir='ltr'>maluerat:</span> <span class='ocrx_word' id='word_1_232' title='bbox 628 2386 676 2428; x_wconf 65' lang='lat' dir='ltr'>tc}</span> <span class='ocrx_word' id='word_1_233' title='bbox 690 2419 700 2435; x_wconf 93' lang='lat'><strong>‚</strong></span> <span class='ocrx_word' id='word_1_234' title='bbox 745 2392 835 2443; x_wconf 74' lang='grc' dir='ltr'><em>τῇσι</em></span> 
     </span>
     <span class='ocr_line' id='line_1_41' title="bbox 177 2443 833 2496; baseline 0.005 -15"><span class='ocrx_word' id='word_1_235' title='bbox 177 2446 373 2495; x_wconf 80' lang='grc' dir='ltr'><em>νυκτερίσι</em></span> <span class='ocrx_word' id='word_1_236' title='bbox 395 2447 628 2496; x_wconf 83' lang='grc' dir='ltr'><em>προσείκελα</em></span> <span class='ocrx_word' id='word_1_237' title='bbox 651 2443 833 2496; x_wconf 71' lang='grc' dir='ltr'><em>μάλιστα,</em></span> 
     </span>
     <span class='ocr_line' id='line_1_42' title="bbox 178 2498 836 2552; baseline 0.008 -16"><span class='ocrx_word' id='word_1_238' title='bbox 178 2498 244 2537; x_wconf 80' lang='grc' dir='ltr'><em>καὶ</em></span> <span class='ocrx_word' id='word_1_239' title='bbox 261 2500 404 2552; x_wconf 76' lang='grc' dir='ltr'><em>τέτριγε</em></span> <span class='ocrx_word' id='word_1_240' title='bbox 429 2499 572 2551; x_wconf 70' lang='grc' dir='ltr'><em>δεινόν,</em></span> <span class='ocrx_word' id='word_1_241' title='bbox 587 2505 654 2541; x_wconf 84' lang='grc' dir='ltr'><em>καί</em></span> <span class='ocrx_word' id='word_1_242' title='bbox 672 2502 777 2542; x_wconf 80' lang='grc' dir='ltr'><em>ἐστιν</em></span> <span class='ocrx_word' id='word_1_243' title='bbox 795 2502 836 2549; x_wconf 72' lang='grc' dir='ltr'>ἐς</span> 
     </span>
     <span class='ocr_line' id='line_1_43' title="bbox 181 2552 835 2610; baseline 0.006 -18"><span class='ocrx_word' id='word_1_244' title='bbox 181 2552 306 2606; x_wconf 82' lang='grc' dir='ltr'><em>α’λκὴν</em></span> <span class='ocrx_word' id='word_1_245' title='bbox 346 2555 500 2608; x_wconf 71' lang='grc' dir='ltr'><em>ἄλκιμα.</em></span> <span class='ocrx_word' id='word_1_246' title='bbox 576 2559 680 2596; x_wconf 86' lang='lat' dir='ltr'>Libri</span> <span class='ocrx_word' id='word_1_247' title='bbox 712 2560 835 2610; x_wconf 88' lang='lat' dir='ltr'>scripti</span> 
     </span>
     <span class='ocr_line' id='line_1_44' title="bbox 180 2614 835 2666; baseline 0.008 -19"><span class='ocrx_word' id='word_1_248' title='bbox 180 2623 253 2647; x_wconf 87' lang='lat' dir='ltr'>non</span> <span class='ocrx_word' id='word_1_249' title='bbox 275 2614 496 2651; x_wconf 83' lang='lat' dir='ltr'>confirmant.</span> <span class='ocrx_word' id='word_1_250' title='bbox 525 2616 668 2666; x_wconf 79' lang='grc' dir='ltr'><em>τρίζειν</em></span> <span class='ocrx_word' id='word_1_251' title='bbox 686 2629 835 2666; x_wconf 73' lang='lat' dir='ltr'>vesper-</span> 
     </span>
     <span class='ocr_line' id='line_1_45' title="bbox 179 2666 834 2717; baseline 0.012 -16"><span class='ocrx_word' id='word_1_252' title='bbox 179 2666 342 2705; x_wconf 88' lang='lat' dir='ltr'>tilionum</span> <span class='ocrx_word' id='word_1_253' title='bbox 366 2682 457 2717; x_wconf 86' lang='lat' dir='ltr'>esse,</span> <span class='ocrx_word' id='word_1_254' title='bbox 469 2677 674 2709; x_wconf 73' lang='lat' dir='ltr'>monstrant</span> <span class='ocrx_word' id='word_1_255' title='bbox 691 2673 727 2709; x_wconf 88' lang='lat' dir='ltr'>hi</span> <span class='ocrx_word' id='word_1_256' title='bbox 745 2673 834 2710; x_wconf 91' lang='lat' dir='ltr'>loci:</span> 
     </span>
     <span class='ocr_line' id='line_1_46' title="bbox 183 2723 834 2771; baseline 0.011 -13"><span class='ocrx_word' id='word_1_257' title='bbox 183 2723 322 2760; x_wconf 86' lang='lat' dir='ltr'>Herod.</span> <span class='ocrx_word' id='word_1_258' title='bbox 353 2725 425 2771; x_wconf 90' lang='lat' dir='ltr'>IV,</span> <span class='ocrx_word' id='word_1_259' title='bbox 459 2729 549 2768; x_wconf 84' lang='lat'><strong>183.</strong></span> <span class='ocrx_word' id='word_1_260' title='bbox 581 2728 747 2766; x_wconf 78' lang='lat' dir='ltr'>Eustath.</span> <span class='ocrx_word' id='word_1_261' title='bbox 785 2730 834 2765; x_wconf 81' lang='lat' dir='ltr'>ad</span> 
     </span>
     <span class='ocr_line' id='line_1_47' title="bbox 181 2779 833 2836; baseline 0.018 -22"><span class='ocrx_word' id='word_1_262' title='bbox 181 2779 460 2828; x_wconf 55' lang='lat' dir='ltr'>Odyssxxlv,</span> <span class='ocrx_word' id='word_1_263' title='bbox 472 2783 513 2828; x_wconf 81' lang='lat'>53</span> <span class='ocrx_word' id='word_1_264' title='bbox 533 2785 581 2820; x_wconf 78' lang='lat' dir='ltr'>ad</span> <span class='ocrx_word' id='word_1_265' title='bbox 598 2785 833 2836; x_wconf 75' lang='lat' dir='ltr'>ll.11p.173‚</span> 
     </span>
     <span class='ocr_line' id='line_1_48' title="bbox 181 2835 833 2890; baseline 0.009 -18"><span class='ocrx_word' id='word_1_266' title='bbox 181 2835 255 2881; x_wconf 81' lang='lat'>443</span> <span class='ocrx_word' id='word_1_267' title='bbox 286 2836 334 2873; x_wconf 80' lang='lat' dir='ltr'>ad</span> <span class='ocrx_word' id='word_1_268' title='bbox 370 2836 521 2886; x_wconf 80' lang='lat' dir='ltr'>Dionys.</span> <span class='ocrx_word' id='word_1_269' title='bbox 557 2839 698 2890; x_wconf 81' lang='lat' dir='ltr'>Perieg.</span> <span class='ocrx_word' id='word_1_270' title='bbox 742 2845 833 2883; x_wconf 63' lang='lat'><strong>1:30.</strong></span> 
     </span>
    </p>
   </div>
   <div class='ocr_carea' id='block_1_15' title="bbox 880 1258 1558 2890">
    <p class='ocr_par' dir='ltr' id='par_1_16' title="bbox 880 1258 1558 2382">
     <span class='ocr_line' id='line_1_49' title="bbox 880 1258 1549 1306; baseline -0.004 -10"><span class='ocrx_word' id='word_1_271' title='bbox 880 1260 1013 1306; x_wconf 78' lang='lat' dir='ltr'>Plura,</span> <span class='ocrx_word' id='word_1_272' title='bbox 1077 1260 1296 1297; x_wconf 80' lang='lat' dir='ltr'>observante</span> <span class='ocrx_word' id='word_1_273' title='bbox 1354 1258 1549 1302; x_wconf 69' lang='lat' dir='ltr'>Valcken,</span> 
     </span>
     <span class='ocr_line' id='line_1_50' title="bbox 883 1314 1552 1364; baseline -0.004 -11"><span class='ocrx_word' id='word_1_274' title='bbox 883 1317 1064 1353; x_wconf 59' lang='lat' dir='ltr'>ll&#39;etsten.</span> <span class='ocrx_word' id='word_1_275' title='bbox 1093 1317 1141 1353; x_wconf 83' lang='lat' dir='ltr'>ad</span> <span class='ocrx_word' id='word_1_276' title='bbox 1169 1316 1285 1352; x_wconf 80' lang='lat' dir='ltr'>Marci</span> <span class='ocrx_word' id='word_1_277' title='bbox 1310 1314 1454 1364; x_wconf 81' lang='lat' dir='ltr'>Evang.</span> <span class='ocrx_word' id='word_1_278' title='bbox 1486 1314 1552 1361; x_wconf 89' lang='lat' dir='ltr'>lX,</span> 
     </span>
     <span class='ocr_line' id='line_1_51' title="bbox 886 1371 1550 1414; baseline -0.008 -4"><span class='ocrx_word' id='word_1_279' title='bbox 886 1376 948 1414; x_wconf 82' lang='lat'>18.</span> <span class='ocrx_word' id='word_1_280' title='bbox 992 1373 1048 1409; x_wconf 78' lang='lat' dir='ltr'>&#39;su</span> <span class='ocrx_word' id='word_1_281' title='bbox 1085 1372 1170 1409; x_wconf 78' lang='lat' dir='ltr'>add.</span> <span class='ocrx_word' id='word_1_282' title='bbox 1200 1372 1336 1409; x_wconf 83' lang='lat' dir='ltr'>Gesen.</span> <span class='ocrx_word' id='word_1_283' title='bbox 1369 1372 1416 1408; x_wconf 84' lang='lat' dir='ltr'>ad</span> <span class='ocrx_word' id='word_1_284' title='bbox 1444 1371 1550 1408; x_wconf 83' lang='lat' dir='ltr'>Iesai.</span> 
     </span>
     <span class='ocr_line' id='line_1_52' title="bbox 886 1428 1553 1478; baseline -0.004 -12"><span class='ocrx_word' id='word_1_285' title='bbox 886 1429 985 1476; x_wconf 69' lang='lat' dir='ltr'>vlu,</span> <span class='ocrx_word' id='word_1_286' title='bbox 1008 1432 1058 1470; x_wconf 85' lang='lat'>19</span> <span class='ocrx_word' id='word_1_287' title='bbox 1077 1442 1111 1478; x_wconf 87' lang='lat' dir='ltr'>p.</span> <span class='ocrx_word' id='word_1_288' title='bbox 1135 1428 1216 1469; x_wconf 75' lang='lat'>343</span> <span class='ocrx_word' id='word_1_289' title='bbox 1238 1441 1330 1477; x_wconf 82' lang='lat' dir='ltr'>seq.‚</span> <span class='ocrx_word' id='word_1_290' title='bbox 1360 1428 1422 1476; x_wconf 91' lang='lat' dir='ltr'>qui</span> <span class='ocrx_word' id='word_1_291' title='bbox 1441 1429 1553 1464; x_wconf 76' lang='lat' dir='ltr'>etiam</span> 
     </span>
     <span class='ocr_line' id='line_1_53' title="bbox 885 1485 1554 1534; baseline -0.009 -9"><span class='ocrx_word' id='word_1_292' title='bbox 885 1486 1103 1525; x_wconf 74' lang='lat' dir='ltr'>Latinorum</span> <span class='ocrx_word' id='word_1_293' title='bbox 1125 1485 1273 1521; x_wconf 68' lang='lat' dir='ltr'>stridere</span> <span class='ocrx_word' id='word_1_294' title='bbox 1291 1489 1491 1534; x_wconf 73' lang='lat' dir='ltr'>comparat,</span> <span class='ocrx_word' id='word_1_295' title='bbox 1504 1487 1554 1530; x_wconf 87' lang='lat' dir='ltr'>et,</span> 
     </span>
     <span class='ocr_line' id='line_1_54' title="bbox 887 1539 1552 1592; baseline -0.006 -13"><span class='ocrx_word' id='word_1_296' title='bbox 887 1556 996 1592; x_wconf 83' lang='lat' dir='ltr'>quem</span> <span class='ocrx_word' id='word_1_297' title='bbox 1024 1541 1081 1578; x_wconf 80' lang='lat' dir='ltr'>Cr.</span> <span class='ocrx_word' id='word_1_298' title='bbox 1114 1542 1259 1588; x_wconf 67' lang='lat' dir='ltr'>laudat,</span> <span class='ocrx_word' id='word_1_299' title='bbox 1291 1539 1552 1589; x_wconf 58' lang='lat' dir='ltr'>l&#39;Vyttenbach.</span> 
     </span>
     <span class='ocr_line' id='line_1_55' title="bbox 886 1597 1554 1646; baseline -0.006 -11"><span class='ocrx_word' id='word_1_300' title='bbox 886 1600 934 1635; x_wconf 80' lang='lat' dir='ltr'>ad</span> <span class='ocrx_word' id='word_1_301' title='bbox 958 1598 1137 1635; x_wconf 83' lang='lat' dir='ltr'>Plutarch.</span> <span class='ocrx_word' id='word_1_302' title='bbox 1176 1597 1235 1635; x_wconf 87' lang='lat' dir='ltr'>De</span> <span class='ocrx_word' id='word_1_303' title='bbox 1262 1598 1301 1634; x_wconf 87' lang='lat' dir='ltr'>S.</span> <span class='ocrx_word' id='word_1_304' title='bbox 1322 1597 1371 1634; x_wconf 84' lang='lat' dir='ltr'>N.</span> <span class='ocrx_word' id='word_1_305' title='bbox 1390 1597 1434 1633; x_wconf 89' lang='lat' dir='ltr'>V.</span> <span class='ocrx_word' id='word_1_306' title='bbox 1466 1609 1554 1646; x_wconf 81' lang='lat' dir='ltr'><strong>pag.</strong></span> 
     </span>
     <span class='ocr_line' id='line_1_56' title="bbox 891 1652 1553 1695; baseline -0.011 0"><span class='ocrx_word' id='word_1_307' title='bbox 891 1656 983 1695; x_wconf 80' lang='lat'>125.</span> <span class='ocrx_word' id='word_1_308' title='bbox 1018 1675 1071 1681; x_wconf 93' lang='lat'><strong>—</strong></span> <span class='ocrx_word' id='word_1_309' title='bbox 1102 1654 1162 1691; x_wconf 92' lang='lat' dir='ltr'>Ad</span> <span class='ocrx_word' id='word_1_310' title='bbox 1191 1667 1267 1691; x_wconf 88' lang='lat' dir='ltr'>rem</span> <span class='ocrx_word' id='word_1_311' title='bbox 1298 1652 1433 1691; x_wconf 86' lang='lat' dir='ltr'>consul.</span> <span class='ocrx_word' id='word_1_312' title='bbox 1458 1653 1553 1689; x_wconf 82' lang='lat' dir='ltr'>Plin.</span> 
     </span>
     <span class='ocr_line' id='line_1_57' title="bbox 886 1709 1553 1757; baseline -0.006 -8"><span class='ocrx_word' id='word_1_313' title='bbox 886 1712 935 1749; x_wconf 81' lang='lat' dir='ltr'>H.</span> <span class='ocrx_word' id='word_1_314' title='bbox 950 1711 999 1749; x_wconf 88' lang='lat' dir='ltr'>N.</span> <span class='ocrx_word' id='word_1_315' title='bbox 1020 1711 1104 1757; x_wconf 77' lang='grc' dir='ltr'>ΧΠ,</span> <span class='ocrx_word' id='word_1_316' title='bbox 1128 1713 1177 1751; x_wconf 82' lang='grc'>19</span> <span class='ocrx_word' id='word_1_317' title='bbox 1197 1717 1233 1748; x_wconf 87' lang='lat' dir='ltr'>et</span> <span class='ocrx_word' id='word_1_318' title='bbox 1255 1710 1417 1748; x_wconf 85' lang='lat' dir='ltr'>Heeren.</span> <span class='ocrx_word' id='word_1_319' title='bbox 1439 1709 1553 1746; x_wconf 88' lang='lat' dir='ltr'>Ideen</span> 
     </span>
     <span class='ocr_line' id='line_1_58' title="bbox 887 1766 1553 1818; baseline -0.006 -13"><span class='ocrx_word' id='word_1_320' title='bbox 887 1770 916 1816; x_wconf 89' lang='lat' dir='ltr'>I,</span> <span class='ocrx_word' id='word_1_321' title='bbox 941 1772 966 1810; x_wconf 81' lang='lat'><strong>2</strong></span> <span class='ocrx_word' id='word_1_322' title='bbox 993 1781 1079 1818; x_wconf 76' lang='lat' dir='ltr'>pag.</span> <span class='ocrx_word' id='word_1_323' title='bbox 1099 1769 1168 1814; x_wconf 83' lang='lat'>99,</span> <span class='ocrx_word' id='word_1_324' title='bbox 1198 1767 1260 1816; x_wconf 85' lang='lat' dir='ltr'>qui</span> <span class='ocrx_word' id='word_1_325' title='bbox 1288 1767 1323 1803; x_wconf 90' lang='lat' dir='ltr'>h.</span> <span class='ocrx_word' id='word_1_326' title='bbox 1346 1766 1368 1804; x_wconf 87' lang='lat' dir='ltr'>l.</span> <span class='ocrx_word' id='word_1_327' title='bbox 1402 1766 1553 1803; x_wconf 77' lang='lat' dir='ltr'>indicari</span> 
     </span>
     <span class='ocr_line' id='line_1_59' title="bbox 888 1823 1554 1875; baseline -0.005 -13"><span class='ocrx_word' id='word_1_328' title='bbox 888 1826 1093 1875; x_wconf 81' lang='lat' dir='ltr'>suspicatur</span> <span class='ocrx_word' id='word_1_329' title='bbox 1140 1824 1312 1861; x_wconf 77' lang='lat' dir='ltr'>lacertam</span> <span class='ocrx_word' id='word_1_330' title='bbox 1356 1823 1554 1869; x_wconf 82' lang='lat' dir='ltr'>volantem,</span> 
     </span>
     <span class='ocr_line' id='line_1_60' title="bbox 889 1879 1553 1931; baseline -0.005 -13"><span class='ocrx_word' id='word_1_331' title='bbox 889 1895 986 1931; x_wconf 66' lang='lat' dir='ltr'>qnae</span> <span class='ocrx_word' id='word_1_332' title='bbox 1009 1882 1045 1918; x_wconf 91' lang='lat' dir='ltr'>in</span> <span class='ocrx_word' id='word_1_333' title='bbox 1071 1881 1124 1917; x_wconf 87' lang='lat' dir='ltr'>his</span> <span class='ocrx_word' id='word_1_334' title='bbox 1152 1881 1362 1929; x_wconf 82' lang='lat' dir='ltr'>regionibus</span> <span class='ocrx_word' id='word_1_335' title='bbox 1391 1879 1553 1929; x_wconf 84' lang='lat' dir='ltr'>reperia—</span> 
     </span>
     <span class='ocr_line' id='line_1_61' title="bbox 889 1937 1555 1984; baseline -0.006 -9"><span class='ocrx_word' id='word_1_336' title='bbox 889 1943 970 1984; x_wconf 84' lang='lat' dir='ltr'>tur,</span> <span class='ocrx_word' id='word_1_337' title='bbox 1019 1939 1094 1975; x_wconf 61' lang='lat' dir='ltr'>sive</span> <span class='ocrx_word' id='word_1_338' title='bbox 1144 1937 1329 1973; x_wconf 79' lang='lat' dir='ltr'>draconem</span> <span class='ocrx_word' id='word_1_339' title='bbox 1379 1937 1555 1972; x_wconf 72' lang='lat' dir='ltr'>volantem</span> 
     </span>
     <span class='ocr_line' id='line_1_62' title="bbox 890 1993 1556 2042; baseline -0.008 -10"><span class='ocrx_word' id='word_1_340' title='bbox 890 1994 998 2032; x_wconf 88' lang='lat' dir='ltr'>Linn.</span> <span class='ocrx_word' id='word_1_341' title='bbox 1013 2024 1024 2041; x_wconf 76' lang='lat'>,</span> <span class='ocrx_word' id='word_1_342' title='bbox 1054 1995 1115 2042; x_wconf 83' lang='lat' dir='ltr'>qni</span> <span class='ocrx_word' id='word_1_343' title='bbox 1136 2007 1225 2030; x_wconf 81' lang='lat' dir='ltr'>sane</span> <span class='ocrx_word' id='word_1_344' title='bbox 1247 1994 1284 2029; x_wconf 86' lang='lat' dir='ltr'>in</span> <span class='ocrx_word' id='word_1_345' title='bbox 1304 1993 1409 2030; x_wconf 81' lang='lat' dir='ltr'>India</span> <span class='ocrx_word' id='word_1_346' title='bbox 1435 1993 1556 2028; x_wconf 82' lang='lat' dir='ltr'>orien-</span> 
     </span>
     <span class='ocr_line' id='line_1_63' title="bbox 892 2048 1557 2097; baseline -0.008 -9"><span class='ocrx_word' id='word_1_347' title='bbox 892 2052 954 2088; x_wconf 72' lang='lat' dir='ltr'>tali</span> <span class='ocrx_word' id='word_1_348' title='bbox 979 2057 1014 2088; x_wconf 86' lang='lat' dir='ltr'>et</span> <span class='ocrx_word' id='word_1_349' title='bbox 1042 2050 1162 2087; x_wconf 73' lang='lat' dir='ltr'>Africa</span> <span class='ocrx_word' id='word_1_350' title='bbox 1188 2050 1372 2097; x_wconf 86' lang='lat' dir='ltr'>hodieque</span> <span class='ocrx_word' id='word_1_351' title='bbox 1401 2048 1557 2086; x_wconf 89' lang='lat' dir='ltr'>occurrit</span> 
     </span>
     <span class='ocr_line' id='line_1_64' title="bbox 890 2107 1558 2156; baseline -0.006 -12"><span class='ocrx_word' id='word_1_352' title='bbox 890 2113 927 2145; x_wconf 88' lang='lat' dir='ltr'>et</span> <span class='ocrx_word' id='word_1_353' title='bbox 949 2109 1044 2144; x_wconf 85' lang='lat' dir='ltr'>intra</span> <span class='ocrx_word' id='word_1_354' title='bbox 1063 2108 1177 2156; x_wconf 78' lang='lat' dir='ltr'>pedes</span> <span class='ocrx_word' id='word_1_355' title='bbox 1197 2107 1420 2156; x_wconf 82' lang='lat' dir='ltr'>posteriores</span> <span class='ocrx_word' id='word_1_356' title='bbox 1438 2109 1474 2142; x_wconf 87' lang='lat' dir='ltr'>et</span> <span class='ocrx_word' id='word_1_357' title='bbox 1491 2117 1558 2141; x_wconf 78' lang='lat' dir='ltr'>an—</span> 
     </span>
     <span class='ocr_line' id='line_1_65' title="bbox 890 2161 1556 2212; baseline -0.006 -12"><span class='ocrx_word' id='word_1_358' title='bbox 890 2165 1042 2201; x_wconf 77' lang='lat' dir='ltr'>teriores</span> <span class='ocrx_word' id='word_1_359' title='bbox 1076 2163 1218 2199; x_wconf 79' lang='lat' dir='ltr'>duabus</span> <span class='ocrx_word' id='word_1_360' title='bbox 1249 2163 1379 2212; x_wconf 84' lang='lat' dir='ltr'>pennis</span> <span class='ocrx_word' id='word_1_361' title='bbox 1410 2165 1466 2199; x_wconf 85' lang='lat' dir='ltr'>est</span> <span class='ocrx_word' id='word_1_362' title='bbox 1500 2161 1556 2196; x_wconf 88' lang='lat' dir='ltr'>in-</span> 
     </span>
     <span class='ocr_line' id='line_1_66' title="bbox 890 2218 1558 2258; baseline -0.007 0"><span class='ocrx_word' id='word_1_363' title='bbox 890 2225 1060 2258; x_wconf 81' lang='lat' dir='ltr'>structus.</span> <span class='ocrx_word' id='word_1_364' title='bbox 1124 2218 1288 2256; x_wconf 82' lang='lat' dir='ltr'>Plurima</span> <span class='ocrx_word' id='word_1_365' title='bbox 1329 2219 1465 2255; x_wconf 84' lang='lat' dir='ltr'>Gesen.</span> <span class='ocrx_word' id='word_1_366' title='bbox 1509 2218 1558 2253; x_wconf 79' lang='lat' dir='ltr'>ad</span> 
     </span>
     <span class='ocr_line' id='line_1_67' title="bbox 890 2274 1558 2326; baseline -0.004 -12"><span class='ocrx_word' id='word_1_367' title='bbox 890 2278 994 2314; x_wconf 80' lang='lat' dir='ltr'>lesai.</span> <span class='ocrx_word' id='word_1_368' title='bbox 1015 2276 1114 2323; x_wconf 82' lang='lat' dir='ltr'>XIV,</span> <span class='ocrx_word' id='word_1_369' title='bbox 1145 2278 1197 2317; x_wconf 78' lang='lat'>29</span> <span class='ocrx_word' id='word_1_370' title='bbox 1231 2288 1318 2326; x_wconf 78' lang='lat' dir='ltr'>pag.</span> <span class='ocrx_word' id='word_1_371' title='bbox 1341 2274 1436 2315; x_wconf 78' lang='lat'><strong>496.</strong></span> <span class='ocrx_word' id='word_1_372' title='bbox 1462 2275 1558 2315; x_wconf 86' lang='lat'><strong>497.</strong></span> 
     </span>
     <span class='ocr_line' id='line_1_68' title="bbox 1104 2332 1347 2382; baseline 0 -13"><span class='ocrx_word' id='word_1_373' title='bbox 1104 2333 1216 2382; x_wconf 85' lang='lat' dir='ltr'><strong>Cap.</strong></span> <span class='ocrx_word' id='word_1_374' title='bbox 1248 2332 1347 2369; x_wconf 86' lang='lat' dir='ltr'><strong>CXI.</strong></span> 
     </span>
    </p>

    <p class='ocr_par' dir='ltr' id='par_1_17' title="bbox 890 2383 1556 2890">
     <span class='ocr_line' id='line_1_69' title="bbox 947 2383 1553 2439; baseline -0.002 -12"><span class='ocrx_word' id='word_1_375' title='bbox 947 2388 990 2427; x_wconf 81' lang='grc' dir='ltr'>ἒν</span> <span class='ocrx_word' id='word_1_376' title='bbox 1012 2392 1115 2428; x_wconf 87' lang='grc' dir='ltr'><em>τοῖσι</em></span> <span class='ocrx_word' id='word_1_377' title='bbox 1139 2383 1371 2436; x_wconf 82' lang='grc' dir='ltr'><em>ὁΛιόννσος</em></span> <span class='ocrx_word' id='word_1_378' title='bbox 1385 2383 1553 2439; x_wconf 77' lang='grc' dir='ltr'><em>ἐτράφη]</em></span> 
     </span>
     <span class='ocr_line' id='line_1_70' title="bbox 890 2446 1554 2496; baseline -0.005 -13"><span class='ocrx_word' id='word_1_379' title='bbox 890 2446 1124 2496; x_wconf 76' lang='lat' dir='ltr'>Aethiopiam,</span> <span class='ocrx_word' id='word_1_380' title='bbox 1155 2446 1280 2492; x_wconf 82' lang='lat' dir='ltr'>credo,</span> <span class='ocrx_word' id='word_1_381' title='bbox 1302 2446 1464 2482; x_wconf 82' lang='lat' dir='ltr'>indicare</span> <span class='ocrx_word' id='word_1_382' title='bbox 1488 2457 1554 2480; x_wconf 87' lang='lat' dir='ltr'>vo-</span> 
     </span>
     <span class='ocr_line' id='line_1_71' title="bbox 891 2500 1555 2549; baseline -0.003 -10"><span class='ocrx_word' id='word_1_383' title='bbox 891 2502 968 2540; x_wconf 86' lang='lat' dir='ltr'>luit.</span> <span class='ocrx_word' id='word_1_384' title='bbox 997 2503 1081 2540; x_wconf 81' lang='lat' dir='ltr'>Vid.</span> <span class='ocrx_word' id='word_1_385' title='bbox 1104 2502 1166 2549; x_wconf 81' lang='lat'>111,</span> <span class='ocrx_word' id='word_1_386' title='bbox 1188 2504 1254 2543; x_wconf 81' lang='lat'>97.</span> <span class='ocrx_word' id='word_1_387' title='bbox 1285 2502 1332 2548; x_wconf 87' lang='lat' dir='ltr'>ll,</span> <span class='ocrx_word' id='word_1_388' title='bbox 1357 2501 1448 2542; x_wconf 82' lang='lat'><strong>146.</strong></span> <span class='ocrx_word' id='word_1_389' title='bbox 1494 2500 1555 2538; x_wconf 80' lang='lat' dir='ltr'>De</span> 
     </span>
     <span class='ocr_line' id='line_1_72' title="bbox 893 2557 1556 2608; baseline -0.008 -11"><span class='ocrx_word' id='word_1_390' title='bbox 893 2559 1004 2597; x_wconf 78' lang='lat' dir='ltr'>India</span> <span class='ocrx_word' id='word_1_391' title='bbox 1032 2560 1172 2608; x_wconf 81' lang='lat' dir='ltr'>cogitat</span> <span class='ocrx_word' id='word_1_392' title='bbox 1201 2559 1364 2596; x_wconf 86' lang='lat' dir='ltr'>Heeren.</span> <span class='ocrx_word' id='word_1_393' title='bbox 1388 2559 1502 2594; x_wconf 88' lang='lat' dir='ltr'>Ideen</span> <span class='ocrx_word' id='word_1_394' title='bbox 1525 2557 1556 2602; x_wconf 90' lang='lat' dir='ltr'>I,</span> 
     </span>
     <span class='ocr_line' id='line_1_73' title="bbox 893 2615 1554 2666; baseline -0.005 -13"><span class='ocrx_word' id='word_1_395' title='bbox 893 2620 920 2657; x_wconf 81' lang='lat'><strong>2</strong></span> <span class='ocrx_word' id='word_1_396' title='bbox 944 2630 979 2666; x_wconf 89' lang='lat' dir='ltr'>p.</span> <span class='ocrx_word' id='word_1_397' title='bbox 997 2619 1102 2663; x_wconf 79' lang='lat'>252,</span> <span class='ocrx_word' id='word_1_398' title='bbox 1131 2616 1303 2664; x_wconf 76' lang='lat' dir='ltr'>quoniam</span> <span class='ocrx_word' id='word_1_399' title='bbox 1324 2628 1368 2652; x_wconf 86' lang='lat' dir='ltr'>ex</span> <span class='ocrx_word' id='word_1_400' title='bbox 1388 2615 1457 2651; x_wconf 75' lang='lat' dir='ltr'>hac</span> <span class='ocrx_word' id='word_1_401' title='bbox 1480 2618 1554 2651; x_wconf 86' lang='lat' dir='ltr'>ter-</span> 
     </span>
     <span class='ocr_line' id='line_1_74' title="bbox 893 2671 1554 2710; baseline -0.005 -2"><span class='ocrx_word' id='word_1_402' title='bbox 893 2685 934 2708; x_wconf 83' lang='lat' dir='ltr'>ra</span> <span class='ocrx_word' id='word_1_403' title='bbox 951 2673 1216 2710; x_wconf 81' lang='lat' dir='ltr'>cinnamomum</span> <span class='ocrx_word' id='word_1_404' title='bbox 1234 2673 1270 2708; x_wconf 92' lang='lat' dir='ltr'>in</span> <span class='ocrx_word' id='word_1_405' title='bbox 1291 2671 1462 2709; x_wconf 81' lang='lat' dir='ltr'>Arabiam</span> <span class='ocrx_word' id='word_1_406' title='bbox 1474 2671 1554 2706; x_wconf 87' lang='lat' dir='ltr'>fue-</span> 
     </span>
     <span class='ocr_line' id='line_1_75' title="bbox 892 2728 1552 2766; baseline -0.003 -2"><span class='ocrx_word' id='word_1_407' title='bbox 892 2730 940 2765; x_wconf 90' lang='lat' dir='ltr'>rit</span> <span class='ocrx_word' id='word_1_408' title='bbox 977 2730 1174 2766; x_wconf 86' lang='lat' dir='ltr'>deductum</span> <span class='ocrx_word' id='word_1_409' title='bbox 1208 2734 1245 2765; x_wconf 88' lang='lat' dir='ltr'>et</span> <span class='ocrx_word' id='word_1_410' title='bbox 1284 2728 1371 2765; x_wconf 84' lang='lat' dir='ltr'>inde</span> <span class='ocrx_word' id='word_1_411' title='bbox 1406 2728 1552 2764; x_wconf 90' lang='lat' dir='ltr'>demum</span> 
     </span>
     <span class='ocr_line' id='line_1_76' title="bbox 893 2783 1551 2822; baseline -0.006 -1"><span class='ocrx_word' id='word_1_412' title='bbox 893 2785 980 2822; x_wconf 70' lang='lat' dir='ltr'>ali-&lt;is</span> <span class='ocrx_word' id='word_1_413' title='bbox 1019 2786 1068 2822; x_wconf 86' lang='lat' dir='ltr'>ad</span> <span class='ocrx_word' id='word_1_414' title='bbox 1104 2790 1222 2822; x_wconf 82' lang='lat' dir='ltr'>terras</span> <span class='ocrx_word' id='word_1_415' title='bbox 1253 2797 1275 2821; x_wconf 82' lang='lat' dir='ltr'>a</span> <span class='ocrx_word' id='word_1_416' title='bbox 1313 2783 1551 2821; x_wconf 82' lang='lat' dir='ltr'>Phoenicibus</span> 
     </span>
     <span class='ocr_line' id='line_1_77' title="bbox 892 2840 1552 2890; baseline -0.008 -12"><span class='ocrx_word' id='word_1_417' title='bbox 892 2841 1116 2879; x_wconf 82' lang='lat' dir='ltr'>translatum.</span> <span class='ocrx_word' id='word_1_418' title='bbox 1176 2840 1234 2879; x_wconf 88' lang='lat' dir='ltr'>De</span> <span class='ocrx_word' id='word_1_419' title='bbox 1259 2853 1333 2890; x_wconf 82' lang='lat' dir='ltr'>qua</span> <span class='ocrx_word' id='word_1_420' title='bbox 1361 2853 1400 2878; x_wconf 88' lang='lat' dir='ltr'>re</span> <span class='ocrx_word' id='word_1_421' title='bbox 1428 2842 1552 2877; x_wconf 87' lang='lat' dir='ltr'>monet</span> 
     </span>
    </p>
   </div>
  </div>
 </body>
</html>
