1904 3304
464 274 549 315 530

435 388 457 422 3
468 379 654 436 Σπάρτῃ
702 381 948 435 βασιληΐην.

862 271 1334 312 HERODOTI

1017 381 1297 439 αὐξηθέντων
1340 384 1386 427 δὲ
1429 388 1518 428 τῶν
1563 382 1734 440 ἀδελφι-

466 451 597 500 δέων,
637 451 712 493 aaz
746 450 1095 508 παραλαβόντων
1132 453 1214 510 τήν
1254 452 1411 510 ἀρχὴν,
1454 454 1570 498 οὕτω
1611 453 1663 510 δή
1707 453 1789 498 645

470 521 617 577 Θήρας
648 521 794 565 δεινόν
822 522 1081 578 ποιεύμενος
1110 522 1320 580 ἄρχεσθαι
1348 522 1427 567 ὑπ’
1452 524 1614 574 ἄλλων,
1643 524 1735 569 ἐπεί

465 608 510 635 τε
540 590 747 647 ἐγεύσατο
779 590 932 648 ἀρχῆς,
962 592 1045 636 οὐκ
1076 593 1159 650 ἔφη
1190 595 1335 650 μένειν
1368 596 1415 638 ἐν
1445 599 1497 651 τῇ
1526 597 1734 639 Λακεδαί-

433 668 586 717 4μονι,
619 659 711 705 ἀλλ’
743 663 1099 708 ἀποπλεύσεσθαι
1128 664 1170 715 ἐς
1199 664 1302 717 τούς
1330 667 1576 722 συγγενέας.
1620 662 1734 723 ἦσαν

467 733 512 777 ὁὲ
542 733 588 776 έν
618 736 672 790 τῇ
705 737 790 778 νῦν
825 733 946 792 Θήρῃ
977 734 1217 791 καλεομένῃ
1247 735 1388 793 νήσῳ,
1430 736 1648 792 πρότερον
1686 736 1732 780 δὲ

469 926 511 967 ἐν
531 928 582 982 τῇ
601 928 678 965 νῦν
701 922 816 981 Θήρῃ
853 926 1072 981 καλεομένῃ

411 979 539 1037 νήσῳ,
552 980 746 1035 πρότερον
760 982 802 1022 δὲ
816 986 1013 1039 Καλλίστῃ
1026 987 1075 1039 τῇ

412 1037 514 1094 αὐτῇ
534 1036 674 1094 ταύτῃ]
705 1041 762 1078 Tu
785 1041 830 1078 cf.
854 1055 933 1079 cum
955 1042 1075 1079 Hero-

413 1098 531 1134 doteis
553 1098 726 1134 Strabon.
749 1097 834 1133 VIII
856 1112 891 1148 p.
915 1099 996 1138 374
1014 1098 1073 1144 B.‚

412 1167 440 1191 s.
461 1152 542 1193 534
562 1152 604 1190 A.
645 1153 747 1190 XVII
774 1167 812 1203 p.
832 1156 912 1194 837
936 1155 979 1192 B.
995 1181 1005 1199 ,
1045 1167 1073 1190 s.

415 1209 523 1251 1194
550 1210 594 1247 Β.
646 1208 814 1260 Apollon.
848 1210 970 1247 Rhod.
999 1210 1022 1246 l.
1050 1211 1072 1246 l.

411 1266 569 1303 Pausan.
590 1265 679 1311 VII,
702 1269 728 1307 2
751 1263 787 1315 §.
808 1268 846 1305 2.
888 1266 1073 1304 Mannert.

413 1323 554 1370 Geogr.
599 1322 685 1358 VIII
721 1334 810 1372 pag.
847 1324 929 1363 730
968 1335 1072 1372 seqq.

416 1378 535 1416 Thera
571 1377 709 1425 insula,
752 1379 961 1428 Sporadum
986 1391 1072 1426 una,

412 1436 655 1472 ducentorum
710 1435 823 1472 ferme
872 1436 1072 1473 stadiorum

411 1491 573 1539 ambitu,
616 1504 710 1529 nunc
742 1493 892 1540 cognita
926 1492 1073 1529 nomine

413 1548 600 1594 Santerz'n‚
613 1560 642 1585 s.
657 1547 715 1585 St.
730 1547 833 1585 Irene
855 1552 891 1586 et
910 1549 1075 1598 eruptio-

411 1617 460 1642 ne
492 1603 665 1641 Vulcania
702 1604 850 1655 Olymp.
886 1604 1073 1651 CXXXV,

411 1659 437 1700 4
460 1662 496 1697 iu
521 1661 613 1697 duas
642 1661 759 1697 divisa
790 1665 936 1711 parteS,
982 1660 1073 1698 The-

409 1730 487 1754 ram
508 1722 546 1754 et
562 1716 773 1753 Therasiam
791 1718 879 1764 sive,
910 1722 952 1754 ut
976 1730 1073 1754 nunc

409 1780 564 1820 vocant,
607 1773 779 1810 Sunten'n
810 1778 847 1811 et
873 1774 1071 1823 Asprouisz'.

411 1830 518 1874 Quae
537 1829 621 1866 olim
640 1829 879 1880 pulcherrima
893 1831 1072 1867 omnium-

411 1899 484 1936 que
503 1899 620 1923 rerum
643 1892 821 1936 proventu
843 1887 998 1924 maxime
1017 1888 1073 1924 in-

410 1943 525 1990 signis
546 1943 657 1979 fuisse
687 1943 801 1980 fertur
825 1955 998 1991 aquarum
1023 1944 1070 1980 ob

410 1999 553 2049 copiam
571 2004 606 2036 et
623 1999 788 2035 eximiam
808 1999 875 2035 soli
888 2000 1070 2048 virtutem,

410 2067 454 2092 ea
480 2068 576 2091 nunc
604 2055 763 2092 fontibus
794 2068 942 2105 prorsus
971 2060 1072 2093 caret

409 2124 619 2160 magnaque
652 2124 696 2149 ex
715 2117 820 2162 parte
844 2112 937 2149 iacet
957 2113 1071 2149 exsic-

408 2173 511 2212 cata,
553 2180 774 2217 quamquam
799 2169 998 2205 etiamnum
1022 2169 1069 2206 ob

407 2223 603 2261 incolarum
629 2224 824 2262 sollertiam
843 2226 988 2262 Sericas
1007 2238 1070 2262 ve-

356 2313 359 2317 .
408 2285 484 2318 stes
513 2280 780 2318 conficientium
811 2281 992 2330 simulque
1021 2282 1069 2318 ob

408 2337 482 2372 vini
504 2338 756 2375 commercium
785 2337 880 2375 inter
907 2338 1069 2387 potiores

408 2391 521 2429 Maris
559 2391 697 2441 Aegaei
733 2393 865 2431 insulas
906 2394 1069 2432 habetur.

407 2447 488 2486 Nec
507 2449 645 2485 mireris
659 2478 670 2496 ‚
700 2461 780 2486 eam
805 2450 890 2487 inde
911 2451 1069 2499 antiqui-

406 2508 466 2541 tus
513 2509 680 2542 vocatam
728 2506 838 2543 fuisse
882 2505 1066 2553 Calle'sten,

405 2574 486 2598 cum
506 2560 738 2599 laetissimam
759 2563 930 2612 speciem,
956 2576 1064 2612 quam

404 2630 452 2654 ne
483 2630 579 2655 nunc
617 2618 764 2667 quidem
795 2631 944 2668 prorsus
981 2632 1066 2657 eva—

402 2673 526 2711 nuisse
543 2678 713 2720 narrant,
747 2675 941 2724 praeberet
961 2677 1064 2724 regio

403 2729 534 2778 sylvis,
583 2731 764 2776 sontibus,
808 2731 930 2768 rivulis
970 2732 1062 2769 bene

400 2785 592 2833 distincta;
644 2799 864 2836 quamquam
902 2787 1062 2826 Punicae

398 2841 563 2880 coloniae
595 2843 772 2881 Punicum
811 2856 959 2892 quoque
994 2857 1062 2881 no-

396 2911 479 2936 men
503 2900 786 2950 exspectandum
806 2900 918 2938 fuisse
935 2905 1061 2938 censet

1132 930 1177 967 C.
1198 928 1246 966 O.
1278 928 1419 967 Miiller.
1450 929 1672 967 Orchomen.
1703 943 1788 980 pag.

1132 986 1214 1026 325
1233 986 1311 1022 coll.
1333 989 1413 1025 322
1432 999 1534 1035 seqq.
1548 1015 1560 1032 ,
1590 987 1650 1023 ubi
1671 987 1718 1024 de
1736 988 1791 1023 in-

1132 1041 1232 1079 sulae
1253 1043 1325 1079 situ
1349 1043 1506 1091 fatisque
1531 1044 1700 1089 disserit3
1742 1043 1791 1080 de

1132 1111 1205 1147 quo
1243 1099 1372 1135 eodem
1409 1103 1625 1147 argumento
1663 1100 1790 1137 conse-

1132 1159 1257 1191 rantur
1279 1157 1518 1192 recentiorum
1539 1157 1792 1205 peregrinato-

1130 1224 1208 1246 rum
1255 1211 1461 1247 testimonia
1508 1212 1608 1260 apud
1650 1211 1684 1248 T
1689 1212 1791 1261 hrige

1130 1266 1228 1302 Hist.
1250 1268 1384 1315 Cyren.
1414 1280 1499 1317 pag.
1530 1268 1596 1308 36.
1648 1267 1791 1311 Quibus

1133 1322 1197 1359 Cr.
1218 1323 1308 1360 haec
1328 1324 1540 1374 adscripsit:
1600 1322 1791 1371 „Kam'zta

1130 1378 1371 1416 Phoenicibus
1409 1380 1505 1418 idem
1541 1381 1643 1429 quod
1676 1376 1789 1431 θήρα

1129 1439 1286 1473 venatus.
1338 1436 1436 1473 Illam
1466 1441 1588 1474 autem
1620 1449 1745 1475 vocem
1766 1449 1789 1474 a

1132 1492 1283 1530 Graecis
1302 1493 1340 1529 in
1361 1493 1560 1542 Καλλίστη
1580 1498 1788 1544 corruptam

1131 1561 1211 1586 esse
1232 1549 1367 1586 iudicat
1385 1549 1573 1586 Hamaker
1604 1551 1639 1586 in
1661 1549 1790 1588 Lettre

1129 1606 1150 1641 a
1171 1605 1241 1642 Ms.
1268 1605 1604 1643 RaouI·Rochette
1632 1619 1692 1642 sur
1717 1619 1789 1644 une

1128 1661 1298 1711 Inscript.
1331 1675 1375 1698 en
1407 1662 1563 1698 charact.
1583 1662 1730 1700 Phenic.
1752 1666 1791 1699 et

1130 1718 1269 1766 Grecq.
1290 1717 1395 1755 Leid.
1424 1720 1571 1759 1825.“
1589 1739 1644 1746 —
1684 1719 1790 1762 Quae

1129 1787 1212 1810 mox
1261 1775 1447 1810 subiicitur
1495 1775 1541 1811 ab
1594 1775 1788 1812 Herodoto

1128 1835 1333 1880 temporum
1352 1831 1580 1881 supputatio,
1597 1844 1677 1868 eam
1689 1831 1789 1868 omni

1127 1899 1251 1923 carere
1291 1887 1387 1923 iusto
1426 1887 1664 1925 fundamento
1701 1900 1788 1938 pro-

1128 1943 1272 1980 nuntiat
1293 1943 1391 1980 idem
1404 1942 1546 1981 Mulier.
1570 1943 1592 1980 I.
1608 1944 1645 1989 1.,
1669 1956 1787 1993 quon-

1127 2000 1198 2036 iam
1226 2001 1321 2037 facta
1341 2000 1388 2036 sit
1413 2000 1611 2037 secundum
1634 1999 1786 2038 Theba-

1126 2068 1255 2092 norum
1303 2069 1429 2105 regum
1471 2057 1626 2094 indicem
1669 2068 1787 2106 eoque

1125 2111 1220 2149 falso
1233 2113 1407 2149 innitatur
1421 2113 1673 2162 fundamentO,
1686 2112 1787 2162 quod

1127 2168 1308 2206 Theraica
1338 2169 1478 2206 colonia
1516 2182 1633 2219 aeque
1673 2174 1787 2218 atque

1126 2225 1218 2263 aliae
1251 2225 1468 2262 Phoenicum
1500 2239 1567 2276 per
1592 2225 1785 2263 Graeciam

1125 2281 1288 2319 coloniae
1314 2282 1362 2318 ad
1383 2282 1562 2319 Cadmum
1591 2292 1784 2332 perperam

1126 2339 1303 2376 referatur
1332 2344 1536 2385 auctorem,
1568 2350 1649 2374 cum
1666 2336 1784 2373 omnis

1125 2394 1184 2431 illa
1217 2395 1264 2432 de
1294 2395 1437 2431 Cadmo
1469 2394 1628 2431 narratio
1655 2393 1704 2429 ad
1728 2393 1784 2429 hi·

1125 2451 1273 2488 storiam
1309 2451 1453 2487 minime
1484 2450 1688 2500 pertineat,
1728 2449 1785 2485 id·

1125 2520 1196 2556 que
1217 2520 1327 2544 unum
1347 2512 1481 2542 certum
1502 2506 1614 2542 videri
1636 2505 1783 2552 debeat,
1846 2526 1849 2530 ι

1122 2563 1317 2600 Homerica
1338 2563 1511 2612 imprimis
1532 2566 1653 2600 aetate
1662 2561 1783 2599 Phoe-

1121 2620 1218 2656 nices
1247 2620 1282 2655 in
1305 2618 1521 2667 quibusdam
1541 2617 1682 2668 Aegaei
1703 2629 1782 2654 ma-

1121 2675 1170 2712 ris
1220 2674 1344 2711 insulis
1391 2676 1623 2721 consedisse3
1661 2686 1781 2723 eoque

1121 2732 1231 2769 etiam
1269 2732 1497 2769 referendam
1537 2731 1651 2769 videri
1683 2729 1782 2767 colo-

1118 2789 1213 2824 niam
1236 2787 1440 2824 Membliari
1458 2816 1469 2834 ‚
1498 2800 1593 2837 quae
1611 2787 1680 2824 hoc
1699 2786 1778 2823 Ioco

1117 2851 1431 2881 commemoretur.
1465 2844 1571 2887 Quae
1589 2844 1668 2894 ipsa
1681 2842 1779 2880 omni

1117 2901 1380 2947 fundamento,
1419 2914 1493 2949 quo
1519 2900 1695 2938 destituta
1725 2898 1779 2935 vi-
