1904 3304
493 241 1058 283 MELPOMENE.
1117 241 1179 278 IV.

177 364 199 398 4
213 355 480 402 Ποσειδέωνι
536 354 713 398 θύουσι.

1388 239 1473 279 399

783 351 1070 409 οὐνομάζεται
1127 350 1173 394 δὲ
1230 347 1471 398 Σκυθιστὶ,

200 429 325 484 Ἱστίη
355 427 455 482 μὲν,
493 428 662 482 Ταβιτί·
719 425 828 478 Ζεὺς
854 425 899 470 δὲ
928 423 1170 479 ὀρθότατα.
1216 420 1325 464 κατα
1355 419 1469 476 γνώ-

201 516 287 555 μην
327 514 374 554 γε
411 496 492 553 τήν
531 497 659 554 ἐμὴν,
713 498 974 553 καλεόμενος
1016 498 1238 544 Παπαῖος·

1302 495 1367 549 Γῆ
1404 492 1469 538 δὲ,

199 570 342 613 Ἀπία’
379 567 600 612 Ἀπόλλων
631 571 700 622 ὁὲ,
730 568 994 623 Οἰτόσυρος·
1030 564 1216 622 οὐρανίη
1242 565 1287 609 δὲ
1313 563 1525 620 'Ampe-40

145 745 334 797 λεόμειιοι,
358 750 459 796 quod
479 762 500 787 a
520 749 679 800 pluribus
705 747 804 784 libris

145 812 180 842 et
209 806 292 842 edd.
321 804 429 853 vulgo
455 807 570 844 abest.
627 804 686 843 De
714 803 802 854 ipsis

144 862 288 910 Scythis
332 864 442 909 regiis
487 864 582 900 conf.
623 864 718 899 nott.
757 859 804 895 ad

145 918 208 961 lv,
231 921 295 959 20.
338 918 522 957 observat
542 920 678 956 Giirres
692 945 702 964 ,
725 915 803 952 loco

144 988 228 1012 mox
274 974 481 1022 laudando,
536 976 665 1014 eadem
714 974 804 1019 fere,

145 1044 238 1080 quae
259 1032 305 1068 de
324 1031 469 1081 Scythis
492 1032 525 1068 h.
544 1032 565 1068 l.
584 1032 803 1075 reserantur,

145 1089 191 1126 de
213 1087 399 1136 Morigolis
425 1090 521 1126 tradi
543 1090 578 1125 in
603 1090 696 1126 sarna
715 1099 805 1136 gen-

143 1145 188 1181 tis
208 1145 392 1193 indigena.
454 1145 521 1182 Cr.
543 1150 735 1196 praeterea
758 1143 804 1180 ad

143 1200 232 1238 haec
243 1202 399 1238 conferri
410 1202 485 1238 vult
497 1201 679 1239 Hununel.
692 1202 804 1238 Com-

143 1259 252 1308 peud.
279 1257 453 1295 Deutsch.
480 1257 636 1296 Alterth.
666 1271 744 1308 cap.
772 1259 802 1293 V

145 1313 180 1364 ἓ.
201 1317 226 1354 7
249 1326 333 1363 pag·
360 1317 412 1355 80
437 1328 514 1364 seq.
549 1320 585 1353 et
611 1314 803 1363 inghirami

144 1371 552 1409 Monumentietruschi.
583 1372 804 1421 Deglispec·

143 1427 198 1464 chi
219 1428 348 1463 inistici
368 1428 440 1464 tab,
463 1429 549 1465 Vm
571 1442 607 1478 p.
635 1431 725 1469 161.

208 1483 358 1534 Ταβιτί]
379 1485 508 1521 Refert
528 1486 595 1522 hue
616 1486 674 1522 De
692 1485 805 1520 Bros-

143 1552 200 1576 ses
236 1539 345 1576 Me'm.
376 1542 423 1577 de
458 1541 595 1580 l’Acad.
625 1542 659 1577 d.
692 1541 801 1576 inser.

140 1596 282 1632 XXXV
312 1609 348 1645 p.
373 1597 456 1637 497
486 1610 611 1634 vocem
643 1597 806 1633 Tlmmz'st

141 1656 179 1689 et
209 1652 430 1697 Thala—est,
470 1655 542 1702 qua
581 1656 694 1690 iustus
729 1654 804 1690 sive

135 1708 313 1760 perfectus
338 1710 515 1748 indicetur
542 1712 660 1759 iguis:
697 1711 802 1748 item-

142 1777 214 1814 que
245 1765 506 1817 Themiscyrmn
536 1769 566 1814 (i
594 1781 624 1804 e.
649 1767 802 1804 Themi-

142 1822 197 1859 dis
217 1823 363 1870 urbem)
392 1825 561 1873 adeoque
583 1824 801 1860 Thermodon

140 1892 207 1928 pro
230 1878 465 1916 Theano-don
497 1880 702 1928 (Themidis
730 1882 801 1917 flu-

142 1935 281 1982 vium),
311 1949 390 1972 cum
417 1936 569 1974 Themis
597 1938 724 1975 eadem
754 1937 803 1974 sit

143 1996 255 2040 atque
279 1991 404 2030 Vesta.
458 1993 653 2042 Anquetil‚
693 2007 801 2042 quem

143 2046 266 2083 laudat
304 2048 442 2086 Gorres
474 2049 754 2099 Mythengesch.
786 2050 801 2085 Ι

142 2117 227 2155 pag.
250 2105 327 2145 198
351 2106 520 2151 (notante
540 2106 624 2153 Cr.)
652 2112 690 2144 et
709 2107 803 2143 hanc

143 2173 267 2198 vocem
289 2166 325 2198 et
344 2167 506 2198 caeteras
527 2175 546 2200 e
562 2163 685 2210 lingua
699 2174 802 2199 sacra

142 2216 336 2254 Persarum
355 2218 513 2266 (Zend.)
532 2219 713 2267 explicare
725 2224 800 2255 stu-

142 2274 232 2310 duit.
272 2273 357 2316 Quo
377 2280 525 2313 auctore
548 2275 713 2326 Ταβιτί,
745 2279 802 2312 ta-

143 2330 237 2376 had,
265 2329 287 2366 i.
308 2344 338 2368 e.
369 2330 584 2380 calefactus;
618 2335 804 2379 Παπαῖος

143 2399 164 2423 a
190 2386 318 2433 Baba,
358 2391 484 2437 putem
528 2384 663 2435 Ἀπία,
706 2394 803 2427 terra

144 2443 190 2479 ab
219 2443 353 2491 ΑΡι-ία,
385 2445 529 2495 Ριιῖιί”ε;
583 2441 803 2497 Οἰτόσυρος

144 2499 274 2548 Apollo
301 2514 322 2537 a
342 2500 517 2549 Doetlare,
551 2503 573 2539 i.
596 2517 627 2540 e.
659 2503 801 2547 oculus;

142 2550 380 2605 Ἀρτίμπασα
408 2559 533 2596 Venus
564 2559 705 2597 Urania
735 2560 800 2608 (ab

145 2611 326 2662 Artpada)
349 2613 371 2650 i.
390 2627 421 2651 e.
441 2627 574 2664 magna
596 2618 736 2665 regina,
762 2621 804 2653 ut

146 2669 244 2716 apud
261 2668 478 2717 Mongolos3
513 2669 802 2724 Θαμιμασοίδας

145 2722 337 2773 Neptunus
359 2726 399 2772 (a
421 2727 558 2766 Taman
576 2728 706 2782 zadeh)
727 2731 748 2767 i.
770 2744 801 2768 e.

146 2783 288 2828 partum
310 2781 495 2820 adiuvans.

204 2833 440 2887 καλεόμενος
472 2839 677 2891 Παπαῖος]
712 2841 801 2879 Cum

149 2892 267 2930 Gaisf.
292 2899 328 2931 et
346 2893 475 2931 Matth.
501 2899 647 2946 reposui
668 2893 802 2938 καλεό-

863 759 995 794 μενος,
1021 744 1122 792 quod
1139 744 1308 781 meliores
1328 742 1408 780 libri
1427 742 1523 779 sere-

862 802 963 847 bant,
993 813 1067 837 non
1089 800 1318 850 improbante
1340 798 1525 847 Schwgh.‚

862 858 924 906 qui
961 858 996 893 in
1030 861 1133 894 textu
1160 857 1343 906 vulgatam
1375 855 1525 893 retinuit

861 914 1055 950 lectionem
1069 911 1256 951 καλέεται.
1280 913 1444 962 Respicit
1454 912 1522 948 huc

861 970 1028 1008 Eustath.
1057 970 1104 1006 ad
1131 970 1281 1008 Homer.
1302 970 1341 1006 11.
1366 983 1402 1020 p.
1424 967 1521 1016 565,

864 1030 888 1067 7
905 1041 933 1064 s.
958 1028 1061 1074 429,
1087 1030 1123 1066 3.
1156 1027 1197 1064 ln
1214 1041 1304 1065 voce
1325 1031 1522 1076 Παπαῖος,

862 1084 938 1122 sive
975 1087 1208 1133 Παππαῖος,
1240 1093 1278 1123 ut
1309 1089 1407 1137 apud
1437 1089 1523 1126 Ori-

862 1156 946 1191 gen.
978 1148 1094 1180 exstat
1123 1148 1238 1181 contr.
1265 1145 1360 1182 Cels.
1383 1144 1413 1181 V
1438 1158 1522 1195 pag.

863 1201 966 1246 609,
999 1200 1125 1236 Patris
1151 1214 1284 1239 nomen
1312 1202 1432 1240 inesse
1457 1216 1524 1252 pa-

861 1261 935 1302 tet,
967 1257 1028 1305 qui
1049 1257 1167 1305 idem,
1199 1263 1372 1296 monente
1390 1259 1524 1296 Eusta-

862 1313 963 1359 thio>
1031 1327 1104 1349 non
1165 1319 1310 1351 tantum
1363 1311 1524 1362 Ποῖπας,

864 1370 1046 1415 Παπίας,
1102 1366 1278 1417 Πάππας
1322 1372 1525 1419 dicebatur,

861 1439 985 1463 verum
1027 1428 1135 1463 etiam
1173 1429 1262 1474 Πᾶς
1294 1441 1320 1466 s,
1355 1431 1446 1476 Πᾶ,
1485 1433 1526 1465 ut

861 1489 977 1520 mater
1009 1485 1094 1520 Μᾶ.
1153 1484 1205 1521 Ac
1235 1490 1427 1534 praeterea
1457 1486 1526 1523 huc

860 1540 1024 1577 referunt
1063 1540 1187 1577 lovem
1218 1537 1367 1580 Πάπαν
1410 1555 1432 1578 a
1461 1542 1525 1578 Bi-

860 1596 981 1644 thynis
1029 1596 1162 1634 cultum
1206 1597 1367 1647 itemque
1408 1598 1522 1646 Attin,

861 1652 911 1688 sic
932 1653 1067 1688 dictum
1085 1657 1181 1691 teste
1198 1653 1352 1693 Diodor.
1374 1654 1437 1703 ΙΙΙ,
1467 1655 1522 1696 57

862 1713 899 1746 et
917 1708 1090 1759 lapidem,
1114 1711 1151 1747 in
1171 1723 1244 1761 quo
1265 1713 1401 1749 mentio
1419 1713 1525 1750 θεοῦ

857 1767 1051 1804 παπαίου.

919 1817 1166 1872 Οἰτόσυρος]
1190 1823 1353 1861 Vocatur
1372 1817 1521 1877 Γογγό-

860 1890 980 1929 συρος
1007 1881 1107 1928 apud
1130 1880 1275 1928 Origin·
1301 1894 1329 1918 c.
1350 1880 1449 1918 Cels.
1469 1879 1520 1917 VI

858 1949 945 1986 pag.
974 1938 1051 1976 661
1090 1940 1126 1974 et
1158 1932 1396 1987 Γοιτόσυρος
1424 1938 1524 1988 apud

858 1992 1019 2040 Hesych.
1041 1993 1056 2028 l
1077 2006 1113 2043 p.
1136 1994 1217 2033 847
1231 2021 1242 2040 ,
1273 1994 1319 2030 ob
1340 1995 1525 2043 digamma

857 2048 1058 2094 Aeolicum,
1087 2050 1229 2099 opinor,
1257 2051 1448 2088 adiectum.
1491 2050 1524 2087 E

857 2117 990 2153 graeco
1027 2109 1148 2152 etymo
1191 2119 1325 2143 nomen
1358 2111 1524 2157 repetere

858 2162 982 2199 studet
1017 2160 1153 2199 Alberti
1195 2163 1243 2199 ad
1275 2163 1437 2212 Hesyeh.
1476 2164 1521 2210 1.;

859 2217 895 2253 in
935 2231 1007 2266 quo
1042 2217 1261 2269 explicando
1299 2232 1374 2256 non
1405 2221 1520 2269 magis

858 2273 1057 2312 Pellutiero
1126 2277 1342 2314 successisse
1401 2278 1524 2315 scribit

860 2329 1087 2377 Lamherus,
1129 2332 1191 2380 qui
1227 2333 1308 2383 ips'e
1344 2346 1524 2370 memora·

860 2386 967 2424 bilem
988 2388 1260 2438 inscriptionem
1273 2390 1412 2440 profert
1431 2391 1526 2427 inter

860 2443 1050 2481 Gudianas
1079 2458 1163 2495 pag.
1199 2447 1252 2486 56
1285 2460 1337 2483 nr.
1372 2450 1419 2491 2,
1458 2447 1520 2484 ubi

861 2497 1101 2553 Οἰτόσκυρος
1129 2515 1332 2551 cognomen
1352 2503 1522 2540 tribuitur

858 2555 1000 2595 Dianae
1053 2564 1091 2597 et
1139 2558 1301 2609 Apollini
1348 2558 1517 2597 Mithrae.

857 2613 1000 2651 Rittero
1028 2620 1176 2653 auctore
1206 2614 1340 2666 (Erdk.
1368 2616 1400 2653 Il
1430 2629 1516 2666 pag.

859 2671 952 2710 906.
984 2670 1144 2709 Vorhall.
1168 2685 1253 2722 pag.
1276 2675 1371 2713 208.
1401 2675 1515 2720 268),

859 2727 921 2775 qui
956 2726 1137 2778 Apollinis
1171 2729 1387 2778 Scytharum
1427 2729 1518 2767 Dia-

857 2796 1002 2833 naeque
1033 2788 1166 2823 cultum
1192 2786 1239 2823 ad
1267 2785 1391 2823 Indica
1421 2785 1517 2822 Solis

858 2854 902 2879 ac
921 2840 1050 2880 Lunae
1069 2844 1183 2880 refert
1201 2853 1323 2891 sacra,
1352 2838 1516 2880 Οἰτόσυ-

859 2913 927 2951 ρος
954 2913 980 2936 s.
1003 2894 1238 2951 Γοιτόσυρος
1259 2912 1332 2936 non
1349 2898 1439 2935 alius
1460 2901 1516 2935 est
