<?xml version="1.0" encoding="UTF-8"?>
<!DOCTYPE html PUBLIC "-//W3C//DTD XHTML 1.0 Transitional//EN"
    "http://www.w3.org/TR/xhtml1/DTD/xhtml1-transitional.dtd">
<html xmlns="http://www.w3.org/1999/xhtml" xml:lang="en" lang="en">
 <head>
  <title>
</title>
<meta http-equiv="Content-Type" content="text/html;charset=utf-8" />
  <meta name='ocr-system' content='tesseract 3.04.00' />
  <meta name='ocr-capabilities' content='ocr_page ocr_carea ocr_par ocr_line ocrx_word'/>
</head>
<body>
  <div class='ocr_page' id='page_1' title='image "./musaeherodoto02hero_0033.png"; bbox 0 0 1904 3304; ppageno 0'>
   <div class='ocr_carea' id='block_1_1' title="bbox 610 261 1084 301">
    <p class='ocr_par' dir='ltr' id='par_1_1' title="bbox 610 261 1084 301">
     <span class='ocr_line' id='line_1_1' title="bbox 610 261 1084 301; baseline 0 -1"><span class='ocrx_word' id='word_1_1' title='bbox 610 261 962 301; x_wconf 80' lang='lat' dir='ltr'><strong>THAL1A‚</strong></span> <span class='ocrx_word' id='word_1_2' title='bbox 1020 262 1084 301; x_wconf 89' lang='lat'>111.</span> 
     </span>
    </p>
   </div>
   <div class='ocr_carea' id='block_1_2' title="bbox 1421 265 1478 305">
    <p class='ocr_par' dir='ltr' id='par_1_2' title="bbox 1421 265 1478 305">
     <span class='ocr_line' id='line_1_2' title="bbox 1421 265 1478 305; baseline 0.018 -1"><span class='ocrx_word' id='word_1_3' title='bbox 1421 265 1478 305; x_wconf 84' lang='lat'><strong><em>25</em></strong></span> 
     </span>
    </p>
   </div>
   <div class='ocr_carea' id='block_1_3' title="bbox 178 372 1476 502">
    <p class='ocr_par' dir='ltr' id='par_1_3' title="bbox 178 372 1476 502">
     <span class='ocr_line' id='line_1_3' title="bbox 178 372 1476 430; baseline 0.001 -15"><span class='ocrx_word' id='word_1_4' title='bbox 178 373 386 430; x_wconf 84' lang='grc' dir='ltr'><strong><em>7ἐποίησε</em></strong></span> <span class='ocrx_word' id='word_1_5' title='bbox 413 374 460 418; x_wconf 83' lang='grc' dir='ltr'><strong><em>τό</em></strong></span> <span class='ocrx_word' id='word_1_6' title='bbox 485 375 559 418; x_wconf 85' lang='grc' dir='ltr'><strong><em>καὶ</em></strong></span> <span class='ocrx_word' id='word_1_7' title='bbox 588 374 656 418; x_wconf 80' lang='grc' dir='ltr'><strong><em>ἐπὶ</em></strong></span> <span class='ocrx_word' id='word_1_8' title='bbox 686 375 740 430; x_wconf 83' lang='grc' dir='ltr'><strong><em>τῇ</em></strong></span> <span class='ocrx_word' id='word_1_9' title='bbox 768 372 970 429; x_wconf 79' lang='grc' dir='ltr'><strong><em>θυγατρί.</em></strong></span> <span class='ocrx_word' id='word_1_10' title='bbox 1001 372 1315 427; x_wconf 77' lang='grc' dir='ltr'><strong><em>παρελθόντων</em></strong></span> <span class='ocrx_word' id='word_1_11' title='bbox 1336 372 1382 416; x_wconf 73' lang='grc' dir='ltr'><strong><em>δὲ</em></strong></span> <span class='ocrx_word' id='word_1_12' title='bbox 1402 374 1476 417; x_wconf 88' lang='grc' dir='ltr'><strong><em>καὶ</em></strong></span> 
     </span>
     <span class='ocr_line' id='line_1_4' title="bbox 206 443 1476 502; baseline 0 -15"><span class='ocrx_word' id='word_1_13' title='bbox 206 443 404 495; x_wconf 86' lang='grc' dir='ltr'><strong><em>τούτων,</em></strong></span> <span class='ocrx_word' id='word_1_14' title='bbox 436 445 663 502; x_wconf 85' lang='grc' dir='ltr'><strong><em>συνήνεικε</em></strong></span> <span class='ocrx_word' id='word_1_15' title='bbox 695 444 753 496; x_wconf 76' lang='grc' dir='ltr'><strong><em>ὥς</em></strong></span> <span class='ocrx_word' id='word_1_16' title='bbox 781 461 824 487; x_wconf 93' lang='grc' dir='ltr'><strong><em>τε</em></strong></span> <span class='ocrx_word' id='word_1_17' title='bbox 855 448 942 487; x_wconf 79' lang='grc' dir='ltr'><strong><em>τῶν</em></strong></span> <span class='ocrx_word' id='word_1_18' title='bbox 971 444 1228 499; x_wconf 79' lang='grc' dir='ltr'><em>συμποτέων</em></span> <span class='ocrx_word' id='word_1_19' title='bbox 1261 446 1304 488; x_wconf 86' lang='grc' dir='ltr'><strong><em>οἱ</em></strong></span> <span class='ocrx_word' id='word_1_20' title='bbox 1337 443 1476 498; x_wconf 79' lang='grc' dir='ltr'><strong><em>ἄνδρα</em></strong></span> 
     </span>
    </p>
   </div>
   <div class='ocr_carea' id='block_1_4' title="bbox 202 513 1532 787">
    <p class='ocr_par' dir='ltr' id='par_1_4' title="bbox 202 513 1532 787">
     <span class='ocr_line' id='line_1_5' title="bbox 205 513 1476 573; baseline 0 -13"><span class='ocrx_word' id='word_1_21' title='bbox 205 514 568 573; x_wconf 78' lang='grc' dir='ltr'><strong><em>ἀπηλικέστερον,</em></strong></span> <span class='ocrx_word' id='word_1_22' title='bbox 597 514 899 560; x_wconf 80' lang='grc' dir='ltr'><strong><em>ἐκπεπτωκότα</em></strong></span> <span class='ocrx_word' id='word_1_23' title='bbox 920 515 965 559; x_wconf 77' lang='grc' dir='ltr'><strong><em>ἐκ</em></strong></span> <span class='ocrx_word' id='word_1_24' title='bbox 989 518 1078 558; x_wconf 78' lang='grc' dir='ltr'><strong><em>τῶν</em></strong></span> <span class='ocrx_word' id='word_1_25' title='bbox 1099 513 1262 559; x_wconf 77' lang='grc' dir='ltr'><strong><em>ἐόντων</em></strong></span> <span class='ocrx_word' id='word_1_26' title='bbox 1278 549 1288 568; x_wconf 88' lang='grc'><strong><em>,</em></strong></span> <span class='ocrx_word' id='word_1_27' title='bbox 1320 516 1476 572; x_wconf 77' lang='grc' dir='ltr'><strong><em>ἔχοντά</em></strong></span> 
     </span>
     <span class='ocr_line' id='line_1_6' title="bbox 202 586 1532 645; baseline -0.003 -13"><span class='ocrx_word' id='word_1_28' title='bbox 202 604 248 632; x_wconf 84' lang='grc' dir='ltr'><strong><em>τε</em></strong></span> <span class='ocrx_word' id='word_1_29' title='bbox 278 587 429 642; x_wconf 78' lang='grc' dir='ltr'><strong><em>οὐδὲν,</em></strong></span> <span class='ocrx_word' id='word_1_30' title='bbox 465 591 500 632; x_wconf 87' lang='grc' dir='ltr'><strong><em>εἰ</em></strong></span> <span class='ocrx_word' id='word_1_31' title='bbox 529 588 586 645; x_wconf 76' lang='grc' dir='ltr'><strong><em>μή</em></strong></span> <span class='ocrx_word' id='word_1_32' title='bbox 622 588 703 632; x_wconf 85' lang='grc' dir='ltr'><strong><em>ὅσα</em></strong></span> <span class='ocrx_word' id='word_1_33' title='bbox 733 586 926 643; x_wconf 85' lang='grc' dir='ltr'><strong><em>πτωχὸς,</em></strong></span> <span class='ocrx_word' id='word_1_34' title='bbox 956 587 1029 630; x_wconf 85' lang='grc' dir='ltr'><strong><em>καὶ</em></strong></span> <span class='ocrx_word' id='word_1_35' title='bbox 1051 587 1371 642; x_wconf 79' lang='grc' dir='ltr'><strong><em>προσαιτέοντα</em></strong></span> <span class='ocrx_word' id='word_1_36' title='bbox 1397 587 1532 643; x_wconf 64' lang='grc' dir='ltr'><strong><em>τὴν45</em></strong></span> 
     </span>
     <span class='ocr_line' id='line_1_7' title="bbox 204 656 1474 717; baseline -0.001 -14"><span class='ocrx_word' id='word_1_37' title='bbox 204 661 432 717; x_wconf 82' lang='grc' dir='ltr'><strong><em>στρατιὴν,</em></strong></span> <span class='ocrx_word' id='word_1_38' title='bbox 475 659 681 714; x_wconf 77' lang='grc' dir='ltr'><strong><em>παριέναι</em></strong></span> <span class='ocrx_word' id='word_1_39' title='bbox 727 656 1017 714; x_wconf 81' lang='grc' dir='ltr'><strong><em>Ψαμμήνιτόν</em></strong></span> <span class='ocrx_word' id='word_1_40' title='bbox 1057 673 1100 701; x_wconf 90' lang='grc' dir='ltr'><strong><em>τε</em></strong></span> <span class='ocrx_word' id='word_1_41' title='bbox 1147 657 1224 702; x_wconf 89' lang='grc' dir='ltr'><strong><em>τὸν</em></strong></span> <span class='ocrx_word' id='word_1_42' title='bbox 1261 656 1474 714; x_wconf 80' lang='grc' dir='ltr'><strong><em>Ἀμάσιος,</em></strong></span> 
     </span>
     <span class='ocr_line' id='line_1_8' title="bbox 202 729 1477 787; baseline -0.002 -12"><span class='ocrx_word' id='word_1_43' title='bbox 202 732 275 775; x_wconf 84' lang='grc' dir='ltr'><strong><em>καὶ</em></strong></span> <span class='ocrx_word' id='word_1_44' title='bbox 312 731 416 783; x_wconf 83' lang='grc' dir='ltr'><strong><em>τούς</em></strong></span> <span class='ocrx_word' id='word_1_45' title='bbox 456 732 503 775; x_wconf 87' lang='grc' dir='ltr'><strong><em>έν</em></strong></span> <span class='ocrx_word' id='word_1_46' title='bbox 542 736 603 787; x_wconf 79' lang='grc' dir='ltr'><strong><em>τῷ</em></strong></span> <span class='ocrx_word' id='word_1_47' title='bbox 634 730 879 786; x_wconf 83' lang='grc' dir='ltr'><strong><em>προαστείῳ</em></strong></span> <span class='ocrx_word' id='word_1_48' title='bbox 911 729 1182 784; x_wconf 81' lang='grc' dir='ltr'><strong><em>κατημένους</em></strong></span> <span class='ocrx_word' id='word_1_49' title='bbox 1215 733 1305 773; x_wconf 75' lang='grc' dir='ltr'><strong><em>τῶν</em></strong></span> <span class='ocrx_word' id='word_1_50' title='bbox 1336 732 1477 786; x_wconf 76' lang='grc' dir='ltr'><strong><em>Αἰγυ-</em></strong></span> 
     </span>
    </p>
   </div>
   <div class='ocr_carea' id='block_1_5' title="bbox 174 804 352 846">
    <p class='ocr_par' dir='ltr' id='par_1_5' title="bbox 174 804 352 846">
     <span class='ocr_line' id='line_1_9' title="bbox 174 804 352 846; baseline 0 0"><span class='ocrx_word' id='word_1_51' title='bbox 174 809 194 843; x_wconf 92' lang='grc'>8</span> <span class='ocrx_word' id='word_1_52' title='bbox 205 804 352 846; x_wconf 84' lang='grc' dir='ltr'><strong><em>πτίων.</em></strong></span> 
     </span>
    </p>
   </div>
   <div class='ocr_carea' id='block_1_6' title="bbox 414 797 1478 858">
    <p class='ocr_par' dir='ltr' id='par_1_6' title="bbox 414 797 1478 858">
     <span class='ocr_line' id='line_1_10' title="bbox 414 797 1478 858; baseline -0.001 -12"><span class='ocrx_word' id='word_1_53' title='bbox 414 802 437 846; x_wconf 93' lang='grc' dir='ltr'>ὁ</span> <span class='ocrx_word' id='word_1_54' title='bbox 469 804 514 846; x_wconf 76' lang='grc' dir='ltr'><strong><em>δὲ</em></strong></span> <span class='ocrx_word' id='word_1_55' title='bbox 554 799 837 858; x_wconf 80' lang='grc' dir='ltr'><strong><em>Ψαμμήνιτος</em></strong></span> <span class='ocrx_word' id='word_1_56' title='bbox 870 799 928 850; x_wconf 76' lang='grc' dir='ltr'><strong><em>ὦς</em></strong></span> <span class='ocrx_word' id='word_1_57' title='bbox 959 797 1066 849; x_wconf 80' lang='grc' dir='ltr'><strong><em>εἶδε,</em></strong></span> <span class='ocrx_word' id='word_1_58' title='bbox 1098 798 1380 852; x_wconf 72' lang='grc' dir='ltr'><strong><em>ἀνακλαύσας</em></strong></span> <span class='ocrx_word' id='word_1_59' title='bbox 1409 801 1478 857; x_wconf 89' lang='grc' dir='ltr'><strong><em>μέ-</em></strong></span> 
     </span>
    </p>
   </div>
   <div class='ocr_carea' id='block_1_7' title="bbox 171 870 1534 1072">
    <p class='ocr_par' dir='ltr' id='par_1_7' title="bbox 171 870 1534 1072">
     <span class='ocr_line' id='line_1_11' title="bbox 200 870 1476 930; baseline -0.001 -12"><span class='ocrx_word' id='word_1_60' title='bbox 200 891 280 930; x_wconf 71' lang='grc' dir='ltr'><strong><em>γα,</em></strong></span> <span class='ocrx_word' id='word_1_61' title='bbox 320 874 392 917; x_wconf 84' lang='grc' dir='ltr'><strong><em>καὶ</em></strong></span> <span class='ocrx_word' id='word_1_62' title='bbox 431 875 615 925; x_wconf 80' lang='grc' dir='ltr'><strong><em>καλέσας</em></strong></span> <span class='ocrx_word' id='word_1_63' title='bbox 655 870 869 929; x_wconf 88' lang='grc' dir='ltr'><strong><em>ου’νόματι</em></strong></span> <span class='ocrx_word' id='word_1_64' title='bbox 905 871 984 914; x_wconf 82' lang='grc' dir='ltr'><strong><em>τόν</em></strong></span> <span class='ocrx_word' id='word_1_65' title='bbox 1024 870 1225 925; x_wconf 75' lang='grc' dir='ltr'><strong><em>ἑταῖρον,</em></strong></span> <span class='ocrx_word' id='word_1_66' title='bbox 1269 871 1476 929; x_wconf 79' lang='grc' dir='ltr'><strong><em>ἐπλήξατο</em></strong></span> 
     </span>
     <span class='ocr_line' id='line_1_12' title="bbox 171 940 1534 1002; baseline -0.001 -16"><span class='ocrx_word' id='word_1_67' title='bbox 171 945 286 1002; x_wconf 75' lang='grc' dir='ltr'><strong><em>9την</em></strong></span> <span class='ocrx_word' id='word_1_68' title='bbox 315 946 523 1001; x_wconf 75' lang='grc' dir='ltr'><strong><em>κεφαλήν.</em></strong></span> <span class='ocrx_word' id='word_1_69' title='bbox 573 941 714 988; x_wconf 81' lang='grc' dir='ltr'><strong><em>Ἷ-Ισαν</em></strong></span> <span class='ocrx_word' id='word_1_70' title='bbox 744 942 787 987; x_wconf 86' lang='grc' dir='ltr'><strong><em>δ’</em></strong></span> <span class='ocrx_word' id='word_1_71' title='bbox 819 943 904 998; x_wconf 76' lang='grc' dir='ltr'><strong><em>ἄρα</em></strong></span> <span class='ocrx_word' id='word_1_72' title='bbox 931 940 1071 986; x_wconf 82' lang='grc' dir='ltr'><strong><em>αὐτοῦ</em></strong></span> <span class='ocrx_word' id='word_1_73' title='bbox 1102 942 1321 998; x_wconf 81' lang='grc' dir='ltr'><strong><em>φύλακοι,</em></strong></span> <span class='ocrx_word' id='word_1_74' title='bbox 1356 947 1399 987; x_wconf 80' lang='grc' dir='ltr'><strong><em>οἳ</em></strong></span> <span class='ocrx_word' id='word_1_75' title='bbox 1429 945 1534 988; x_wconf 87' lang='grc' dir='ltr'><strong><em>τό50</em></strong></span> 
     </span>
     <span class='ocr_line' id='line_1_13' title="bbox 201 1013 1478 1072; baseline -0.002 -13"><span class='ocrx_word' id='word_1_76' title='bbox 201 1016 467 1072; x_wconf 81' lang='grc' dir='ltr'><strong><em>ποιεύμενον</em></strong></span> <span class='ocrx_word' id='word_1_77' title='bbox 498 1019 587 1058; x_wconf 81' lang='grc' dir='ltr'><strong><em>πᾶν</em></strong></span> <span class='ocrx_word' id='word_1_78' title='bbox 618 1015 659 1068; x_wconf 72' lang='grc' dir='ltr'><strong><em>ἐξ</em></strong></span> <span class='ocrx_word' id='word_1_79' title='bbox 700 1015 872 1060; x_wconf 77' lang='grc' dir='ltr'><strong><em>ἐκείνου</em></strong></span> <span class='ocrx_word' id='word_1_80' title='bbox 903 1013 973 1058; x_wconf 80' lang='grc' dir='ltr'><strong><em>ἐπ’</em></strong></span> <span class='ocrx_word' id='word_1_81' title='bbox 1011 1013 1168 1071; x_wconf 78' lang='grc' dir='ltr'><strong><em>ἑκάστῃ</em></strong></span> <span class='ocrx_word' id='word_1_82' title='bbox 1199 1013 1332 1072; x_wconf 75' lang='grc' dir='ltr'><strong><em>ἐξόδῳ</em></strong></span> <span class='ocrx_word' id='word_1_83' title='bbox 1358 1018 1478 1071; x_wconf 85' lang='grc' dir='ltr'><strong><em>Καμ-</em></strong></span> 
     </span>
    </p>
   </div>
   <div class='ocr_carea' id='block_1_8' title="bbox 147 1086 617 1145">
    <p class='ocr_par' dir='ltr' id='par_1_8' title="bbox 147 1086 617 1145">
     <span class='ocr_line' id='line_1_14' title="bbox 147 1086 617 1145; baseline 0.004 -18"><span class='ocrx_word' id='word_1_84' title='bbox 147 1095 190 1127; x_wconf 89' lang='grc'><strong>10</strong></span> <span class='ocrx_word' id='word_1_85' title='bbox 202 1087 316 1145; x_wconf 82' lang='grc' dir='ltr'><strong><em>βύσῃ</em></strong></span> <span class='ocrx_word' id='word_1_86' title='bbox 367 1086 617 1144; x_wconf 80' lang='grc' dir='ltr'><strong><em>ἐσήμαινον.</em></strong></span> 
     </span>
    </p>
   </div>
   <div class='ocr_carea' id='block_1_9' title="bbox 681 1083 1477 1144">
    <p class='ocr_par' dir='ltr' id='par_1_9' title="bbox 681 1083 1477 1144">
     <span class='ocr_line' id='line_1_15' title="bbox 681 1083 1477 1144; baseline -0.004 -12"><span class='ocrx_word' id='word_1_87' title='bbox 681 1087 924 1144; x_wconf 78' lang='grc' dir='ltr'><strong><em>θωυμάσας</em></strong></span> <span class='ocrx_word' id='word_1_88' title='bbox 968 1087 1013 1130; x_wconf 81' lang='grc' dir='ltr'><strong><em>δὲ</em></strong></span> <span class='ocrx_word' id='word_1_89' title='bbox 1061 1083 1085 1128; x_wconf 87' lang='grc' dir='ltr'>ὁ</span> <span class='ocrx_word' id='word_1_90' title='bbox 1133 1085 1377 1143; x_wconf 81' lang='grc' dir='ltr'><strong><em>Καμβύσης</em></strong></span> <span class='ocrx_word' id='word_1_91' title='bbox 1423 1085 1477 1129; x_wconf 79' lang='grc' dir='ltr'><strong><em>τοὶ</em></strong></span> 
     </span>
    </p>
   </div>
   <div class='ocr_carea' id='block_1_10' title="bbox 147 1155 1534 1571">
    <p class='ocr_par' dir='ltr' id='par_1_10' title="bbox 147 1155 1534 1571">
     <span class='ocr_line' id='line_1_16' title="bbox 200 1155 1479 1215; baseline -0.002 -13"><span class='ocrx_word' id='word_1_92' title='bbox 200 1158 468 1215; x_wconf 82' lang='grc' dir='ltr'><strong><em>ποιεύμενα,</em></strong></span> <span class='ocrx_word' id='word_1_93' title='bbox 512 1159 685 1213; x_wconf 80' lang='grc' dir='ltr'><strong><em>πέμψας</em></strong></span> <span class='ocrx_word' id='word_1_94' title='bbox 717 1158 924 1215; x_wconf 79' lang='grc' dir='ltr'><strong><em>ἄγγελον,</em></strong></span> <span class='ocrx_word' id='word_1_95' title='bbox 958 1155 1117 1212; x_wconf 76' lang='grc' dir='ltr'><strong><em>εἰρώτα</em></strong></span> <span class='ocrx_word' id='word_1_96' title='bbox 1149 1155 1308 1209; x_wconf 81' lang='grc' dir='ltr'><strong><em>αὐτὸν,</em></strong></span> <span class='ocrx_word' id='word_1_97' title='bbox 1340 1156 1479 1212; x_wconf 83' lang='grc' dir='ltr'><strong><em>λέγων</em></strong></span> 
     </span>
     <span class='ocr_line' id='line_1_17' title="bbox 147 1227 1478 1287; baseline 0.001 -17"><span class='ocrx_word' id='word_1_98' title='bbox 147 1229 320 1274; x_wconf 79' lang='grc' dir='ltr'><strong><em>11τοὲδε·</em></strong></span> <span class='ocrx_word' id='word_1_99' title='bbox 380 1264 405 1284; x_wconf 92' lang='grc'><strong><em>,,</em></strong></span> <span class='ocrx_word' id='word_1_100' title='bbox 419 1230 644 1287; x_wconf 83' lang='grc' dir='ltr'><strong><em>Δεσπότης</em></strong></span> <span class='ocrx_word' id='word_1_101' title='bbox 684 1242 730 1275; x_wconf 89' lang='grc' dir='ltr'><strong><em>σε</em></strong></span> <span class='ocrx_word' id='word_1_102' title='bbox 774 1230 1035 1287; x_wconf 84' lang='grc' dir='ltr'><strong><em>Καμβύσης,</em></strong></span> <span class='ocrx_word' id='word_1_103' title='bbox 1083 1227 1364 1284; x_wconf 82' lang='grc' dir='ltr'><strong><em>Ψαμμήνιτε,</em></strong></span> <span class='ocrx_word' id='word_1_104' title='bbox 1416 1230 1478 1272; x_wconf 81' lang='grc' dir='ltr'><strong><em>εἰ-</em></strong></span> 
     </span>
     <span class='ocr_line' id='line_1_18' title="bbox 201 1300 1534 1359; baseline -0.002 -15"><span class='ocrx_word' id='word_1_105' title='bbox 201 1304 339 1359; x_wconf 75' lang='grc' dir='ltr'><strong><em>ρωτᾷ,</em></strong></span> <span class='ocrx_word' id='word_1_106' title='bbox 373 1300 484 1345; x_wconf 86' lang='grc' dir='ltr'><strong><em>διότι</em></strong></span> <span class='ocrx_word' id='word_1_107' title='bbox 516 1301 567 1357; x_wconf 70' lang='grc' dir='ltr'><strong><em>δή</em></strong></span> <span class='ocrx_word' id='word_1_108' title='bbox 598 1301 678 1358; x_wconf 81' lang='grc' dir='ltr'><strong><em>τὴν</em></strong></span> <span class='ocrx_word' id='word_1_109' title='bbox 708 1302 787 1359; x_wconf 76' lang='grc' dir='ltr'><strong><em>μὲν</em></strong></span> <span class='ocrx_word' id='word_1_110' title='bbox 815 1301 1039 1358; x_wconf 78' lang='grc' dir='ltr'><strong><em>θυγατέρα</em></strong></span> <span class='ocrx_word' id='word_1_111' title='bbox 1071 1300 1208 1356; x_wconf 84' lang='grc' dir='ltr'><strong><em>ὁρέων</em></strong></span> <span class='ocrx_word' id='word_1_112' title='bbox 1237 1300 1534 1356; x_wconf 85' lang='grc' dir='ltr'><strong><em>κεκακωμέ-55</em></strong></span> 
     </span>
     <span class='ocr_line' id='line_1_19' title="bbox 199 1369 1478 1428; baseline 0 -14"><span class='ocrx_word' id='word_1_113' title='bbox 199 1387 295 1428; x_wconf 84' lang='grc' dir='ltr'><strong><em>νην,</em></strong></span> <span class='ocrx_word' id='word_1_114' title='bbox 318 1372 390 1415; x_wconf 87' lang='grc' dir='ltr'><strong><em>καὶ</em></strong></span> <span class='ocrx_word' id='word_1_115' title='bbox 409 1372 489 1416; x_wconf 82' lang='grc' dir='ltr'><strong><em>τόν</em></strong></span> <span class='ocrx_word' id='word_1_116' title='bbox 509 1375 644 1416; x_wconf 83' lang='grc' dir='ltr'><strong><em>παῖδα</em></strong></span> <span class='ocrx_word' id='word_1_117' title='bbox 670 1373 740 1416; x_wconf 81' lang='grc' dir='ltr'><strong><em>ἐπὶ</em></strong></span> <span class='ocrx_word' id='word_1_118' title='bbox 760 1373 959 1417; x_wconf 73' lang='grc' dir='ltr'><strong><em>θάνατον</em></strong></span> <span class='ocrx_word' id='word_1_119' title='bbox 984 1374 1220 1428; x_wconf 86' lang='grc' dir='ltr'><strong><em>στείχοντα,</em></strong></span> <span class='ocrx_word' id='word_1_120' title='bbox 1257 1370 1357 1414; x_wconf 83' lang='grc' dir='ltr'><strong><em>οὔτε</em></strong></span> <span class='ocrx_word' id='word_1_121' title='bbox 1384 1369 1478 1415; x_wconf 80' lang='grc' dir='ltr'><strong><em>ἀνέ-</em></strong></span> 
     </span>
     <span class='ocr_line' id='line_1_20' title="bbox 201 1441 1479 1499; baseline 0 -13"><span class='ocrx_word' id='word_1_122' title='bbox 201 1445 361 1499; x_wconf 85' lang='grc' dir='ltr'><strong><em>βωσας,</em></strong></span> <span class='ocrx_word' id='word_1_123' title='bbox 390 1443 490 1488; x_wconf 83' lang='grc' dir='ltr'><strong><em>οὕτε</em></strong></span> <span class='ocrx_word' id='word_1_124' title='bbox 519 1442 815 1496; x_wconf 71' lang='grc' dir='ltr'><strong><em>ἀπέκλαυσας·</em></strong></span> <span class='ocrx_word' id='word_1_125' title='bbox 859 1445 937 1488; x_wconf 88' lang='grc' dir='ltr'><strong><em>τὸν</em></strong></span> <span class='ocrx_word' id='word_1_126' title='bbox 962 1443 1007 1487; x_wconf 77' lang='grc' dir='ltr'><strong><em>δὲ</em></strong></span> <span class='ocrx_word' id='word_1_127' title='bbox 1034 1442 1219 1498; x_wconf 83' lang='grc' dir='ltr'><strong><em>πτωχὸν,</em></strong></span> <span class='ocrx_word' id='word_1_128' title='bbox 1248 1441 1379 1485; x_wconf 79' lang='grc' dir='ltr'><strong><em>οὐδέν</em></strong></span> <span class='ocrx_word' id='word_1_129' title='bbox 1408 1454 1479 1486; x_wconf 88' lang='grc' dir='ltr'><strong><em>σοι</em></strong></span> 
     </span>
     <span class='ocr_line' id='line_1_21' title="bbox 202 1510 1478 1571; baseline -0.001 -14"><span class='ocrx_word' id='word_1_130' title='bbox 202 1513 499 1571; x_wconf 87' lang='grc' dir='ltr'><strong><em>προσήκοντα,</em></strong></span> <span class='ocrx_word' id='word_1_131' title='bbox 522 1516 580 1568; x_wconf 73' lang='grc' dir='ltr'><strong><em>ὣς</em></strong></span> <span class='ocrx_word' id='word_1_132' title='bbox 600 1515 743 1560; x_wconf 81' lang='grc' dir='ltr'><strong><em>ἄλλων</em></strong></span> <span class='ocrx_word' id='word_1_133' title='bbox 755 1515 1040 1567; x_wconf 77' lang='grc' dir='ltr'><strong><em>πυνθάνεται,</em></strong></span> <span class='ocrx_word' id='word_1_134' title='bbox 1062 1513 1315 1569; x_wconf 71' lang='grc' dir='ltr'><strong><em>έτίμησαςς“</em></strong></span> <span class='ocrx_word' id='word_1_135' title='bbox 1329 1510 1383 1556; x_wconf 81' lang='lat'><strong><em>‘0</em></strong></span> <span class='ocrx_word' id='word_1_136' title='bbox 1399 1513 1478 1569; x_wconf 80' lang='grc' dir='ltr'><strong><em>μὲν</em></strong></span> 
     </span>
    </p>
   </div>
   <div class='ocr_carea' id='block_1_11' title="bbox 142 1711 811 2950">
    <p class='ocr_par' dir='ltr' id='par_1_11' title="bbox 142 1711 811 2326">
     <span class='ocr_line' id='line_1_22' title="bbox 144 1711 803 1765; baseline 0.003 -16"><span class='ocrx_word' id='word_1_137' title='bbox 144 1711 282 1750; x_wconf 83' lang='lat' dir='ltr'>Toxar.</span> <span class='ocrx_word' id='word_1_138' title='bbox 305 1726 384 1764; x_wconf 82' lang='lat' dir='ltr'>cap.</span> <span class='ocrx_word' id='word_1_139' title='bbox 406 1715 460 1756; x_wconf 84' lang='lat'><strong><em>33</em></strong></span> <span class='ocrx_word' id='word_1_140' title='bbox 488 1727 573 1765; x_wconf 80' lang='lat' dir='ltr'>pag.</span> <span class='ocrx_word' id='word_1_141' title='bbox 599 1718 688 1755; x_wconf 87' lang='lat'>111.</span> <span class='ocrx_word' id='word_1_142' title='bbox 730 1714 803 1751; x_wconf 81' lang='lat' dir='ltr'>Ita-</span> 
     </span>
     <span class='ocr_line' id='line_1_23' title="bbox 145 1769 808 1822; baseline 0.005 -16"><span class='ocrx_word' id='word_1_143' title='bbox 145 1782 216 1818; x_wconf 87' lang='lat' dir='ltr'><strong><em>que</em></strong></span> <span class='ocrx_word' id='word_1_144' title='bbox 240 1769 339 1806; x_wconf 76' lang='lat' dir='ltr'>haud</span> <span class='ocrx_word' id='word_1_145' title='bbox 361 1771 433 1807; x_wconf 88' lang='lat' dir='ltr'>scio</span> <span class='ocrx_word' id='word_1_146' title='bbox 456 1784 502 1807; x_wconf 82' lang='lat' dir='ltr'>an</span> <span class='ocrx_word' id='word_1_147' title='bbox 531 1771 597 1819; x_wconf 87' lang='lat' dir='ltr'><strong><em>IX,</em></strong></span> <span class='ocrx_word' id='word_1_148' title='bbox 619 1774 670 1811; x_wconf 80' lang='lat'><strong><em>33</em></strong></span> <span class='ocrx_word' id='word_1_149' title='bbox 698 1784 808 1822; x_wconf 83' lang='lat' dir='ltr'>prae-</span> 
     </span>
     <span class='ocr_line' id='line_1_24' title="bbox 142 1827 807 1865; baseline 0.002 -2"><span class='ocrx_word' id='word_1_150' title='bbox 142 1827 295 1864; x_wconf 84' lang='lat' dir='ltr'>ferenda</span> <span class='ocrx_word' id='word_1_151' title='bbox 328 1827 378 1863; x_wconf 85' lang='lat' dir='ltr'><strong><em>sit</em></strong></span> <span class='ocrx_word' id='word_1_152' title='bbox 412 1828 617 1865; x_wconf 87' lang='lat' dir='ltr'>Florentini</span> <span class='ocrx_word' id='word_1_153' title='bbox 648 1828 731 1865; x_wconf 85' lang='lat' dir='ltr'>libri</span> <span class='ocrx_word' id='word_1_154' title='bbox 772 1831 807 1865; x_wconf 89' lang='lat' dir='ltr'><strong><em>et</em></strong></span> 
     </span>
     <span class='ocr_line' id='line_1_25' title="bbox 142 1882 808 1932; baseline 0.006 -13"><span class='ocrx_word' id='word_1_155' title='bbox 142 1882 295 1920; x_wconf 85' lang='lat' dir='ltr'>aliorum</span> <span class='ocrx_word' id='word_1_156' title='bbox 318 1885 548 1932; x_wconf 78' lang='lat' dir='ltr'>quorundam</span> <span class='ocrx_word' id='word_1_157' title='bbox 569 1884 695 1922; x_wconf 79' lang='lat' dir='ltr'>lectio:</span> <span class='ocrx_word' id='word_1_158' title='bbox 727 1884 808 1923; x_wconf 78' lang='grc' dir='ltr'><strong><em>δει-</em></strong></span> 
     </span>
     <span class='ocr_line' id='line_1_26' title="bbox 144 1936 807 1989; baseline -0.002 -11"><span class='ocrx_word' id='word_1_159' title='bbox 144 1936 195 1978; x_wconf 76' lang='grc' dir='ltr'><em>νοῖ</em></span> <span class='ocrx_word' id='word_1_160' title='bbox 223 1938 403 1984; x_wconf 78' lang='grc' dir='ltr'><strong><em>ἐποίευν,</em></strong></span> <span class='ocrx_word' id='word_1_161' title='bbox 443 1941 506 1978; x_wconf 92' lang='lat' dir='ltr'>ubi</span> <span class='ocrx_word' id='word_1_162' title='bbox 543 1941 807 1989; x_wconf 69' lang='lat' dir='ltr'>wesselingius</span> 
     </span>
     <span class='ocr_line' id='line_1_27' title="bbox 144 1994 806 2047; baseline 0.006 -16"><span class='ocrx_word' id='word_1_163' title='bbox 144 1996 192 2032; x_wconf 92' lang='lat' dir='ltr'><strong><em>ob</em></strong></span> <span class='ocrx_word' id='word_1_164' title='bbox 228 1996 292 2042; x_wconf 87' lang='lat' dir='ltr'><strong><em>IX,</em></strong></span> <span class='ocrx_word' id='word_1_165' title='bbox 318 1997 383 2037; x_wconf 74' lang='grc'><strong><em>52.</em></strong></span> <span class='ocrx_word' id='word_1_166' title='bbox 408 1999 461 2038; x_wconf 81' lang='grc'><strong><em>93</em></strong></span> <span class='ocrx_word' id='word_1_167' title='bbox 491 1998 664 2047; x_wconf 82' lang='lat' dir='ltr'>praetulit</span> <span class='ocrx_word' id='word_1_168' title='bbox 695 1994 806 2037; x_wconf 66' lang='grc' dir='ltr'><strong><em>δεινά</em></strong></span> 
     </span>
     <span class='ocr_line' id='line_1_28' title="bbox 143 2050 809 2102; baseline 0 -12"><span class='ocrx_word' id='word_1_169' title='bbox 143 2050 376 2099; x_wconf 75' lang='grc' dir='ltr'><strong><em>ἐποιεῦντο,</em></strong></span> <span class='ocrx_word' id='word_1_170' title='bbox 408 2054 506 2102; x_wconf 92' lang='lat' dir='ltr'>quod</span> <span class='ocrx_word' id='word_1_171' title='bbox 535 2054 611 2091; x_wconf 87' lang='lat' dir='ltr'>bini</span> <span class='ocrx_word' id='word_1_172' title='bbox 648 2054 728 2091; x_wconf 85' lang='lat' dir='ltr'>libri</span> <span class='ocrx_word' id='word_1_173' title='bbox 753 2055 809 2090; x_wconf 90' lang='lat' dir='ltr'><strong><em>of-</em></strong></span> 
     </span>
     <span class='ocr_line' id='line_1_29' title="bbox 143 2106 807 2159; baseline 0.005 -14"><span class='ocrx_word' id='word_1_174' title='bbox 143 2109 276 2146; x_wconf 81' lang='lat' dir='ltr'>ferunt.</span> <span class='ocrx_word' id='word_1_175' title='bbox 346 2108 406 2145; x_wconf 92' lang='lat' dir='ltr'><strong><em>Ad</em></strong></span> <span class='ocrx_word' id='word_1_176' title='bbox 435 2110 546 2146; x_wconf 80' lang='lat' dir='ltr'>verba</span> <span class='ocrx_word' id='word_1_177' title='bbox 577 2124 681 2159; x_wconf 82' lang='lat' dir='ltr'>seqq.</span> <span class='ocrx_word' id='word_1_178' title='bbox 724 2106 807 2149; x_wconf 87' lang='grc' dir='ltr'><strong><em>σύ-</em></strong></span> 
     </span>
     <span class='ocr_line' id='line_1_30' title="bbox 143 2160 808 2215; baseline -0.002 -11"><span class='ocrx_word' id='word_1_179' title='bbox 143 2160 353 2215; x_wconf 75' lang='grc' dir='ltr'><strong><em>νήνεικε</em></strong></span> <span class='ocrx_word' id='word_1_180' title='bbox 384 2161 509 2204; x_wconf 76' lang='grc' dir='ltr'><strong><em>ὥστε</em></strong></span> <span class='ocrx_word' id='word_1_181' title='bbox 543 2168 639 2203; x_wconf 85' lang='lat' dir='ltr'>conf.</span> <span class='ocrx_word' id='word_1_182' title='bbox 674 2167 808 2204; x_wconf 80' lang='lat' dir='ltr'>Matth.</span> 
     </span>
     <span class='ocr_line' id='line_1_31' title="bbox 145 2222 811 2274; baseline 0.003 -17"><span class='ocrx_word' id='word_1_183' title='bbox 145 2222 210 2258; x_wconf 89' lang='lat' dir='ltr'><strong><em>Gr.</em></strong></span> <span class='ocrx_word' id='word_1_184' title='bbox 246 2222 313 2261; x_wconf 91' lang='lat' dir='ltr'><strong><em>Gr.</em></strong></span> <span class='ocrx_word' id='word_1_185' title='bbox 355 2236 442 2273; x_wconf 77' lang='lat' dir='ltr'>pag.</span> <span class='ocrx_word' id='word_1_186' title='bbox 476 2224 582 2263; x_wconf 80' lang='lat'>1038</span> <span class='ocrx_word' id='word_1_187' title='bbox 623 2228 660 2261; x_wconf 87' lang='lat' dir='ltr'><strong><em>et</em></strong></span> <span class='ocrx_word' id='word_1_188' title='bbox 699 2237 811 2274; x_wconf 79' lang='lat' dir='ltr'>supra</span> 
     </span>
     <span class='ocr_line' id='line_1_32' title="bbox 142 2277 266 2326; baseline -0.008 -10"><span class='ocrx_word' id='word_1_189' title='bbox 142 2277 206 2326; x_wconf 89' lang='lat'>111,</span> <span class='ocrx_word' id='word_1_190' title='bbox 229 2281 266 2320; x_wconf 89' lang='grc'><strong><em>4.</em></strong></span> 
     </span>
    </p>

    <p class='ocr_par' dir='ltr' id='par_1_12' title="bbox 144 2329 809 2950">
     <span class='ocr_line' id='line_1_33' title="bbox 203 2329 807 2386; baseline 0 -13"><span class='ocrx_word' id='word_1_191' title='bbox 203 2332 331 2385; x_wconf 68' lang='grc' dir='ltr'><strong><em>ἄνδρα</em></strong></span> <span class='ocrx_word' id='word_1_192' title='bbox 361 2329 683 2386; x_wconf 63' lang='grc' dir='ltr'><strong><em>ἀπηλικέστερον]</em></strong></span> <span class='ocrx_word' id='word_1_193' title='bbox 719 2336 741 2372; x_wconf 86' lang='lat' dir='ltr'>i.</span> <span class='ocrx_word' id='word_1_194' title='bbox 775 2349 807 2374; x_wconf 86' lang='lat' dir='ltr'><strong><em>e.</em></strong></span> 
     </span>
     <span class='ocr_line' id='line_1_34' title="bbox 145 2392 809 2442; baseline 0.002 -14"><span class='ocrx_word' id='word_1_195' title='bbox 145 2393 259 2428; x_wconf 75' lang='lat' dir='ltr'>virum</span> <span class='ocrx_word' id='word_1_196' title='bbox 277 2396 392 2428; x_wconf 80' lang='lat' dir='ltr'>aetate</span> <span class='ocrx_word' id='word_1_197' title='bbox 407 2394 666 2442; x_wconf 78' lang='lat' dir='ltr'><em>provectiorem.</em></span> <span class='ocrx_word' id='word_1_198' title='bbox 699 2392 809 2429; x_wconf 75' lang='lat' dir='ltr'>Glos-</span> 
     </span>
     <span class='ocr_line' id='line_1_35' title="bbox 146 2445 808 2501; baseline 0.002 -16"><span class='ocrx_word' id='word_1_199' title='bbox 146 2461 186 2485; x_wconf 89' lang='lat' dir='ltr'><strong><em>sa</em></strong></span> <span class='ocrx_word' id='word_1_200' title='bbox 208 2449 349 2486; x_wconf 85' lang='lat' dir='ltr'>Herod.</span> <span class='ocrx_word' id='word_1_201' title='bbox 377 2449 498 2485; x_wconf 81' lang='lat' dir='ltr'>reddit</span> <span class='ocrx_word' id='word_1_202' title='bbox 526 2445 808 2501; x_wconf 84' lang='grc' dir='ltr'><strong><em>πρεσβύτερον.</em></strong></span> 
     </span>
     <span class='ocr_line' id='line_1_36' title="bbox 144 2502 809 2555; baseline 0.005 -14"><span class='ocrx_word' id='word_1_203' title='bbox 144 2527 200 2533; x_wconf 79' lang='grc'>-</span> <span class='ocrx_word' id='word_1_204' title='bbox 218 2504 260 2542; x_wconf 83' lang='grc' dir='ltr'><strong><em>Ιι]</em></strong></span> <span class='ocrx_word' id='word_1_205' title='bbox 281 2518 384 2555; x_wconf 83' lang='lat' dir='ltr'><strong>seqq.</strong></span> <span class='ocrx_word' id='word_1_206' title='bbox 403 2506 533 2542; x_wconf 85' lang='lat' dir='ltr'>retinui</span> <span class='ocrx_word' id='word_1_207' title='bbox 557 2504 609 2552; x_wconf 73' lang='grc' dir='ltr'><strong><em>ὥς</em></strong></span> <span class='ocrx_word' id='word_1_208' title='bbox 634 2502 724 2553; x_wconf 83' lang='grc' dir='ltr'><strong><em>εἶδε,</em></strong></span> <span class='ocrx_word' id='word_1_209' title='bbox 748 2520 809 2543; x_wconf 89' lang='lat' dir='ltr'><strong><em>cu-</em></strong></span> 
     </span>
     <span class='ocr_line' id='line_1_37' title="bbox 145 2561 808 2600; baseline 0.002 -2"><span class='ocrx_word' id='word_1_210' title='bbox 145 2561 200 2598; x_wconf 88' lang='lat' dir='ltr'>ius</span> <span class='ocrx_word' id='word_1_211' title='bbox 234 2561 315 2599; x_wconf 86' lang='lat' dir='ltr'>loco</span> <span class='ocrx_word' id='word_1_212' title='bbox 349 2563 464 2598; x_wconf 82' lang='lat' dir='ltr'>Gaisf.</span> <span class='ocrx_word' id='word_1_213' title='bbox 498 2576 576 2599; x_wconf 87' lang='lat' dir='ltr'><strong><em>eum</em></strong></span> <span class='ocrx_word' id='word_1_214' title='bbox 611 2563 808 2600; x_wconf 78' lang='lat' dir='ltr'>Schaefero</span> 
     </span>
     <span class='ocr_line' id='line_1_38' title="bbox 147 2615 807 2666; baseline -0.002 -9"><span class='ocrx_word' id='word_1_215' title='bbox 147 2615 201 2664; x_wconf 75' lang='grc' dir='ltr'><strong><em>ὥς</em></strong></span> <span class='ocrx_word' id='word_1_216' title='bbox 225 2617 296 2666; x_wconf 78' lang='grc' dir='ltr'><strong><em>ἴδε,</em></strong></span> <span class='ocrx_word' id='word_1_217' title='bbox 322 2632 394 2655; x_wconf 89' lang='lat' dir='ltr'>uno</span> <span class='ocrx_word' id='word_1_218' title='bbox 415 2619 600 2655; x_wconf 82' lang='lat' dir='ltr'>Sancrofti</span> <span class='ocrx_word' id='word_1_219' title='bbox 623 2618 714 2655; x_wconf 89' lang='lat' dir='ltr'>libro</span> <span class='ocrx_word' id='word_1_220' title='bbox 739 2620 807 2656; x_wconf 87' lang='lat' dir='ltr'><strong><em>ad-</em></strong></span> 
     </span>
     <span class='ocr_line' id='line_1_39' title="bbox 146 2673 805 2724; baseline 0.003 -14"><span class='ocrx_word' id='word_1_221' title='bbox 146 2674 303 2722; x_wconf 82' lang='lat' dir='ltr'>dicente,</span> <span class='ocrx_word' id='word_1_222' title='bbox 325 2675 387 2724; x_wconf 86' lang='lat' dir='ltr'>qui</span> <span class='ocrx_word' id='word_1_223' title='bbox 417 2675 564 2712; x_wconf 82' lang='lat' dir='ltr'>exhibet</span> <span class='ocrx_word' id='word_1_224' title='bbox 592 2673 653 2722; x_wconf 77' lang='grc' dir='ltr'><strong><em>τᾶς</em></strong></span> <span class='ocrx_word' id='word_1_225' title='bbox 683 2674 805 2714; x_wconf 79' lang='grc' dir='ltr'><strong><em>ἴδεν.</em></strong></span> 
     </span>
     <span class='ocr_line' id='line_1_40' title="bbox 148 2727 806 2782; baseline 0.006 -16"><span class='ocrx_word' id='word_1_226' title='bbox 148 2751 200 2756; x_wconf 89' lang='lat'>—</span> <span class='ocrx_word' id='word_1_227' title='bbox 238 2730 311 2768; x_wconf 92' lang='lat' dir='ltr'><strong><em>Pro</em></strong></span> <span class='ocrx_word' id='word_1_228' title='bbox 357 2727 400 2769; x_wconf 86' lang='grc' dir='ltr'><strong><em>το“</em></strong></span> <span class='ocrx_word' id='word_1_229' title='bbox 441 2728 683 2782; x_wconf 81' lang='grc' dir='ltr'><strong><em>ποιεύμενον</em></strong></span> <span class='ocrx_word' id='word_1_230' title='bbox 724 2734 806 2770; x_wconf 80' lang='grc' dir='ltr'><strong><em>πᾶν</em></strong></span> 
     </span>
     <span class='ocr_line' id='line_1_41' title="bbox 146 2786 807 2838; baseline 0.002 -15"><span class='ocrx_word' id='word_1_231' title='bbox 146 2786 268 2823; x_wconf 83' lang='lat' dir='ltr'>Wass.</span> <span class='ocrx_word' id='word_1_232' title='bbox 295 2787 343 2823; x_wconf 84' lang='lat' dir='ltr'><strong><em>ad</em></strong></span> <span class='ocrx_word' id='word_1_233' title='bbox 363 2787 532 2838; x_wconf 78' lang='lat' dir='ltr'>Thucyd.</span> <span class='ocrx_word' id='word_1_234' title='bbox 562 2788 589 2835; x_wconf 87' lang='lat' dir='ltr'><strong><em>l,</em></strong></span> <span class='ocrx_word' id='word_1_235' title='bbox 615 2788 692 2829; x_wconf 81' lang='lat'><strong><em>143</em></strong></span> <span class='ocrx_word' id='word_1_236' title='bbox 722 2789 807 2826; x_wconf 83' lang='lat' dir='ltr'>scri-</span> 
     </span>
     <span class='ocr_line' id='line_1_42' title="bbox 148 2840 807 2894; baseline 0.003 -14"><span class='ocrx_word' id='word_1_237' title='bbox 148 2842 184 2880; x_wconf 89' lang='lat' dir='ltr'><strong><em>bi</em></strong></span> <span class='ocrx_word' id='word_1_238' title='bbox 210 2841 340 2879; x_wconf 84' lang='lat' dir='ltr'>voluit:</span> <span class='ocrx_word' id='word_1_239' title='bbox 370 2841 413 2882; x_wconf 80' lang='grc' dir='ltr'><strong><em>τό</em></strong></span> <span class='ocrx_word' id='word_1_240' title='bbox 439 2859 480 2882; x_wconf 89' lang='grc' dir='ltr'><strong><em>π.</em></strong></span> <span class='ocrx_word' id='word_1_241' title='bbox 511 2840 667 2891; x_wconf 71' lang='grc' dir='ltr'><strong><em>ἅπαν,</em></strong></span> <span class='ocrx_word' id='word_1_242' title='bbox 706 2846 807 2894; x_wconf 92' lang='lat' dir='ltr'>quod</span> 
     </span>
     <span class='ocr_line' id='line_1_43' title="bbox 147 2899 808 2950; baseline 0.006 -15"><span class='ocrx_word' id='word_1_243' title='bbox 147 2899 243 2936; x_wconf 88' lang='lat' dir='ltr'>idem</span> <span class='ocrx_word' id='word_1_244' title='bbox 261 2899 442 2950; x_wconf 86' lang='lat' dir='ltr'>praebent</span> <span class='ocrx_word' id='word_1_245' title='bbox 463 2901 646 2939; x_wconf 82' lang='lat' dir='ltr'>Sancrofti</span> <span class='ocrx_word' id='word_1_246' title='bbox 665 2900 808 2940; x_wconf 81' lang='lat' dir='ltr'>liberae</span> 
     </span>
    </p>
   </div>
   <div class='ocr_carea' id='block_1_12' title="bbox 863 1711 1534 2895">
    <p class='ocr_par' dir='ltr' id='par_1_13' title="bbox 865 1711 1534 1821">
     <span class='ocr_line' id='line_1_44' title="bbox 865 1711 1534 1756; baseline 0 -6"><span class='ocrx_word' id='word_1_247' title='bbox 865 1713 1174 1751; x_wconf 67' lang='lat' dir='ltr'>vindobonensis.</span> <span class='ocrx_word' id='word_1_248' title='bbox 1227 1711 1310 1756; x_wconf 84' lang='lat' dir='ltr'><strong><em>Quo</em></strong></span> <span class='ocrx_word' id='word_1_249' title='bbox 1332 1716 1454 1750; x_wconf 79' lang='lat' dir='ltr'>tamen</span> <span class='ocrx_word' id='word_1_250' title='bbox 1473 1713 1534 1750; x_wconf 79' lang='lat' dir='ltr'>vix</span> 
     </span>
     <span class='ocr_line' id='line_1_45' title="bbox 865 1784 968 1821; baseline 0 -14"><span class='ocrx_word' id='word_1_251' title='bbox 865 1784 968 1821; x_wconf 92' lang='lat' dir='ltr'>opus.</span> 
     </span>
    </p>

    <p class='ocr_par' dir='ltr' id='par_1_14' title="bbox 863 1821 1534 2498">
     <span class='ocr_line' id='line_1_46' title="bbox 923 1821 1534 1874; baseline -0.008 -8"><span class='ocrx_word' id='word_1_252' title='bbox 923 1824 1014 1866; x_wconf 80' lang='grc' dir='ltr'><strong><em>οὔτε</em></strong></span> <span class='ocrx_word' id='word_1_253' title='bbox 1036 1821 1302 1874; x_wconf 80' lang='grc' dir='ltr'><strong><em>α’πέκλαυσας]</em></strong></span> <span class='ocrx_word' id='word_1_254' title='bbox 1336 1822 1472 1860; x_wconf 77' lang='lat' dir='ltr'>Aldina</span> <span class='ocrx_word' id='word_1_255' title='bbox 1497 1828 1534 1861; x_wconf 90' lang='lat' dir='ltr'><strong><em>et</em></strong></span> 
     </span>
     <span class='ocr_line' id='line_1_47' title="bbox 864 1877 1532 1930; baseline -0.006 -9"><span class='ocrx_word' id='word_1_256' title='bbox 864 1884 1055 1921; x_wconf 86' lang='lat' dir='ltr'>Mediceus</span> <span class='ocrx_word' id='word_1_257' title='bbox 1086 1882 1201 1920; x_wconf 89' lang='lat' dir='ltr'>liber:</span> <span class='ocrx_word' id='word_1_258' title='bbox 1234 1877 1277 1930; x_wconf 53' lang='grc' dir='ltr'><strong><em>,εἷ</em></strong></span> <span class='ocrx_word' id='word_1_259' title='bbox 1292 1879 1532 1928; x_wconf 76' lang='grc' dir='ltr'><strong><em>νέκλαυσας.</em></strong></span> 
     </span>
     <span class='ocr_line' id='line_1_48' title="bbox 863 1937 1534 1989; baseline -0.006 -12"><span class='ocrx_word' id='word_1_260' title='bbox 863 1941 1061 1989; x_wconf 65' lang='lat' dir='ltr'><strong><em>vulgatam</em></strong></span> <span class='ocrx_word' id='word_1_261' title='bbox 1079 1945 1200 1977; x_wconf 82' lang='lat' dir='ltr'>tuetur</span> <span class='ocrx_word' id='word_1_262' title='bbox 1212 1937 1433 1985; x_wconf 76' lang='lat' dir='ltr'>wesseling.</span> <span class='ocrx_word' id='word_1_263' title='bbox 1454 1937 1534 1974; x_wconf 84' lang='lat' dir='ltr'>lau-</span> 
     </span>
     <span class='ocr_line' id='line_1_49' title="bbox 867 1994 1532 2043; baseline -0.006 -9"><span class='ocrx_word' id='word_1_264' title='bbox 867 1999 958 2034; x_wconf 78' lang='lat' dir='ltr'>dans</span> <span class='ocrx_word' id='word_1_265' title='bbox 975 1997 1022 2041; x_wconf 82' lang='lat' dir='ltr'><strong><em>ll,</em></strong></span> <span class='ocrx_word' id='word_1_266' title='bbox 1043 1998 1133 2037; x_wconf 73' lang='lat'>121.</span> <span class='ocrx_word' id='word_1_267' title='bbox 1165 1994 1332 2043; x_wconf 75' lang='lat' dir='ltr'>Aeschyl.</span> <span class='ocrx_word' id='word_1_268' title='bbox 1348 1994 1532 2031; x_wconf 86' lang='lat' dir='ltr'>Prometh.</span> 
     </span>
     <span class='ocr_line' id='line_1_50' title="bbox 868 2050 1532 2103; baseline -0.005 -13"><span class='ocrx_word' id='word_1_269' title='bbox 868 2055 961 2094; x_wconf 71' lang='lat'><strong><em>638.</em></strong></span> <span class='ocrx_word' id='word_1_270' title='bbox 981 2052 1153 2103; x_wconf 79' lang='lat' dir='ltr'>Sophocl.</span> <span class='ocrx_word' id='word_1_271' title='bbox 1177 2053 1273 2089; x_wconf 82' lang='lat' dir='ltr'><strong><em>Oed.</em></strong></span> <span class='ocrx_word' id='word_1_272' title='bbox 1297 2051 1388 2100; x_wconf 74' lang='lat' dir='ltr'>Tyr.</span> <span class='ocrx_word' id='word_1_273' title='bbox 1414 2050 1532 2091; x_wconf 80' lang='lat'><strong>1466.</strong></span> 
     </span>
     <span class='ocr_line' id='line_1_51' title="bbox 866 2106 1533 2157; baseline -0.009 -9"><span class='ocrx_word' id='word_1_274' title='bbox 866 2109 1059 2148; x_wconf 81' lang='lat' dir='ltr'>Philoctet.</span> <span class='ocrx_word' id='word_1_275' title='bbox 1075 2111 1156 2149; x_wconf 83' lang='lat'><strong><em>709</em></strong></span> <span class='ocrx_word' id='word_1_276' title='bbox 1180 2113 1218 2146; x_wconf 86' lang='lat' dir='ltr'><strong><em>et</em></strong></span> <span class='ocrx_word' id='word_1_277' title='bbox 1229 2108 1445 2157; x_wconf 76' lang='lat' dir='ltr'>Procopium</span> <span class='ocrx_word' id='word_1_278' title='bbox 1460 2106 1533 2143; x_wconf 89' lang='lat' dir='ltr'>sol-</span> 
     </span>
     <span class='ocr_line' id='line_1_52' title="bbox 867 2164 1533 2215; baseline -0.003 -12"><span class='ocrx_word' id='word_1_279' title='bbox 867 2166 994 2204; x_wconf 85' lang='lat' dir='ltr'>lertem</span> <span class='ocrx_word' id='word_1_280' title='bbox 1014 2166 1213 2215; x_wconf 87' lang='lat' dir='ltr'>priscorum</span> <span class='ocrx_word' id='word_1_281' title='bbox 1236 2164 1451 2214; x_wconf 84' lang='lat' dir='ltr'>scriptorum</span> <span class='ocrx_word' id='word_1_282' title='bbox 1472 2176 1533 2201; x_wconf 84' lang='lat' dir='ltr'><strong><em>ae-</em></strong></span> 
     </span>
     <span class='ocr_line' id='line_1_53' title="bbox 867 2215 1533 2268; baseline -0.003 -8"><span class='ocrx_word' id='word_1_283' title='bbox 867 2222 1104 2268; x_wconf 80' lang='lat' dir='ltr'>mulatorem,</span> <span class='ocrx_word' id='word_1_284' title='bbox 1156 2221 1225 2258; x_wconf 86' lang='lat' dir='ltr'><strong><em>hoc</em></strong></span> <span class='ocrx_word' id='word_1_285' title='bbox 1270 2221 1380 2258; x_wconf 84' lang='lat' dir='ltr'>verbo</span> <span class='ocrx_word' id='word_1_286' title='bbox 1433 2215 1533 2258; x_wconf 85' lang='grc' dir='ltr'><strong><em>α’πο-</em></strong></span> 
     </span>
     <span class='ocr_line' id='line_1_54' title="bbox 867 2276 1533 2327; baseline -0.005 -10"><span class='ocrx_word' id='word_1_287' title='bbox 867 2276 1031 2317; x_wconf 83' lang='grc' dir='ltr'><strong><em>κλαύειν</em></strong></span> <span class='ocrx_word' id='word_1_288' title='bbox 1083 2278 1380 2327; x_wconf 81' lang='lat' dir='ltr'>frequentissime</span> <span class='ocrx_word' id='word_1_289' title='bbox 1424 2281 1533 2314; x_wconf 84' lang='lat' dir='ltr'>uten-</span> 
     </span>
     <span class='ocr_line' id='line_1_55' title="bbox 866 2333 1532 2383; baseline -0.003 -10"><span class='ocrx_word' id='word_1_290' title='bbox 866 2341 952 2373; x_wconf 88' lang='lat' dir='ltr'>tem.</span> <span class='ocrx_word' id='word_1_291' title='bbox 1007 2335 1106 2372; x_wconf 81' lang='lat' dir='ltr'>Infra</span> <span class='ocrx_word' id='word_1_292' title='bbox 1136 2335 1209 2381; x_wconf 86' lang='grc' dir='ltr'><strong><em>ΙΙΙ,</em></strong></span> <span class='ocrx_word' id='word_1_293' title='bbox 1246 2333 1299 2374; x_wconf 84' lang='grc'><strong><em>65</em></strong></span> <span class='ocrx_word' id='word_1_294' title='bbox 1337 2338 1532 2383; x_wconf 88' lang='lat' dir='ltr'>utrumque</span> 
     </span>
     <span class='ocr_line' id='line_1_56' title="bbox 867 2386 1532 2441; baseline -0.006 -10"><span class='ocrx_word' id='word_1_295' title='bbox 867 2389 1098 2431; x_wconf 67' lang='grc' dir='ltr'><strong><em>ἀνακλαίειν</em></strong></span> <span class='ocrx_word' id='word_1_296' title='bbox 1129 2396 1166 2429; x_wconf 86' lang='lat' dir='ltr'><strong><em>et</em></strong></span> <span class='ocrx_word' id='word_1_297' title='bbox 1192 2386 1424 2430; x_wconf 80' lang='grc' dir='ltr'><strong><em>οἷποκλαίειν</em></strong></span> <span class='ocrx_word' id='word_1_298' title='bbox 1446 2404 1532 2441; x_wconf 88' lang='lat' dir='ltr'>pro-</span> 
     </span>
     <span class='ocr_line' id='line_1_57' title="bbox 865 2448 1181 2498; baseline -0.006 -12"><span class='ocrx_word' id='word_1_299' title='bbox 865 2450 1000 2486; x_wconf 86' lang='lat' dir='ltr'>miscue</span> <span class='ocrx_word' id='word_1_300' title='bbox 1023 2448 1181 2498; x_wconf 86' lang='lat' dir='ltr'>ponitur.</span> 
     </span>
    </p>

    <p class='ocr_par' dir='ltr' id='par_1_15' title="bbox 864 2499 1532 2895">
     <span class='ocr_line' id='line_1_58' title="bbox 924 2499 1531 2554; baseline -0.005 -10"><span class='ocrx_word' id='word_1_301' title='bbox 924 2504 977 2552; x_wconf 76' lang='grc' dir='ltr'><strong><em>ὥς</em></strong></span> <span class='ocrx_word' id='word_1_302' title='bbox 999 2503 1129 2544; x_wconf 76' lang='grc' dir='ltr'><strong><em>ἄλλων</em></strong></span> <span class='ocrx_word' id='word_1_303' title='bbox 1150 2499 1417 2554; x_wconf 75' lang='grc' dir='ltr'><strong><em>πυνθάνεται]</em></strong></span> <span class='ocrx_word' id='word_1_304' title='bbox 1450 2504 1473 2541; x_wconf 88' lang='grc' dir='ltr'><strong><em>ἱ.</em></strong></span> <span class='ocrx_word' id='word_1_305' title='bbox 1499 2517 1531 2542; x_wconf 90' lang='lat' dir='ltr'><strong><em>e.</em></strong></span> 
     </span>
     <span class='ocr_line' id='line_1_59' title="bbox 865 2560 1531 2610; baseline -0.003 -11"><span class='ocrx_word' id='word_1_306' title='bbox 865 2566 905 2599; x_wconf 81' lang='lat' dir='ltr'><strong><em>ut</em></strong></span> <span class='ocrx_word' id='word_1_307' title='bbox 944 2575 987 2599; x_wconf 68' lang='lat' dir='ltr'><strong><em>ea:</em></strong></span> <span class='ocrx_word' id='word_1_308' title='bbox 1025 2562 1109 2598; x_wconf 68' lang='lat' dir='ltr'>aliis</span> <span class='ocrx_word' id='word_1_309' title='bbox 1151 2564 1325 2610; x_wconf 73' lang='lat' dir='ltr'>cognovit.</span> <span class='ocrx_word' id='word_1_310' title='bbox 1386 2560 1531 2608; x_wconf 85' lang='lat' dir='ltr'>Aldina,</span> 
     </span>
     <span class='ocr_line' id='line_1_60' title="bbox 865 2617 1529 2657; baseline -0.005 0"><span class='ocrx_word' id='word_1_311' title='bbox 865 2620 1098 2657; x_wconf 88' lang='lat' dir='ltr'>Florentinus</span> <span class='ocrx_word' id='word_1_312' title='bbox 1120 2618 1210 2656; x_wconf 82' lang='lat' dir='ltr'>liber</span> <span class='ocrx_word' id='word_1_313' title='bbox 1222 2632 1304 2655; x_wconf 85' lang='lat' dir='ltr'>curn</span> <span class='ocrx_word' id='word_1_314' title='bbox 1317 2618 1412 2655; x_wconf 88' lang='lat' dir='ltr'>binis</span> <span class='ocrx_word' id='word_1_315' title='bbox 1432 2617 1529 2654; x_wconf 83' lang='lat' dir='ltr'>aliis:</span> 
     </span>
     <span class='ocr_line' id='line_1_61' title="bbox 864 2672 1530 2726; baseline -0.006 -12"><span class='ocrx_word' id='word_1_316' title='bbox 864 2672 1149 2726; x_wconf 76' lang='grc' dir='ltr'><strong><em>πυνθάνομαι,</em></strong></span> <span class='ocrx_word' id='word_1_317' title='bbox 1181 2676 1281 2724; x_wconf 86' lang='lat' dir='ltr'>quod</span> <span class='ocrx_word' id='word_1_318' title='bbox 1310 2674 1530 2723; x_wconf 81' lang='lat' dir='ltr'>Schweigh.‚</span> 
     </span>
     <span class='ocr_line' id='line_1_62' title="bbox 864 2727 1532 2782; baseline 0 -13"><span class='ocrx_word' id='word_1_319' title='bbox 864 2733 927 2782; x_wconf 93' lang='lat' dir='ltr'>qui</span> <span class='ocrx_word' id='word_1_320' title='bbox 954 2732 990 2769; x_wconf 93' lang='lat' dir='ltr'><strong><em>in</em></strong></span> <span class='ocrx_word' id='word_1_321' title='bbox 1021 2737 1124 2770; x_wconf 86' lang='lat' dir='ltr'>textu</span> <span class='ocrx_word' id='word_1_322' title='bbox 1153 2733 1300 2770; x_wconf 88' lang='lat' dir='ltr'>retinuit</span> <span class='ocrx_word' id='word_1_323' title='bbox 1328 2727 1532 2770; x_wconf 69' lang='grc' dir='ltr'><strong><em>πυνθάνε·</em></strong></span> 
     </span>
     <span class='ocr_line' id='line_1_63' title="bbox 864 2788 1531 2839; baseline -0.006 -12"><span class='ocrx_word' id='word_1_324' title='bbox 864 2805 940 2837; x_wconf 80' lang='grc' dir='ltr'><strong><em>ται,</em></strong></span> <span class='ocrx_word' id='word_1_325' title='bbox 960 2789 1197 2826; x_wconf 81' lang='lat' dir='ltr'>vehementer</span> <span class='ocrx_word' id='word_1_326' title='bbox 1219 2788 1351 2839; x_wconf 87' lang='lat' dir='ltr'>placet,</span> <span class='ocrx_word' id='word_1_327' title='bbox 1374 2800 1454 2825; x_wconf 88' lang='lat' dir='ltr'><strong><em>cum</em></strong></span> <span class='ocrx_word' id='word_1_328' title='bbox 1475 2800 1531 2824; x_wconf 89' lang='lat' dir='ltr'><strong><em>re-</em></strong></span> 
     </span>
     <span class='ocr_line' id='line_1_64' title="bbox 865 2844 1530 2895; baseline -0.005 -12"><span class='ocrx_word' id='word_1_329' title='bbox 865 2847 921 2895; x_wconf 85' lang='lat' dir='ltr'>gis</span> <span class='ocrx_word' id='word_1_330' title='bbox 955 2845 1088 2883; x_wconf 88' lang='lat' dir='ltr'>scilicet</span> <span class='ocrx_word' id='word_1_331' title='bbox 1114 2845 1234 2883; x_wconf 88' lang='lat' dir='ltr'>verbis</span> <span class='ocrx_word' id='word_1_332' title='bbox 1266 2845 1375 2882; x_wconf 89' lang='lat' dir='ltr'>homo</span> <span class='ocrx_word' id='word_1_333' title='bbox 1402 2844 1530 2893; x_wconf 85' lang='lat' dir='ltr'>loqua-</span> 
     </span>
    </p>
   </div>
   <div class='ocr_carea' id='block_1_13' title="bbox 864 2901 1530 2953">
    <p class='ocr_par' dir='ltr' id='par_1_16' title="bbox 864 2901 1530 2953">
     <span class='ocr_line' id='line_1_65' title="bbox 864 2901 1530 2953; baseline -0.003 -14"><span class='ocrx_word' id='word_1_334' title='bbox 864 2908 922 2939; x_wconf 89' lang='lat' dir='ltr'><strong><em>tur</em></strong></span> <span class='ocrx_word' id='word_1_335' title='bbox 950 2906 989 2941; x_wconf 89' lang='lat' dir='ltr'><strong><em>et</em></strong></span> <span class='ocrx_word' id='word_1_336' title='bbox 1018 2902 1056 2939; x_wconf 89' lang='lat' dir='ltr'><strong><em>in</em></strong></span> <span class='ocrx_word' id='word_1_337' title='bbox 1085 2914 1189 2953; x_wconf 89' lang='lat' dir='ltr'>seqq.</span> <span class='ocrx_word' id='word_1_338' title='bbox 1219 2914 1368 2952; x_wconf 88' lang='lat' dir='ltr'>quoque</span> <span class='ocrx_word' id='word_1_339' title='bbox 1397 2901 1448 2937; x_wconf 84' lang='lat' dir='ltr'>sic</span> <span class='ocrx_word' id='word_1_340' title='bbox 1473 2912 1530 2937; x_wconf 85' lang='lat' dir='ltr'><strong><em>re-</em></strong></span> 
     </span>
    </p>
   </div>
  </div>
 </body>
</html>
