1904 3304
486 231 1169 271 MELPOMENE.1V.

1386 233 1470 273 :391

199 343 380 399 ἀνέμου·
427 341 476 385 τό
520 342 566 385 δὲ
603 342 851 396 κατύπερθε
890 340 949 385 δι’
984 335 1048 384 ὦν
1080 341 1167 395 ῥέει
1197 338 1466 394 ἀνθρώπων,

167 425 187 457 :3
201 414 340 464 οὐδεὶς
370 413 452 468 ἔχει
483 412 664 467 φράσαι.

725 415 928 468 φαίνεται
966 412 1011 456 δὲ
1054 412 1166 466 ῥέων
1196 410 1257 455 δι’
1300 410 1466 468 ἐρήμου
1522 413 1605 453 306

193 487 235 537 ἐς
263 488 352 528 τῶν
389 488 596 539 γεωργῶν
627 484 843 527 Σκυθέων
881 483 962 540 τήν
993 482 1162 539 χώρην·
1217 477 1343 526 οὗτοι
1380 482 1462 538 γάρ

192 558 234 600 οἱ
263 555 442 599 Σκύθαι
471 554 579 610 παρ’
611 554 745 598 αὐτόν
774 555 842 598 ἐπὶ
874 555 977 598 δέκα
1004 551 1200 609 ἡμερέων
1227 552 1368 597 πλόον
1397 551 1466 595 νέ-

163 634 184 667 6
195 642 364 681 μονται.

423 626 597 682 μούνου
634 627 679 669 δὲ
710 625 872 669 τούτου
911 627 993 669 τοῦ
1023 628 1225 680 ποταμοῦ
1262 624 1336 668 καὶ
1365 625 1520 667 Νεί-95

189 700 270 740 λου
311 695 394 739 οὐκ
434 698 512 752 ἔχω
552 696 721 753 φράσαι
759 697 835 747 τας
874 695 1033 752 πηγάς·
1084 695 1222 739 δοκέω
1253 697 1318 744 δὲ,
1360 694 1463 738 οὐδὲ

160 765 335 818 7ούδεὶς
367 766 596 826 Ἑλλήνων.
652 766 804 823 Ἀγχοῦ
835 784 878 810 τε
909 767 962 822 δή
992 766 1220 823 θαλάσσης
1254 765 1276 810 ὁ
1312 771 1458 821 Βορυ-

189 838 349 894 σθένης
373 840 487 893 ῥέων
505 842 686 895 γίνεται,
724 841 798 882 καί
829 841 871 880 οἱ
899 839 1186 893 συμμίσγεται
1217 837 1240 880 ὁ
1261 837 1460 889 ’“Τπανις,

159 911 234 961 ὃές
263 908 400 953 τώυτὸ
433 911 527 962 ἕλος
557 909 765 960 ἐκδιδούς.

826 909 875 953 τό
924 909 970 953 δὲ
1008 909 1166 964 μεταξύ
1203 913 1293 952 τῶν
1321 923 1458 950 ποτα-

186 984 282 1036 μῶν
308 980 478 1024 τούτων
510 980 584 1024 ἐόν
613 981 800 1037 ἔμβολον
822 984 898 1037 τῆς
926 980 1092 1038 χώρης,
1119 980 1324 1024 Ἱππόλεω
1348 979 1459 1034 ἄκρη

129 1127 286 1165 utnulla
314 1140 463 1178 prorsus
491 1127 540 1163 sit
566 1125 790 1175 navigatio),

129 1185 179 1222 ad
208 1197 288 1222 eam
317 1197 403 1221 vero
442 1185 556 1234 ipsam
588 1184 789 1232 regionem,

129 1242 202 1290 qua
244 1240 493 1289 Borysthenes
541 1239 694 1276 multum
741 1240 790 1276 ad

129 1298 304 1335 orientem
330 1298 520 1343 flectatur,
559 1296 690 1333 Nostri
710 1309 790 1334 ver-

130 1355 178 1391 ba
208 1355 254 1391 de
282 1353 426 1390 Gerrho
462 1353 545 1389 hinc
577 1353 790 1390 discedente

128 1412 260 1460 (quum
284 1409 481 1446 Moloezna
508 1410 639 1446 ssuvius
668 1410 718 1446 ita
741 1410 791 1446 ad

127 1466 397 1515 Borysthenem
424 1467 718 1517 appropinquet,
748 1470 791 1502 ut

126 1536 195 1574 pro
216 1523 455 1570 Borysthenis
483 1523 631 1559 brachio
663 1523 789 1559 haberi

127 1580 258 1628 queat)
279 1579 475 1616 referenda
496 1591 598 1626 esse,
631 1578 788 1628 quadra-

125 1638 232 1684 ginta
270 1636 410 1673 dierum
443 1648 632 1672 numerum
662 1636 789 1672 statuit

125 1693 299 1738 nimium,
363 1692 534 1741 quoniam
584 1693 787 1729 accuratius

125 1762 279 1799 mappas
293 1749 562 1798 geographicas
579 1749 787 1799 inspicienti

127 1807 185 1843 vix
206 1806 318 1842 decem
338 1807 477 1843 dierum
499 1806 567 1842 iter
590 1818 670 1843 esse
696 1818 786 1855 pos-

127 1863 184 1899 sit.
234 1862 366 1911 Itaque
392 1862 448 1899 vel
477 1862 594 1911 ipsum
615 1862 787 1898 Herodo-

127 1924 205 1956 tum
230 1918 372 1969 lapsum
397 1931 497 1965 esse,
538 1919 582 1954 ab
606 1918 683 1954 aliis
710 1918 784 1955 scil.

128 1976 164 2011 in
189 1988 347 2012 errorem
371 1975 579 2020 inductum,
616 1974 674 2011 vel
696 1987 786 2023 qua-

129 2032 299 2079 draginta
321 2032 459 2068 dierum
477 2031 611 2067 itinera
632 2032 786 2068 adverso

129 2089 277 2125 flumine
312 2088 507 2136 cogitanda
541 2100 643 2134 esse,
682 2087 787 2124 valde

129 2145 282 2193 exigua,
314 2144 527 2194 praesertim
549 2156 628 2180 cum
653 2143 786 2181 inuitae

129 2202 244 2238 amnis
264 2202 438 2249 ambages
458 2201 645 2237 accedant.

187 2257 225 2303 ἒς
256 2260 337 2296 τῶν
362 2259 548 2308 γεωργῶν
572 2254 784 2306 Σκυθέων]

129 2315 235 2351 Conf.
253 2319 345 2351 nott.
368 2314 415 2350 ad
438 2313 499 2359 lv,
523 2316 584 2352 17.
610 2316 671 2353 18.

186 2370 249 2409 ἐπὶ
294 2369 387 2410 δέκα
428 2368 624 2421 ἡμερέων]
675 2370 786 2414 Quod

131 2427 292 2464 undecim
319 2429 399 2465 dies
430 2440 541 2477 supra
563 2427 623 2473 lv,
651 2429 699 2466 18
719 2439 786 2476 po-

134 2484 227 2530 suit,
253 2485 313 2521 vix
329 2484 422 2520 tanti
437 2489 513 2529 est,
546 2488 585 2520 ut
602 2483 785 2520 obtrecte-

135 2551 212 2575 mus
243 2541 405 2590 scriptori
435 2540 523 2577 alias
554 2540 788 2589 diligentissi-

135 2607 206 2631 m0.
252 2595 332 2633 Nec
349 2609 437 2634 sane
459 2597 690 2634 Herodotum
717 2596 786 2633 sibi

136 2650 284 2699 obloqui
313 2654 502 2690 contendit
529 2653 697 2690 Volcker.
720 2653 743 2690 l.
766 2652 788 2689 Ι.

135 2720 219 2758 pag.
240 2707 338 2755 175,
379 2722 458 2746 cum
481 2711 583 2746 unius
608 2711 679 2747 diei
709 2710 790 2757 iter,

137 2764 236 2812 quod
261 2764 309 2801 ad
332 2764 508 2812 Hylaeam
528 2766 667 2804 Noster
692 2771 789 2804 retu—

136 2819 236 2865 lerit,
296 2821 325 2857 si
371 2821 582 2869 adiicietur,
627 2823 789 2860 undecim

136 2877 273 2913 dierum
313 2877 445 2914 existat
484 2891 621 2918 summa
650 2881 789 2918 itineris

848 1139 964 1175 usque
990 1127 1040 1163 ad
1073 1125 1342 1177 Olbiopolitas3
1390 1126 1453 1175 qui
1484 1126 1514 1162 si

848 1196 922 1219 non
943 1183 1015 1219 una
1035 1188 1252 1233 supputetur
1268 1183 1345 1220 dies
1360 1211 1371 1230 ,
1400 1183 1514 1219 decem

848 1240 1002 1277 dierum.
1071 1239 1136 1276 llla
1186 1244 1307 1277 autem
1347 1239 1515 1276 undecim

850 1296 991 1333 dierum
1018 1297 1147 1334 itinera
1174 1296 1360 1335 Mannert.
1391 1296 1443 1332 lV
1476 1309 1512 1346 p.

847 1354 902 1394 96
951 1358 1099 1389 centum
1150 1365 1311 1402 aequare
1355 1351 1511 1389 milliarr.

847 1409 1051 1459 geograph.
1079 1413 1118 1447 et
1148 1409 1195 1446 ad
1219 1409 1391 1458 regiones
1418 1408 1512 1445 circa

846 1466 953 1502 Riew
972 1478 1087 1514 usque
1107 1467 1304 1515 pertinere.
1319 1487 1372 1492 --
1386 1464 1516 1502 Verba.

845 1517 945 1573 παρ’
969 1517 1089 1560 αὐτὸν
1115 1522 1256 1559 valent:
1298 1523 1404 1558 iuxta
1420 1533 1507 1558 eum.

903 1574 1058 1628 μούνου
1103 1575 1146 1616 δὲ
1181 1573 1326 1617 τούτου
1357 1599 1410 1606 -
1439 1574 1509 1623 τὰς

845 1629 992 1687 πηγάς]
1041 1634 1100 1672 De
1128 1632 1216 1672 Nilo
1243 1635 1339 1672 conf.
1371 1635 1427 1681 ΙΙ,
1451 1632 1507 1674 34

845 1691 932 1740 ibiq.
951 1692 1101 1742 disputt.
1126 1691 1366 1741 Borysthenis
1386 1692 1508 1728 fontes

845 1748 1043 1785 Herodoto
1068 1748 1181 1785 fuisse
1198 1748 1418 1797 incognitos,
1442 1761 1508 1785 ne-

843 1818 903 1841 mo
934 1805 1141 1852 mirabitur,
1184 1807 1269 1854 qui,
1314 1817 1507 1854 quousque

842 1861 901 1898 illa
935 1866 1057 1898 aetate
1084 1861 1309 1899 Graecorum
1344 1861 1505 1911 cognitio

843 1923 1021 1955 terrarum
1054 1919 1344 1967 septentrionem
1379 1930 1504 1956 versus

843 1974 1017 2020 valuerit,
1058 1976 1146 2011 satis
1168 1976 1376 2024 respexerit.
1423 1974 1504 2011 Nec

843 2031 958 2079 magis
993 2031 1191 2076 Straboni,
1235 2031 1316 2067 aliis
1345 2035 1503 2068 veterum

844 2087 892 2123 illi
920 2088 1125 2124 innotuere.
1176 2087 1234 2123 Cf.
1250 2086 1434 2124 Mannert.
1455 2086 1503 2122 lv

843 2158 879 2194 p.
907 2143 989 2183 224
1009 2156 1086 2192 seq.
1124 2143 1337 2180 Tzschucke
1355 2144 1403 2180 ad
1421 2142 1503 2179 Me-

844 2200 914 2236 lain
933 2203 1026 2236 nott.
1049 2212 1178 2249 exegg.
1203 2198 1225 2236 l.
1247 2200 1269 2236 l.
1287 2214 1324 2250 p.
1347 2201 1398 2240 31
1421 2212 1504 2248 sqq.

844 2256 952 2293 Nune
975 2256 1062 2292 satis
1084 2262 1248 2302 constat,
1287 2269 1351 2293 eos
1377 2257 1413 2293 in
1436 2268 1504 2304 gu-

845 2313 970 2350 bernio
990 2312 1184 2350 Smolensk
1195 2341 1207 2358 ,
1237 2313 1273 2348 in
1297 2326 1386 2362 agro
1406 2313 1501 2350 Sen-

844 2369 1041 2406 domirensi
1054 2398 1066 2416 ,
1095 2369 1280 2406 scaturire.

900 2426 939 2472 ἐς
957 2421 1081 2465 τῶυτὸ
1101 2425 1187 2472 ἕλος
1208 2420 1406 2476 ἐκδιδούς]
1427 2425 1450 2462 i.
1470 2439 1502 2462 e.

843 2486 882 2520 in.
911 2483 1058 2519 eundem
1084 2482 1200 2520 lacum
1232 2495 1266 2519 se
1298 2495 1500 2518 exonerans.

845 2540 921 2577 Ubi
934 2541 981 2577 de
1002 2540 1097 2585 lacu,
1120 2553 1147 2576 s.
1163 2539 1299 2589 palude
1312 2537 1502 2586 Maeotica,

844 2597 903 2645 agi
931 2597 1111 2634 sententia
1131 2597 1199 2633 fuit
1217 2597 1283 2632 viri
1304 2596 1405 2632 docti
1424 2595 1503 2632 Du-

843 2665 931 2690 reau
975 2653 1022 2691 de
1067 2653 1102 2689 la
1138 2652 1250 2690 Malle
1290 2652 1503 2702 Geograph.

844 2710 1024 2760 physique
1050 2717 1118 2747 etc.
1152 2723 1187 2759 p.
1218 2711 1317 2755 1703
1355 2714 1394 2745 ut
1417 2721 1503 2745 sane

845 2767 935 2804 haec
946 2766 1050 2817 palus
1070 2767 1153 2803 olim
1171 2765 1285 2802 multo
1303 2766 1421 2814 magis
1443 2777 1505 2801 ex-

846 2828 951 2860 tensa
970 2823 1083 2860 fuisse
1104 2823 1294 2871 cogitetur.
1338 2821 1388 2858 At
1406 2825 1505 2858 recte

849 2881 1019 2918 observat
1046 2879 1162 2927 Miot,
1200 2878 1450 2928 Borysthenes
1476 2877 1503 2913 si
