1904 3304
79 353 240 381 ficientium
252 373 260 386 ‚
288 354 320 380 ut

61 391 216 414 manentes
226 386 336 413 diutius

231 789 329 833 131

62 852 154 881 Πετῖο
173 853 243 880 mali
236 861 259 878 ιε
282 853 336 879 ἰηι-

63 896 112 923 pe
105 888 163 913 111
194 886 284 913 caduc
287 894 336 912 e-a

88 926 118 948 to
122 929 136 947 r
158 929 176 947 a
195 921 232 946 Su
219 920 313 953 ophis

64 956 118 982 mis
122 963 170 981 ssu
190 962 247 987 (μι
251 962 267 980 e
286 952 336 980 do-

63 997 104 1017 na.
120 989 234 1016 tulerit.

394 246 478 286 508

392 352 440 396 ἐν
476 355 531 409 τῇ
564 352 791 404 Σκυθικῇ,
835 349 909 392 καὶ
946 349 1266 404 παραμένοντες
1304 348 1519 407 ἆνιςόατο,

62 421 162 456 5¹¹⁰Pi²²
184 426 337 450 vexemur.
363 423 571 467 Ξπάντων
600 420 812 470 ἐπιδευέες
839 419 1004 472 ἐόντες,
1036 420 1210 463 ἐποίευν
1239 419 1397 464 τοιάδε.
1438 420 1550 470 ὅκως
1567 424 1655 463 τῶν

786 240 1250 280 HERODOTI

1569 352 1656 393 τῶν
1667 357 1711 392 95

394 493 627 550 προβάτων
665 494 753 533 τῶν
791 489 1013 545 σφετέρων
1053 488 1199 532 αὐτῶν
1234 493 1512 534 καταλίποιεν
1552 490 1656 546 μετὰ

394 570 482 609 τῶν
516 561 710 618 νομέων,
751 559 876 603 αὐτοὶ
914 559 969 602 ἂν
1005 558 1306 616 ὑπεξήλαυνον
1340 560 1382 611 ἐς
1412 560 1544 603 ἄλλον
1573 563 1657 614 χῶ-

395 649 501 691 ρον·

569 635 612 676 οἱ
653 632 698 675 δὲ
738 631 791 674 ἂν
833 632 1002 686 Πέρσαι
1039 631 1291 682 ἐπελθόντες
1332 630 1565 686 ἐλάβεσκον
1603 631 1656 674 τὰ

395 704 618 762 πρόβατα,
656 703 731 746 καὶ
768 702 997 758 λαβόντες,
1043 701 1259 758 ἐπῄροντο
1299 700 1352 744 ἂν
1387 705 1448 757 τῷ
1484 717 1655 758 πεποιη-

389 778 518 834 μένῳ.

577 773 797 824 Πολλάκις
822 773 867 816 δὲ
897 771 1103 816 τοιούτου
1132 771 1387 828 γινομένου,
1422 773 1542 822 τέλος
1568 777 1656 814 Δα-

393 848 508 904 ρεῖός
535 863 579 890 τε
609 846 656 889 ἐν
686 844 892 900 ἀπορίῃσι
921 846 1077 899 εἴχετο·
1118 843 1191 886 καὶ
1222 844 1265 885 οῖ
1290 841 1506 885 Σκυθέων
1535 845 1682 897 βασι-1

395 919 485 970 λέες
523 917 735 973 μαθόντες
763 918 919 967 τοῦτο,
963 915 1156 970 ἔπεμπον
1184 912 1374 968 κήρυκα,
1416 915 1539 966 δῶρα
1568 917 1653 955 Δα-

395 993 495 1049 ρείῳ
529 988 739 1045 φέροντα,
777 985 939 1039 ὄρνιθά
966 1001 1033 1037 τε,

1070 985 1142 1028 καὶ
1178 988 1288 1039 μῦν,
1328 983 1399 1026 καὶ
1428 983 1655 1038 βάτραχον,

366 1062 471 1106 Ξκαὶ
501 1058 672 1109 ὀϊστούς
700 1057 838 1101 πέντε.
882 1057 1047 1112 Πέρσαι
1079 1056 1123 1099 δὲ
1147 1056 1225 1098 τόν
1245 1055 1437 1110 φέροντα
1458 1053 1509 1097 τὰ
1532 1057 1653 1107 δῶρα

395 1130 652 1187 ἐπειρώτεον
691 1129 767 1172 τὸν
806 1128 914 1171 νόον
953 1131 1041 1170 τών
1071 1126 1328 1181 διδομένων·

1390 1125 1413 1169 ὁ
1449 1125 1493 1168 δὲ
1523 1123 1680 1168 οὐδὲνὸ

396 1204 479 1260 ἔφη
531 1203 574 1245 οἱ
619 1199 876 1244 ἐπεστάλθαι
923 1197 1027 1241 ἄλλο
1073 1196 1100 1254 ἢ
1149 1196 1284 1241 δόντα
1328 1196 1409 1253 τήν
1452 1196 1653 1250 ταχίστην

394 1408 590 1466 ἐπήροντο
623 1405 674 1447 ἄν
697 1410 754 1462 τῷ
780 1405 994 1458 πεποιημέ-

334 1467 408 1522 νῳ]
433 1469 457 1507 ἰ.
481 1482 512 1506 e.
532 1467 765 1516 efferebantur
780 1479 816 1502 re
831 1468 992 1515 peracta,

331 1525 469 1576 praeda
487 1528 618 1561 coacta.
650 1523 820 1570 „Scilicet
839 1522 907 1559 hoc
923 1522 993 1558 fuit

334 1582 553 1630 Scytharum
595 1579 800 1625 consilium,
847 1582 888 1614 ut
926 1590 992 1626 spe

335 1637 450 1676 Dario
479 1638 576 1673 saeta
596 1636 755 1685 praedae
778 1634 992 1679 identidem,

335 1694 435 1731 unde
460 1693 653 1731 exereitum
684 1692 818 1737 aleret,
855 1690 992 1727 sacien-

335 1751 426 1796 dae,
469 1750 689 1787 retineretur
709 1760 772 1784 rex
791 1748 840 1783 cis
856 1746 992 1782 Istrum

335 1807 505 1851 fiuvium,
549 1805 665 1841 donec
703 1804 749 1839 ad
779 1807 990 1848 extremum,

335 1867 448 1914 ponte
475 1861 555 1898 Istri
586 1861 632 1897 ab
667 1860 813 1896 Ionibus
838 1859 991 1896 rescisso

337 1918 431 1967 (coll.
453 1931 482 1955 c.
503 1917 574 1967 33)
596 1917 716 1953 reditu
744 1914 905 1953 exclusus
930 1926 992 1951 ex-

335 1975 467 2013 ercitus
502 1975 599 2010 same
633 1976 731 2009 esset
766 1971 992 2022 periturus.“

337 2029 593 2078 Schweigh.

503 2087 619 2135 Cap.
651 2083 821 2121 CXXXI.

389 2142 433 2182 ἐν
476 2138 667 2195 οἷπορίῃσι
707 2138 844 2190 εἴχετο]
903 2140 927 2177 i.
958 2151 990 2176 e.

336 2200 478 2237 consilii
493 2200 613 2249 inopia
632 2198 831 2242 tenebatur,
862 2208 991 2245 anceps

335 2257 517 2302 haerebat,
560 2255 646 2305 qnid
674 2254 814 2290 consilii
845 2255 990 2302 caperet.

332 2313 393 2349 Ad
412 2312 626 2349 locutionem
645 2311 738 2347 conf.
760 2310 796 2356 Ι,
827 2312 907 2349 190
927 2309 988 2345 sin.

332 2367 421 2405 Mox
450 2381 517 2418 pro
540 2368 726 2417 βασιλῆες
749 2366 894 2403 exhibui
916 2365 989 2415 βα-

333 2423 466 2469 σιλέες.
514 2424 646 2471 Fugit,
684 2427 724 2458 ut
748 2422 913 2468 videtur,
952 2423 990 2458 et

332 2481 451 2517 Gaisf.
485 2483 521 2518 et
551 2481 670 2516 Struv.
703 2478 810 2528 Spec.
839 2477 873 2514 11
901 2489 987 2528 pag.

335 2535 400 2578 14.
434 2538 485 2577 16

390 2587 539 2643 ὄρνιθά
564 2605 617 2636 τε,
641 2589 708 2629 καὶ
730 2592 810 2638 μῦν
830 2604 865 2628 κ.
884 2604 916 2628 τ.
936 2588 985 2639 λ.]

334 2649 535 2699 Exscripsit
565 2648 696 2685 Athen.
720 2646 824 2693 Vm,
851 2648 875 2685 9
900 2659 987 2696 pag.

334 2707 417 2746 334
451 2705 493 2742 A.
567 2704 599 2740 E
642 2703 849 2750 Pherecyde
905 2704 986 2750 Syr.

336 2762 424 2799 haec
455 2761 669 2810 Scytharum
701 2760 798 2796 dona
824 2758 890 2795 sed
923 2771 988 2794 au-

335 2819 451 2854 ctiora
484 2821 672 2854 enumerat
704 2815 876 2852 Clemens
903 2813 989 2851 Ale-

335 2874 462 2911 xandr.
482 2874 654 2912 Stromat.
674 2873 707 2909 V
721 2885 758 2923 p.
779 2873 857 2913 671
881 2871 987 2921 (pag.

1051 1405 1105 1448 57
1160 1408 1330 1455 sragmm.
1385 1404 1587 1454 Pherecyd.
1646 1405 1706 1442 ed.

1049 1464 1204 1511 St11rz.).
1234 1464 1294 1500 Ad
1314 1458 1511 1513 βάτραχον
1526 1460 1708 1498 confiliu-

1051 1521 1157 1557 stath.
1180 1520 1226 1556 ad
1245 1519 1393 1556 Homer.
1417 1519 1519 1556 Iliad.
1552 1531 1588 1567 p.
1608 1517 1705 1564 468,

1050 1579 1101 1617 31
1127 1590 1155 1612 s,
1177 1576 1258 1616 356
1278 1579 1367 1612 extr.
1397 1576 1445 1611 ad
1465 1574 1600 1622 Odyss.
1619 1587 1704 1622 pag.

1051 1631 1159 1672 1570
1184 1644 1212 1667 s.
1233 1633 1328 1677 271,
1363 1630 1429 1671 46.
1462 1650 1519 1657 —
1566 1630 1706 1676 „Quid

1048 1689 1116 1724 sibi
1139 1688 1263 1725 vellent
1295 1689 1365 1723 ista
1395 1687 1509 1733 dona,
1548 1687 1705 1736 primum

1049 1745 1138 1782 dicit
1166 1741 1233 1782 τὸν
1253 1739 1348 1782 νόον
1366 1745 1447 1781 τῶν
1471 1740 1705 1792 διδομένων,

1049 1805 1125 1837 tum
1146 1797 1188 1839 τὸ
1205 1798 1332 1839 ἐθέλει
1350 1796 1398 1837 τοὶ
1421 1799 1528 1849 δῶρα
1556 1797 1702 1851 λέγειν,
1695 1815 1704 1822 ·

1049 1857 1087 1893 id
1115 1861 1192 1903 est,
1241 1856 1278 1894 τί
1321 1853 1603 1905 διανοηθέντες
1641 1860 1706 1892 aut

1048 1910 1149 1964 πρός
1174 1912 1211 1950 τί
1227 1907 1488 1976 α’φορῶντες,
1525 1913 1599 1948 sixe
1625 1911 1704 1950 τίνι

1047 1967 1142 2008 ποτὲ
1157 1964 1294 2021 γνώμῃ
1310 1964 1501 2020 χρώμενοι
1517 1967 1703 2018 ἕπεμποι.

1047 2027 1080 2062 Χ
1084 2026 1208 2063 erbum
1230 2025 1394 2063 Noster
1386 2039 1422 2061 m
1443 2025 1574 2061 talibus
1596 2025 1703 2061 adhi-

1047 2082 1111 2119 bet
1157 2080 1306 2128 ἐθέλει,
1356 2081 1508 2118 Homer.
1545 2086 1701 2120 secutus.

1047 2138 1212 2188 Euripid.
1240 2137 1388 2188 Hippol.
1416 2138 1510 2178 865.
1559 2137 1701 2174 Herod.

1047 2195 1095 2240 ΙΙ,
1116 2196 1180 2235 13.
1212 2195 1258 2240 V,
1282 2196 1346 2234 86.
1377 2194 1439 2239 vl,
1461 2197 1525 2234 37.
1566 2193 1702 2230 Homil.

1048 2251 1223 2288 Clement.
1242 2250 1340 2295 XIV,
1357 2252 1394 2290 9.
1423 2250 1544 2298 Magis
1567 2250 1701 2285 usitata

1046 2311 1130 2344 sunt
1171 2306 1209 2345 τί
1246 2309 1362 2345 τοῦτο
1400 2302 1624 2362 βούλεται,
1663 2310 1701 2342 et

1047 2359 1228 2414 βούλεται
1280 2361 1404 2414 λέγειν
1467 2362 1524 2399 vel
1587 2375 1698 2401 ειιαι.

1044 2420 1166 2457 Etiam
1185 2419 1282 2468 apud
1302 2419 1439 2456 Herod.
1464 2419 1518 2464 11,
1542 2419 1597 2458 30
1626 2418 1699 2466 [nbi

1045 2477 1117 2513 vid.
1139 2480 1230 2512 nott.
1252 2474 1315 2521 IV,
1346 2473 1439 2523 110]
1473 2469 1640 2512 ὃυναται
1663 2475 1698 2510 in

1045 2533 1175 2570 talibus
1194 2531 1391 2569 adhibetur.
1404 2532 1429 2549 “
1481 2530 1539 2566 Va
1552 2531 1590 2566 lc
1604 2530 1624 2566 Ι.-
1638 2544 1696 2566 en.

1044 2589 1175 2637 Attigit
1200 2587 1414 2624 Herodotea
1434 2587 1561 2623 Gallus
1581 2587 1698 2637 philo-

1044 2645 1195 2695 sophus,
1253 2643 1443 2680 Rousseau
1490 2643 1584 2680 Emil
1632 2643 1698 2690 IV,

1044 2704 1404 2746 commonstraturus,
1471 2705 1606 2748 quanta
1659 2699 1696 2735 in

1045 2757 1218 2796 eiusmodi
1239 2756 1351 2803 signis
1368 2768 1395 2791 s.
1420 2756 1589 2805 symbolis
1612 2755 1697 2791 insit

1043 2815 1119 2859 vis,
1149 2813 1245 2849 omni
1266 2812 1423 2862 scripu),
1464 2813 1631 2850 omnibus
1653 2811 1695 2847 li-

1044 2871 1128 2907 teris
1142 2898 1153 2918 ‚
1183 2869 1305 2906 maior.

1720 425 1802 465 338
