1904 3304
495 259 579 298 636

899 257 1370 298 HERODOTI

467 370 489 406 4
504 365 610 423 ἄλλῃ
632 369 688 422 γῇ
707 365 924 409 ἰσόπεδον.
969 365 1058 422 ἅμα
1089 364 1225 423 ἡμέρῃ
1259 366 1305 410 δὲ
1336 367 1378 417 ἐς
1402 367 1558 424 λόγους
1581 384 1763 424 προεκα-

495 436 612 480 λέετο
642 436 746 486 τούς
775 439 1025 491 Βαρκαίους
1037 451 1046 461 ·

1090 439 1133 480 οἱ
1163 437 1208 480 δὲ
1237 436 1467 490 ἀσπαστῶς
1492 438 1764 495 ὑπήκουσαν,

469 509 546 559 ὃές
577 507 603 551 ὅ
633 519 711 562 σφι
742 507 839 551 ἕαδε
869 508 1080 564 ὁμολογίη
1110 507 1372 563 χρήσασθαι.

1426 509 1505 566 τὴν
1535 511 1580 554 δὲ
1609 510 1766 567 ὁμολο-
1776 517 1822 552 30

497 581 598 635 γίην
630 577 861 621 ἐποιεῦντο
891 578 1064 635 τοιήνδε
1097 580 1218 632 τινα,
1260 579 1327 622 ἐπὶ
1357 597 1433 636 της
1462 587 1654 638 κρυπτῆς
1692 582 1766 625 τά·

501 666 620 705 φρου
640 646 876 703 τάμνοντες
899 666 1047 703 ορκια

500 720 573 777 ἔχῃ
585 752 596 770 2

1100 683 1123 702 ,,
1136 667 1178 701 ες
1207 648 1246 693 τ’
1279 650 1336 693 ἂν
1364 650 1391 707 ἡ
1423 655 1478 706 γῆ
1509 652 1617 708 αὕτη
1648 653 1764 696 οὕτω

642 718 788 775 μένειν
814 718 862 762 τό
896 719 1050 775 ὅρκιον
1080 722 1188 764 κατα
1211 720 1372 777 χώρην

1421 723 1493 765 καὶ
1513 725 1765 776 Βαρκαίους

500 808 544 834 τε
573 790 819 834 ὑποτελέειν
850 791 988 846 φάναι
1019 789 1144 847 ἀξίην
1173 793 1362 848 βασιλέϊ,
1393 794 1466 836 καὶ
1487 793 1660 846 Πέρσας
1689 811 1767 850 μη-

477 863 583 911 6δὲν
615 861 720 905 ἄλλο
753 866 968 917 νεοχμοῦν
997 862 1106 905 κατὰ
1137 866 1384 917 Βαρκαίων.
1398 869 1422 888 “

1481 862 1605 907 Meto}
1644 863 1689 907 δὲ
1718 862 1823 907 τὸ35

501 932 669 988 ὅρκιον,
701 936 918 987 Βαρκαῖοι
948 934 1039 988 μὲν,
1069 935 1377 987 πιστεύσαντες
1401 935 1609 987 τούτοισι,
1641 933 1769 978 αὐτοί

499 1021 544 1048 τε
577 1004 750 1060 ἐξήισαν
789 1004 835 1048 ἐκ
872 1009 952 1048 τοῦ
999 1006 1146 1057 ἄστεος
1186 1008 1259 1050 καὶ
1299 1012 1387 1050 τῶν
1429 1007 1647 1062 πολεμίων
1683 1005 1768 1048 ἔων

500 1077 705 1130 παριέναι
743 1074 784 1126 ἐς
823 1075 870 1118 τὸ
901 1080 1038 1131 τεῖχος
1067 1076 1146 1119 τόν
1176 1078 1473 1135 βουλόμενον,
1520 1078 1598 1129 τοὶς
1626 1076 1767 1128 πύλας

472 1154 495 1187 7
505 1146 647 1198 πάσας
694 1143 954 1198 ἀνοίξαντες.

1023 1149 1068 1189 οἱ
1116 1147 1161 1190 δὲ
1209 1149 1377 1204 Πέρσαι
1423 1149 1770 1204 καταῤῥήξαντες

499 1220 577 1275 τήν
618 1217 817 1272 κρυπτὴν
855 1217 1077 1272 γέφυραν,
1141 1218 1270 1262 ἔθεον
1319 1220 1401 1263 ἔσω
1447 1219 1491 1270 ές
1531 1217 1581 1262 τὸ
1621 1222 1824 1273 τεῖχος.4ο

500 1289 772 1345 κατέρρηξαν
804 1289 849 1331 δὲ
877 1291 1006 1332 τοῦδε
1037 1290 1180 1332 εἵνεκα
1209 1289 1290 1346 τὴν
1316 1290 1527 1345 ἐποίησαν
1555 1289 1768 1344 γέφυραν,

499 1363 574 1404 ἵνα
605 1360 959 1416 ἐμπεδορκέοιεν,
999 1358 1206 1415 ταμόντες
1236 1366 1349 1404 τοῖσι
1385 1362 1642 1415 Βαρκαίοισι
1669 1357 1767 1415 χρό-

499 1449 580 1476 νον
610 1431 755 1488 μένειν
790 1431 871 1473 αἰεὶ
901 1430 950 1473 τό
982 1428 1160 1484 ὅρκιον,
1195 1431 1304 1475 ὅσον
1324 1431 1378 1475 ἂν
1401 1430 1427 1489 ἦ
1449 1436 1505 1488 γῆ
1529 1430 1638 1488 μένῃ
1659 1430 1768 1474 κατὰ

499 1504 551 1547 τὰ
580 1504 675 1547 τότε
706 1500 807 1558 εἶχε·
848 1501 1148 1558 καταῤῥήξασι
1177 1503 1241 1556 δὲ,
1294 1502 1440 1548 οὐκέτι
1470 1503 1588 1560 ἔμενε
1618 1502 1666 1546 τό
1697 1502 1768 1557 ὄρ-

497 1592 596 1620 mov
625 1573 734 1619 κατὰ
770 1571 927 1630 χώρην.

501 1726 540 1774 ἔς
577 1722 615 1766 τ’
647 1742 698 1766 αν
728 1724 757 1775 ἦ
785 1727 838 1777 γῆ
867 1721 966 1775 αὕτη
999 1721 1103 1764 ου’τω

444 1782 668 1838 έ’χη,με’νειν
688 1799 730 1821 το
754 1780 893 1832 όρκιον
912 1779 1009 1820 κατὰ
1032 1797 1105 1832 χω-

443 1839 542 1890 ρην]
585 1841 624 1876 In
654 1840 814 1877 foederis
848 1839 1004 1876 formula
1030 1838 1105 1875 Ia-

443 1898 540 1934 tinos
581 1897 674 1934 inter
713 1900 752 1933 et
791 1897 980 1933 Romanos
1016 1896 1105 1932 citr'a

442 1953 607 1991 fraudem
637 1965 781 1989 omnem
814 1950 945 2002 μέχρις
967 1948 1018 1989 ἂν
1038 1946 1106 1989 ου’-

446 2005 568 2060 ρανός
611 2023 651 2048 τε
695 2006 764 2047 καὶ
798 2009 852 2059 γῆ
877 2005 950 2058 τήν
977 2003 1104 2057 αὐτήν

446 2062 585 2105 στάσιν
606 2065 720 2116 ἔχωσι
738 2066 837 2116 apud
856 2064 1009 2113 Dionys.
1026 2064 1106 2101 Ha-

445 2123 500 2160 lic.
534 2123 581 2159 Vl
616 2121 699 2172 [95]
733 2136 768 2172 p.
800 2121 882 2162 415
922 2120 965 2171 [5.
996 2122 1100 2161 1261

443 2178 588 2230 Reisk]
619 2178 890 2226 Wesselz'ng.
922 2178 1106 2216 Add.Po-

442 2237 560 2286 lyaen.
598 2236 686 2282 vll,
725 2235 779 2276 34
808 2234 886 2272 coll.
917 2234 990 2281 Vl,
1030 2237 1105 2279 223

445 2305 541 2342 quae
568 2292 690 2329 attulit
716 2291 892 2329 Valcken.
916 2303 1104 2327 common-

446 2354 566 2386 strans
599 2362 716 2397 aeque
748 2349 783 2384 in
813 2348 868 2384 his
893 2349 977 2385 ferri
997 2359 1104 2398 posse

445 2409 483 2444 et
514 2417 689 2455 praesens
724 2403 857 2454 μένειν
884 2409 920 2441 et
943 2405 1104 2440 futurum

447 2460 621 2511 μενέειν,
651 2462 750 2498 cuius
781 2460 861 2497 loco
884 2460 1053 2509 Polyaen.
1080 2459 1101 2496 l.

448 2519 468 2555 Ι.
499 2518 662 2556 exhibuit
682 2513 884 2566 φυλάξειν.
923 2517 1033 2554 Plura
1053 2517 1103 2553 ci-

447 2575 518 2612 tavi
538 2576 574 2611 in
595 2576 765 2612 Creuzer.
786 2573 928 2610 Melctt.
948 2573 997 2610 ΙΙΙ
1016 2585 1102 2623 pag.

452 2634 496 2671 11
534 2631 612 2668 coll.
663 2631 800 2668 Herod.
830 2630 898 2676 IV,
929 2629 1018 2670 147.
1051 2651 1101 2656 -

446 2687 506 2725 Ad
527 2688 743 2725 locutionem
763 2685 894 2737 μένειν
915 2682 1013 2724 κατά
1030 2681 1104 2735 χοὶ-

448 2759 522 2793 ρην
546 2745 638 2781 conf.
661 2744 730 2791 lv,
769 2743 847 2783 135
871 2743 992 2791 ibique
1012 2746 1103 2778 nott.

449 2796 559 2851 οἷξίη,
589 2806 628 2837 ut
659 2801 797 2838 monuit
818 2799 971 2837 VVessel.
997 2811 1104 2835 omne

449 2863 523 2906 est,
553 2858 644 2907 quod
664 2871 707 2894 ex
727 2870 837 2907 aequo
855 2858 929 2892 iare
950 2856 1104 2900 debetur,

449 2920 488 2951 ut
509 2914 588 2961 Vll,
623 2916 686 2956 39.
727 2914 787 2952 Tu
806 2914 900 2951 cons.
923 2912 985 2957 lv,
1012 2913 1101 2953 196.

1219 1728 1416 1777 νεοχμοῦν
1460 1722 1559 1764 zato?
1593 1723 1819 1775 Βαρκαίων]

1162 1785 1373 1833 Βαρκαίων
1395 1796 1473 1820 cum
1494 1788 1646 1819 reeentt.
1661 1782 1743 1819 edd.
1759 1794 1823 1818 ex-

1162 1839 1262 1876 hibui
1289 1853 1355 1890 pro
1375 1839 1619 1889 Βαρκαίους,
1649 1838 1748 1887 quod
1766 1843 1823 1874 ta-

1161 1910 1247 1933 men
1279 1897 1378 1933 haud
1406 1897 1480 1932 scio
1502 1907 1549 1931 an
1570 1899 1713 1932 tueatur
1732 1893 1823 1932 alter

1162 1952 1259 1989 locus
1292 1952 1346 1999 V,
1384 1955 1454 1993 19:
1498 1949 1623 2002 μηδὲν
1654 1951 1824 2001 νεοχμοῖ-

1164 2020 1230 2047 σαι
1261 2003 1353 2047 κατ’
1384 2004 1535 2058 ἄνδρας
1559 2003 1738 2054 τούτους.
1766 2026 1822 2033 -

1161 2065 1221 2102 Ad
1254 2066 1405 2103 verbum
1436 2067 1633 2114 νεοχμοῦν
1657 2066 1702 2101 cf.
1726 2063 1823 2101 Gre-

1162 2135 1240 2171 gor.
1270 2123 1357 2160 Cor.
1387 2122 1434 2159 de
1464 2120 1548 2158 dial.
1574 2121 1650 2158 Ion.
1681 2118 1717 2171 ἓ.
1742 2118 1818 2160 151

1162 2177 1316 2229 1)·544:
1354 2179 1592 2229 νεοχμῶσαι,
1617 2173 1661 2216 ‘to'
1679 2173 1821 2216 νεωστὶ
1873 2200 1879 2206 -

1162 2234 1325 2286 κινῆσαί
1349 2250 1397 2273 τι.

1217 2346 1285 2386 ἵνα
1313 2343 1640 2398 ἐμπεδορκέοιεν]
1680 2343 1702 2380 i.
1726 2355 1758 2380 e.
1780 2346 1819 2379 ut

1160 2406 1357 2441 iuramento
1392 2406 1550 2449 starent,
1587 2403 1820 2438 iuramentum

1160 2465 1351 2499 servarent.
1393 2461 1493 2498 citat
1521 2457 1653 2494 Suidas
1683 2469 1711 2493 5.
1741 2469 1773 2492 v.
1803 2456 1819 2492 I

1160 2531 1197 2568 p
1218 2519 1299 2559 725
1325 2521 1362 2556 et
1383 2530 1411 2554 5.
1432 2530 1463 2553 v.
1488 2516 1620 2564 Φερετ
1642 2513 1690 2550 ’1.
1693 2512 1817 2580 ἱ’.ΙΙΙΡ

1161 2574 1256 2616 593.
1305 2574 1348 2611 In
1375 2571 1494 2610 verbis
1519 2586 1618 2609 κατα
1653 2584 1701 2607 τα
1732 2563 1819 2608 τότε

1162 2625 1238 2681 εἶχε
1265 2631 1417 2675 Struve,
1454 2640 1562 2677 quem
1596 2625 1741 2664 laudavi
1770 2625 1818 2661 ad

1161 2687 1224 2733 lv,
1255 2688 1322 2732 76,
1358 2684 1488 2722 dubius
1514 2684 1657 2730 haeret,
1697 2686 1818 2718 utrum

1160 2740 1217 2782 τοὶ
1245 2742 1437 2780 delendum
1471 2742 1537 2787 sit,
1580 2752 1627 2777 an
1653 2735 1700 2777 τοὶ
1735 2732 1818 2777 τότε

1160 2800 1355 2850 accipiatur
1395 2810 1438 2834 eo
1481 2810 1611 2843 sensu,
1663 2807 1736 2845 quo
1769 2790 1817 2832 ἰα’

1161 2859 1258 2902 νῦν,
1287 2855 1356 2892 alia
1375 2854 1412 2891 id
1432 2866 1560 2903 genus.
