1904 3304
133 699 272 726 Indorum
288 707 377 734 prae-

135 741 205 768 ceps
217 733 291 768 suga
312 737 379 768 post

135 775 241 794 aurum
289 769 379 794 cone-
503 782 520 789 ω

133 805 232 827 ctum:
271 801 379 827 cameli
436 795 516 820 ταυ

437 241 520 283 192

832 240 1301 281 HERODOTI

433 350 547 394 καίει
576 348 680 400 τούς
718 365 762 393 τε
804 350 964 402 ἄλλους
1002 349 1268 405 ἀνθρώπους
1296 351 1369 395 καὶ
1398 350 1502 403 τοὺς
1525 350 1706 405 Ἰνδούς.

407 420 783 477 5ἆποκλιναμένης
825 421 871 464 δὲ
914 426 989 476 τῆς
1027 425 1315 478 μεσαμβρίης,
1358 424 1521 478 γίνεταί
1558 438 1638 480 σφι
1681 443 1704 469 ο

1691 423 1704 439 e

434 492 554 549 ἥλιος
583 492 773 547 κατάπερ
803 498 915 536 τοῖσι
945 493 1113 536 ἄλλοισι
1144 493 1166 536 ὁ
1197 493 1399 545 ἑωθινός·
1437 495 1511 537 καὶ
1540 495 1587 538 τὸ
1618 493 1704 539 ἀπὸ

433 563 594 607 τούτου
635 563 770 606 ἐπιών
801 564 867 607 ἐπὶ
898 569 1065 619 μᾶλλον
1095 563 1244 619 ψύχει,
1292 564 1333 614 ἐς
1365 562 1390 607 ὃ
1419 565 1484 608 ἐπὶ
1516 568 1707 624 δυσμῇσι

272 632 372 679 105
432 633 538 679 ἐών,
591 634 663 677 καὶ
700 634 748 678 τὸ
794 635 933 689 κάρτα
971 636 1108 692 ψύχει.

436 705 514 749 τόν
542 709 687 761 χῶρον
718 707 762 748 οἱ
796 705 928 750 Ἰνδοὶ
968 708 1133 764 ἔχοντες
1161 705 1374 756 θυλάκια,
1417 707 1706 764 ἐμπλήσαντες
1721 715 1763 750 15

134 843 233 862 mares
260 836 379 862 seminis
420 866 422 868 r
490 848 500 864 9
534 850 542 864 r
672 848 679 861 ι
773 851 785 865 ,-
866 849 876 862 ι
1102 848 1111 863 ,
1187 854 1202 861 Ν
1273 848 1284 861 e
1379 848 1388 861 ι
1459 848 1467 862 ι
1633 849 1643 863 e
1691 850 1701 864 x

136 870 379 896 cursuimmrffl:
408 857 598 892 Ξαυῖικα
627 865 709 904 γαρ
742 866 782 892 Ob
815 867 1056 907 μυρμηκδς,
1090 853 1200 907 Οδμῃ
1233 850 1310 904 (ως
1341 851 1392 905 δη
1424 853 1588 905 λὲγδται
1617 867 1704 894 vno

134 911 241 929 aurllssl

134 972 211 999 rius.

286 903 380 929 ‘ossile

134 936 214 971 apud
229 937 318 965 ludos
330 945 377 964 ra-

1178 635 1329 678 Ἐπεὰν
1371 635 1416 678 δὲ
1461 636 1622 680 ἔλθωσι
1665 637 1708 689 ἐς

522 795 573 820 τα
603 781 678 833 τῆς
701 777 906 833 ψάμμου,
949 778 1028 836 τήν
1058 780 1260 834 ταχίστην
1292 775 1524 821 ἐλαύνουσι
1554 779 1705 822 ὀπίσω.

438 920 662 974 Περσέων)
700 920 937 976 μαθόντες,
983 920 1212 965 διώκουσι·
1264 919 1374 964 εἶναι
1413 922 1459 965 δὲ
1494 921 1708 977 ταχύτητα

436 991 585 1036 οὐδενὶ
614 991 741 1048 ἑτέρῳ
771 991 949 1048 ὁμοῖον,
983 992 1098 1035 οὕτω
1134 991 1269 1045 ὥστε,
1305 995 1342 1036 εἰ
1371 993 1428 1049 μὴ
1458 992 1707 1050 προλαμβά·

435 1080 528 1108 νειν
565 1067 640 1119 τῆς
682 1061 792 1107 ὁδοῦ
829 1063 933 1115 τούς
968 1062 1136 1115 Ἰνδούς
1177 1063 1224 1107 ἐν
1264 1059 1299 1121 ᾧ
1336 1063 1441 1115 τούς
1478 1063 1764 1121 μύρμηκαςὲο

379 1244 483 1280 Cass.
502 1243 638 1280 LXVII
659 1257 744 1294 pag.
769 1244 860 1285 507.
900 1244 1042 1288 Quibus

375 1301 434 1338 Tu
465 1301 549 1337 add.
579 1300 731 1338 Roulez.
763 1302 976 1338 Observatt.
1006 1301 1042 1336 in

375 1357 555 1395 Theinist.
587 1369 672 1406 pag.
699 1358 753 1398 35
785 1371 888 1407 seqq.
929 1357 1039 1406 Apud

375 1414 479 1451 Ctes.
503 1413 579 1450 Iud.
606 1411 641 1463 ξ.
663 1416 686 1453 9
711 1419 828 1452 exstat
851 1412 915 1452 ἐπὶ
936 1412 1041 1452 ἔλατ-

375 1485 458 1509 τον.
478 1492 533 1497 -
552 1469 624 1506 Pro
646 1467 770 1509 ἐπιών
783 1471 981 1508 Schaefero
994 1470 1040 1506 ad

376 1526 564 1564 Lambert.
605 1527 692 1563 Bos.
713 1527 780 1564 ΕΙΙ.
810 1528 877 1565 Gr.
902 1540 938 1575 p.
958 1525 1040 1567 557

378 1583 514 1634 placuit
548 1577 691 1622 ἀπιών.
722 1608 773 1613 -
810 1584 850 1620 In
880 1582 1043 1620 clausula

380 1641 650 1686 adscribamus,
710 1653 806 1689 quae
855 1639 1044 1676 annotavit

377 1696 548 1733 Bredow.
582 1695 604 1733 l.
636 1696 658 1732 l.
699 1710 785 1745 pag.
818 1696 902 1732 Vlll
941 1694 1042 1746 (coll.

376 1765 463 1803 pag.
484 1752 582 1798 XW,
606 1757 643 1790 et
663 1753 794 1790 Ukert.
818 1753 955 1801 Geogr.
977 1752 1043 1788 der

379 1809 444 1845 Gr.
468 1823 501 1845 u.
528 1809 573 1846 R.
601 1809 628 1856 l,
646 1813 672 1850 2
705 1823 791 1860 pag.
821 1812 887 1850 26.
923 1808 1040 1855 100):

383 1879 525 1915 „quum
551 1865 616 1910 sol,
648 1878 691 1902 ex
721 1867 894 1915 opinione
922 1865 1044 1901 Hero-

383 1923 475 1971 doti,
494 1923 661 1959 omnibus
678 1923 781 1959 terris
805 1935 875 1959 uno
896 1922 1043 1959 eodem-

382 1992 453 2028 que
490 1983 657 2028 tempore
690 1980 803 2015 oritur
833 1983 870 2016 et
900 1978 1041 2024 occidit,

379 2048 565 2084 quumque
577 2035 672 2072 Indis
687 2036 723 2072 in
736 2035 908 2073 extremis
920 2035 1041 2071 orien-

379 2093 424 2129 tis
459 2092 589 2128 sinibus
627 2093 821 2129 matutinus
863 2091 1039 2141 capitibus

375 2149 565 2186 imminens
589 2153 658 2196 est,
687 2149 840 2186 maxime
857 2161 942 2185 vero
960 2147 1039 2184 lon-

375 2205 534 2254 ginquus
555 2205 614 2243 die
647 2209 946 2255 vesperascente,
973 2216 1039 2241 ne-

376 2274 479 2299 cesse
525 2265 607 2309 est,
653 2262 866 2299 Herodotus
906 2264 1037 2297 terram

375 2318 526 2369 planam
550 2330 630 2354 esse
655 2318 722 2355 sibi
748 2318 906 2365 finxerit,
936 2329 1044 2366 super

380 2375 452 2423 qua
489 2373 602 2410 solem
637 2374 811 2419 transire3
860 2386 1044 2422 quumque

381 2434 560 2467 extremos
580 2430 727 2466 orientis
743 2430 832 2466 fines
844 2430 1043 2467 matutinus

382 2486 436 2522 sol
463 2485 574 2522 multo
606 2487 720 2535 magis
761 2499 866 2523 urere
901 2485 1044 2531 dicitur,

380 2555 491 2592 quam
508 2548 645 2579 ceteras
667 2547 783 2579 terras
800 2543 1043 2587 meridianus3

380 2611 529 2636 necesse
551 2603 629 2645 est,
660 2604 701 2635 ut
723 2599 851 2635 coelum
872 2611 1043 2634 concava-

381 2659 454 2691 tum
476 2668 557 2692 esse
586 2655 773 2701 creditumr
788 2657 847 2701 sit,
869 2656 1044 2701 nmrge'm'-

381 2712 444 2748 bus
474 2711 630 2760 undique
661 2715 775 2748 terrae
811 2712 1043 2748 inclc'mitis.“

384 2768 470 2811 Quo
502 2769 601 2818 prius
633 2772 823 2805 monuerat
859 2767 1042 2805 Mannert.

385 2824 523 2873 Geogr.
543 2825 580 2862 d.
608 2824 672 2861 Gr.
692 2838 726 2861 u.
748 2825 793 2862 R.
819 2824 860 2871 V,
887 2828 904 2864 1
926 2837 961 2873 p.
980 2825 1042 2863 13.

386 2879 438 2920 14
460 2881 548 2918 haec
576 2892 620 2918 ex
642 2893 699 2929 ea,
730 2894 839 2931 quam
861 2880 1043 2917 Homerus

1100 1244 1167 1280 sibi
1185 1244 1341 1292 finxerit,
1372 1249 1492 1283 terrae
1513 1244 1629 1282 forma
1647 1243 1762 1294 expli-

1099 1301 1218 1338 canda
1239 1315 1337 1348 esse,
1369 1302 1441 1350 qua
1462 1314 1569 1339 mane
1599 1300 1653 1338 sol
1674 1301 1762 1351 ipsis

1099 1358 1296 1394 cervicibus
1337 1357 1509 1395 Indorum
1550 1358 1763 1407 impendeat

1098 1413 1257 1463 indeque
1285 1427 1348 1452 eos
1379 1416 1534 1451 maxime
1558 1419 1657 1460 urat3
1688 1427 1762 1464 quo

1097 1471 1214 1519 magis
1243 1476 1362 1508 autem
1388 1472 1611 1521 procedente
1634 1472 1693 1509 die
1713 1471 1763 1508 ad

1100 1539 1287 1576 vesperam
1318 1540 1434 1575 usque
1461 1532 1602 1576 vergat,
1634 1527 1766 1564 Indos-

1100 1596 1172 1631 que
1195 1584 1298 1632 quasi
1328 1583 1522 1632 relinquat,
1555 1585 1682 1620 minori
1705 1596 1764 1620 ca-

1099 1639 1174 1676 lore
1194 1644 1357 1689 premat3
1388 1641 1475 1688 quin
1498 1640 1652 1677 maxime
1683 1653 1764 1677 cum

1098 1700 1259 1732 remotus
1290 1697 1358 1742 sit,
1390 1696 1674 1744 refrigerationis
1700 1696 1766 1733 ali-

1099 1753 1187 1801 quid
1220 1753 1405 1802 praebcat.
1475 1753 1657 1790 Rennelio
1688 1753 1711 1789 l.
1742 1752 1764 1789 Ι.

1098 1822 1184 1859 pag.
1198 1810 1279 1849 383
1309 1808 1346 1844 in
1367 1808 1496 1845 talibus
1520 1810 1616 1846 omni
1637 1822 1765 1859 super-

1099 1866 1247 1902 stitione
1273 1878 1347 1902 non
1368 1878 1517 1914 prorsus
1539 1865 1629 1903 liber
1654 1867 1764 1903 fuisse

1099 1922 1243 1959 videtur
1263 1921 1496 1968 Herodotus,
1527 1923 1562 1958 in
1587 1923 1632 1959 iis
1658 1923 1764 1959 nimi-

1098 1991 1175 2014 rum
1195 1978 1421 2028 potissimum
1444 1978 1579 2027 lapsus,
1600 1991 1695 2028 quae
1716 1979 1764 2016 ad

1098 2038 1216 2071 terrae
1236 2035 1410 2080 formam,
1443 2034 1602 2085 solisque
1621 2048 1764 2072 cursum

1097 2092 1332 2140 eiusdemque
1370 2091 1442 2127 vim
1481 2091 1518 2128 iu
1556 2096 1654 2129 terra
1683 2091 1764 2142 ipsa

1094 2148 1319 2198 pertineant.

1318 2238 1428 2288 Cap.
1464 2237 1542 2275 CV.

1159 2316 1309 2366 ἔχοντες
1340 2311 1540 2364 θυλάκια]
1588 2310 1764 2352 θυλάκια

1101 2376 1194 2410 teste
1213 2372 1368 2421 Etymol.
1390 2386 1424 2422 p.
1446 2373 1526 2413 457
1550 2375 1603 2408 est
1624 2364 1764 2419 δερμά-

1100 2444 1210 2468 τινον
1233 2429 1397 2467 σακκίον
1426 2426 1601 2475 (saccus).
1654 2426 1763 2463 Conf.

1101 2485 1176 2532 ΙΙΙ,
1209 2486 1275 2525 46.
1307 2507 1361 2511 —
1402 2485 1442 2521 ln
1483 2497 1590 2532 seqq.
1630 2483 1763 2520 retinui

1102 2539 1266 2591 ὁμοῖον,
1297 2541 1344 2578 ad
1377 2541 1475 2589 quod
1501 2540 1691 2577 commode
1720 2551 1764 2576 ex

1102 2597 1398 2634 antecedentibus
1428 2596 1588 2647 suppleri
1628 2595 1765 2646 poterit

1101 2650 1172 2692 τὸν
1191 2649 1392 2703 μύρμηκα,
1424 2667 1452 2689 s.
1475 2655 1592 2692 τοῦτο
1618 2648 1664 2691 τό
1688 2655 1763 2702 θή-

1103 2709 1201 2760 ρίον.
1223 2731 1279 2736 -—-
1308 2711 1367 2746 Ad
1388 2710 1499 2746 verba
1525 2709 1560 2747 εἰ
1589 2705 1645 2759 μή
1665 2721 1763 2758 προ-

1101 2761 1319 2815 λαμβάνειν
1337 2768 1431 2803 conf.
1456 2765 1585 2802 Matth.
1608 2765 1672 2801 Gr.
1694 2764 1761 2800 Gr.

1103 2821 1139 2873 ἓ.
1162 2825 1254 2863 538.
1273 2844 1329 2851 —-
1352 2823 1411 2860 Ad
1430 2823 1582 2859 formam
1602 2817 1762 2870 θηλέων

1102 2879 1196 2916 conf.
1221 2892 1315 2929 quae
1335 2881 1384 2918 ad
1400 2879 1464 2928 111,
1488 2880 1542 2919 85
1562 2877 1760 2916 citavimus.

1771 841 1853 885 250
