1904 3304
528 230 1083 271 MELPOMENE.

1141 230 1208 270 IV.
1376 234 1456 275 481

203 359 290 394 τες,
333 341 514 396 οἴκησαν
552 340 599 383 ἐν
635 344 748 383 τοῖσι
780 342 1053 384 Βουδίνοισι·
1104 341 1177 383 καὶ
1204 339 1376 396 γλώσσῃ
1406 341 1459 384 τὰ

66 419 158 465 109
201 414 279 469 μὲν
307 415 532 468 Σκυθικῇ,
564 410 617 453 τὰ
648 410 693 453 δὲ
716 410 944 467 Ἑλληνικῇ
970 410 1188 466 χρέωνται.

1249 414 1459 454 Βουδῖνοι

205 484 249 527 δὲ
279 483 333 526 οὐ
362 486 415 539 τῇ
446 480 556 538 αὐτῇ
584 480 754 537 γλώσσῃ
773 481 982 537 χρέωνται
1011 482 1084 524 καὶ
1102 483 1310 525 Γελωνοί·
1352 480 1507 524 ἄλλ’ῖο

252 552 262 566 ‚
295 553 305 566 x
376 555 384 568 ,
528 551 538 564 0
618 550 627 565 ‚
672 550 682 563 ι

176 555 311 597 Ξουδε
342 555 484 595 διαιτα
514 571 540 609 η
576 569 695 607 αυτη.

755 554 798 594 οἱ
826 552 904 606 μὲν
933 551 1016 607 γάρ
1049 554 1278 603 Βουδῖνοι,
1317 552 1458 604 ἐόντες

204 622 491 678 αὐτόχθονες,
533 623 719 677 νομάδες
748 623 790 665 τὲ
822 623 923 672 εἰσι,
964 623 1037 664 καὶ
1068 624 1459 678 φθειροτραγέουσι

205 698 362 750 μοῦνοι
399 699 487 737 τῶν
526 693 683 751 ταύτῃ·
735 692 926 735 Γελωνοὶ
963 692 1029 744 δὲ,
1070 696 1149 749 γῆς
1183 709 1227 736 τε
1269 693 1458 750 ἐργάται,

145 840 386 885 abhorreant,
432 851 538 876 nemo
573 850 646 874 non
688 837 798 874 videt.

145 896 340 932 Munnerto
373 895 420 931 III
454 908 490 944 p.
522 892 571 932 14
609 893 799 943 probabile

144 953 308 997 videtur,
339 951 500 987 Graecos
529 950 798 997 antiquissimos

143 1007 281 1044 accolas
305 1020 389 1044 orae
406 1006 511 1042 Ponti
529 1006 799 1057 septentriona-

143 1064 184 1100 lis
213 1063 391 1100 communi
418 1063 624 1099 Gelonormn
651 1061 798 1098 nomine

142 1124 369 1169 nuncupatos
407 1119 518 1156 fuisse
547 1123 582 1155 et
612 1131 695 1165 eos,
736 1118 797 1166 qui

143 1177 192 1213 ad
223 1176 368 1213 Tanain
396 1175 612 1218 habitarint,
650 1174 797 1211 multum

146 1232 292 1268 differre
328 1232 373 1268 ab
412 1232 480 1278 iis,
529 1231 591 1279 qui
629 1231 678 1267 ab
718 1230 797 1266 Istri

145 1288 248 1324 ostiis
268 1287 315 1323 ad
338 1288 511 1324 interiora
523 1286 599 1323 loca
614 1287 797 1334 immigra-

144 1344 226 1380 rint.
258 1343 313 1379 Ex
331 1343 479 1392 Ephoro
497 1344 674 1391 Scymnus
685 1343 797 1379 Chius

143 1401 310 1448 sragmm.
343 1412 393 1435 vs.
432 1398 506 1440 124
536 1399 698 1436 Gelonos
727 1410 799 1435 una

145 1469 224 1492 cum
246 1456 467 1492 sauromatis
487 1459 598 1503 atque
618 1455 800 1504 Agathyr-

144 1512 191 1547 sis
205 1516 380 1557 recenset,
397 1511 493 1548 haud
501 1510 626 1560 procul
638 1524 658 1546 a
673 1512 800 1547 Maeo-

143 1568 220 1603 tide
240 1567 394 1616 palude3
425 1567 473 1602 ab
491 1567 567 1602 aliis
585 1567 621 1602 in
643 1567 798 1604 Thracia

143 1623 364 1659 collocantur
398 1626 462 1658 aut
488 1622 633 1671 Scythis
670 1635 798 1659 accen-

144 1683 290 1726 seritur,
318 1692 351 1715 v.
385 1691 415 1715 c.
441 1678 566 1726 Virgil.
586 1679 724 1727 Georg.
752 1678 797 1724 II,

146 1735 237 1776 115.
260 1735 323 1781 ΙΙΙ,
346 1732 438 1776 461.
470 1734 559 1772 Aen.
585 1735 681 1781 VIII,
703 1734 796 1776 725.

142 1791 273 1828 Horat.
313 1791 385 1827 Od.
424 1790 494 1836 III,
541 1790 588 1837 4,
637 1791 703 1831 35.
742 1810 796 1819 -·-·

143 1849 249 1892 Quae
288 1852 506 1896 sequuntur:
557 1846 598 1885 ἐκ
632 1849 714 1886 τῶν
755 1844 797 1885 δὲ

143 1905 218 1951 (sic
239 1904 332 1940 enim
353 1916 431 1940 curn
450 1908 601 1940 recentt.
626 1905 710 1940 dedi
731 1916 796 1953 pro

144 1960 188 1998 ἐκ
224 1956 265 1997 δὲ
296 1960 396 2006 τῶν)
434 1958 633 2009 ἐμπορίων
661 1959 797 2007 ἐξανα-

147 2011 316 2061 στάντες,
337 2015 501 2064 οἴκησαν
523 2015 563 2053 ἕν
584 2019 684 2054 τοῖσι
698 2019 797 2053 Βου-

145 2073 312 2116 δίνοισι,
353 2073 472 2120 attigit
502 2073 597 2108 idem
626 2073 797 2121 Kiippen.

144 2128 167 2168 l.
187 2128 208 2167 I.
228 2142 263 2176 p.
290 2128 338 2168 14
359 2141 434 2176 seq.
458 2128 574 2163 minus
596 2128 797 2178 probabilia

144 2185 190 2220 ab
224 2184 415 2219 Herodoto
459 2184 583 2221 referri
621 2189 796 2221 statuens.

143 2240 202 2277 De
222 2252 294 2288 qno
315 2253 409 2276 nunc
430 2241 630 2288 disquirere
651 2253 723 2277 non
736 2252 797 2276 va-

144 2301 221 2341 cat3
251 2297 287 2332 in
306 2296 485 2332 Herodoti
507 2296 636 2342 verbis,
664 2298 692 2332 si
710 2297 797 2344 quid

143 2353 270 2395 video,
296 2353 607 2400 acquiescendum.
627 2372 682 2379 -—-
711 2352 798 2388 Mox

142 2405 373 2458 Ἑλληνικήν
448 2409 532 2444 dicit
604 2410 798 2459 γλῶσσαν,

147 2477 252 2513 quam
273 2465 341 2510 lv,
372 2466 424 2504 78
452 2465 591 2501 dixerat
619 2461 796 2503 Ἑλλάδα.

351 2521 460 2569 Cap.
495 2521 591 2557 CIX.

204 2575 390 2614 Βουδῖνοι
421 2574 462 2614 ὸὲ
492 2600 542 2605 —-
575 2575 639 2615 καὶ
668 2579 798 2615 Γελω-

151 2629 237 2680 νοὶ]
276 2631 415 2668 Delevit
446 2633 534 2670 haec
558 2635 669 2671 verba
693 2634 796 2671 Reiz.

149 2700 192 2724 er<
213 2688 425 2724 aucto-ritate
444 2689 522 2726 cod.
540 2690 735 2735 Sancrofti,
757 2702 801 2727 ex

149 2756 221 2792 quo
272 2744 399 2780 eodem
442 2749 525 2793 post
561 2747 671 2783 verba
713 2742 800 2784 ἄλλ’

151 2795 244 2837 οὐδὲ
289 2799 417 2836 δίαιτα
455 2798 482 2850 ἦ
517 2796 616 2851 αὐτ-η’
646 2804 799 2852 recepit:

149 2855 227 2894 ἐστὶ
258 2857 463 2893 Γελωνοῐσι
495 2856 560 2895 καὶ
592 2859 800 2898 Βουδίνοι-

204 2911 410 2948 HEnoDo'r.
441 2911 486 2949 lI.

858 846 918 882 σι;
957 846 1051 883 quae
1080 836 1162 885 ipsa
1188 849 1209 873 a
1239 839 1385 888 reliquis
1414 840 1512 878 libris

857 892 1019 940 scriptis,
1050 905 1141 940 quos
1167 895 1336 941 equidem
1356 910 1434 933 cum
1456 911 1514 934 re-

856 953 964 984 centt.
1003 949 1086 984 edd.
1125 955 1267 986 secutus
1303 964 1402 997 sum,
1445 954 1512 989 ab-

856 1008 951 1040 sunt.
982 1004 1053 1040 Pro
1066 1002 1131 1041 καὶ
1146 1005 1328 1054 Γελωνοὶ,
1339 1008 1511 1046 Valcken.

854 1064 1040 1104 monente,
1060 1061 1167 1097 etiam
1187 1063 1294 1099 scribi
1312 1065 1447 1113 poterit
1462 1067 1513 1119 τῇ

855 1115 923 1154 καὶ
944 1115 1136 1163 Γελωνοὶ,
1168 1120 1266 1166 quod
1279 1148 1290 1166 ⁷
1319 1124 1359 1157 ut
1378 1121 1423 1158 ab
1442 1134 1510 1158 usu

854 1172 1035 1209 Herodoti
1063 1186 1136 1210 non
1171 1174 1324 1212 alienum
1355 1181 1431 1224 est,
1462 1179 1511 1214 ita

856 1230 965 1265 etiam
1007 1229 1103 1265 haud
1144 1233 1397 1270 necessarium.
1450 1234 1510 1271 Cf.

855 1285 986 1321 Struvc
1011 1284 1033 1322 I.
1064 1284 1085 1321 l.
1110 1285 1225 1334 Ipag.
1250 1288 1304 1328 24
1328 1311 1376 1316 —
1398 1291 1451 1330 27
1475 1294 1512 1327 et

854 1341 996 1378 Herod.
1018 1341 1089 1385 IV,
1123 1342 1214 1382 155.

911 1396 1268 1448 φθειροτραγέουσι
1280 1401 1423 1449 μοῦνοι
1432 1403 1512 1440 τῶν

854 1449 1004 1506 ταύτῃ]
1034 1453 1205 1492 Valcken.
1235 1456 1370 1493 mavult
1394 1462 1512 1506 φθει·

855 1507 1109 1559 ροτρηγέουσι
1157 1515 1193 1546 et
1228 1513 1326 1560 apud
1369 1513 1510 1551 Arrian.

854 1565 984 1614 Peripl.
1012 1562 1049 1614 §.
1074 1567 1122 1605 18
1144 1565 1191 1603 Τ.
1214 1567 1262 1603 III
1282 1581 1317 1617 p.
1341 1570 1392 1608 73
1414 1569 1511 1608 Gail.

854 1618 1096 1672 (Hocio‘orog
1130 1619 1236 1674 λέγει
1258 1620 1424 1670 τούτους
1460 1621 1511 1664 εἷ-

855 1692 920 1715 ναι
950 1674 1044 1723 τους
1070 1679 1511 1732 φθειροτρωκτέοντας)

855 1732 1251 1785 φθειροτρηγέοντας.
1278 1737 1511 1775 Gatterer.in

854 1791 1077 1830 Commeutt,
1101 1792 1223 1828 societ.
1244 1792 1345 1829 Gott.
1365 1794 1451 1830 XIV
1473 1807 1509 1845 p.

853 1848 905 1886 33
941 1847 1122 1895 refingere
1151 1847 1286 1897 placuit
1313 1853 1511 1901 θηροτρα-

854 1900 986 1953 γέουσι
1045 1904 1120 1940 sive
1167 1905 1509 1956 θειροτραγέουσιε

854 1972 991 1995 earnem
1004 1959 1165 2008 ferinam
1182 1960 1300 1998 edunt.
1331 1962 1377 1998 At
1391 1965 1510 2001 Φθει-

854 2011 1058 2068 ροφάγους
1084 2016 1238 2052 Caucasi
1268 2017 1303 2053 in
1327 2019 1510 2056 montibus

853 2076 1111 2109 commemorat
1134 2072 1267 2108 Strabo
1285 2073 1335 2110 XI
1365 2088 1402 2123 p.
1427 2075 1510 2117 492

853 2127 895 2163 Β.
917 2140 943 2163 S.
972 2126 1053 2167 754
1078 2131 1113 2164 et
1139 2141 1175 2177 p.
1193 2130 1274 2169 499
1301 2143 1329 2166 5.
1351 2132 1431 2171 763
1453 2131 1507 2180 Α.,

855 2183 1139 2232 Plaetlet'roplmgos
1182 2185 1277 2221 inter
1324 2186 1508 2235 Scythicas

855 2245 982 2287 gentes
1004 2240 1183 2290 Pompon.
1207 2240 1294 2278 Mel.
1320 2241 1356 2289 I,
1389 2245 1438 2282 19
1467 2255 1510 2281 ac

853 2295 991 2333 Plinius
1026 2296 1074 2332 H.
1105 2296 1154 2333 N.
1184 2297 1254 2343 vl,
1294 2296 1319 2336 4
1357 2298 1510 2349 ipseque

853 2351 992 2389 Noster
1010 2352 1080 2399 IV,
1112 2354 1191 2393 168
1224 2354 1260 2390 in
1282 2352 1400 2403 Libya
1433 2368 1511 2392 mu-

853 2408 970 2457 lieres,
989 2421 1082 2457 quae
1100 2409 1285 2459 pediculos
1303 2412 1508 2459 mordeant,

853 2469 1054 2510 memorat3
1112 2465 1174 2502 ubi
1215 2465 1417 2504 Larcherus
1463 2469 1510 2506 de

854 2526 963 2569 gente
982 2520 1127 2559 Africae
1144 2523 1353 2559 recentioris
1365 2551 1377 2569 ‚
1400 2537 1510 2573 quam

852 2577 1110 2615 Hottentotten
1128 2583 1276 2625 vocant,
1306 2580 1434 2617 similia
1452 2594 1510 2619 re-

854 2633 924 2670 fert
949 2647 969 2671 e
997 2635 1233 2672 recentiorum
1254 2638 1509 2685 peregrinato-

856 2702 933 2726 rum
953 2691 1170 2728 testimonio.
1201 2690 1332 2740 Neque
1352 2706 1437 2730 vero
1461 2694 1509 2731 de

852 2745 1027 2796 pediculis
1063 2748 1119 2784 hic
1154 2747 1386 2795 cogitandum
1416 2762 1508 2795 esse,

856 2803 923 2840 sed
962 2804 1008 2841 de
1040 2805 1115 2853 pini
1148 2804 1321 2841 fructibus
1355 2818 1382 2841 s.
1409 2806 1507 2842 conis

857 2856 952 2912 (nos
1007 2872 1174 2897 vocamus
1232 2859 1508 2911 Taunchff'en),

1181 2917 1230 2955 31
