1904 3304
428 237 512 276 298
816 233 1283 273 HERODOTI

306 350 370 394 13

98 415 235 454 Aris-tene
257 413 374 454 subpla-

112 452 186 476 toris
204 453 337 476 narratio
348 457 356 481 ;

529 342 645 399 ’Ὲφη
676 343 721 386 δὲ
749 342 965 399 Ἀριστέης
995 342 1019 386 ὁ
1054 345 1387 399 Καυστροβίου,
1436 343 1545 399 ἀνὴρ
1579 347 1693 398 Προ-

431 413 685 470 κοννήσιος,
723 414 886 456 ποιέων
916 413 1042 464 ἔπεα,
1087 411 1321 458 ἀπικέσθαι
1361 414 1403 465 ἐς
1432 413 1690 471 Ἰσσηδόνας,
1708 424 1749 454 10

372 584 435 608 ται
465 582 511 606 ne
541 569 620 618 quis
655 569 701 605 ad
728 582 886 618 sequens
913 570 1035 606 trahat

372 630 503 676 caput,
555 632 678 663 monet
722 627 826 663 Reiz.
874 627 1032 664 Praesut.

374 695 459 733 pag.
491 682 608 719 XXll.

585 738 696 790 Cap.
728 738 827 777 Xlll.

429 790 641 845 Ἀριστέης]
675 795 846 832 Veterum
864 796 1034 832 testimo-

374 851 436 888 nia
474 853 520 888 de
564 851 730 898 Aristea,
788 865 894 900 quem
940 853 1034 889 circa

374 907 520 958 Olymp.
540 907 572 944 L
594 910 761 945 floruisse
782 909 930 954 volunt,
960 909 1034 945 col-

375 964 466 1012 legit
495 966 615 1000 omnia
639 964 800 1001 Schultz.
822 966 857 1001 in
874 966 1032 1015 Specim.

373 1019 509 1071 Appar.
533 1021 580 1057 ad
597 1021 738 1058 Annall.
757 1035 841 1072 pag.
864 1020 888 1060 4
910 1026 982 1057 not.
1006 1023 1030 1061 9

373 1076 451 1114 coll.
474 1078 613 1114 Fabric.
636 1077 726 1114 Bibl.
750 1080 878 1115 Graec.
908 1078 919 1113 1
946 1091 1031 1126 pag.

374 1136 436 1174 10.
452 1134 665 1171 Herodotea
675 1140 927 1184 expresserunt
939 1135 1033 1170 Pau-

371 1203 448 1228 san.
472 1191 497 1236 l,
519 1189 585 1236 24,
606 1193 644 1230 6.
683 1190 728 1237 V,
754 1193 792 1237 7,
821 1191 858 1231 4,
898 1190 1030 1227 Tzetz

371 1246 463 1282 Chil.
486 1246 537 1291 11,
560 1247 642 1286 724
659 1267 705 1273 —-
721 1245 824 1292 734,
854 1248 915 1296 qui
939 1258 1032 1283 non-

370 1302 470 1339 nulla
488 1303 605 1339 minus
628 1303 721 1339 bene
744 1303 932 1351 intellexit,
959 1302 1029 1339 alii.

369 1358 454 1395 Alio
473 1363 595 1395 tamen
619 1372 661 1396 ex
681 1360 785 1397 fonte
801 1373 866 1397 sua
889 1360 1031 1397 hausis-

370 1429 409 1453 se
448 1416 592 1453 videtur
621 1415 836 1453 Plutarchus
860 1418 931 1453 vit.
954 1417 1032 1452 Ro-

369 1472 455 1509 mul.
478 1475 530 1513 28
548 1472 611 1519 (al.
634 1474 728 1521 27);
762 1486 914 1522 quocum
937 1474 1030 1510 conf.

371 1529 503 1566 Athen.
523 1529 609 1565 Xlll
640 1542 677 1578 p.
700 1530 781 1570 605
805 1531 846 1567 C.
881 1535 916 1567 et
937 1530 1030 1566 Plin.

369 1586 418 1622 H.
444 1584 491 1622 N.
521 1585 606 1632 Vll,
635 1589 672 1625 2.
722 1586 812 1633 Vll,
844 1587 899 1627 52
930 1584 1029 1636 (53).

371 1641 468 1678 Add.
487 1641 620 1677 Suidas
638 1654 665 1677 s.
683 1654 716 1677 v.
737 1642 779 1680 T.
802 1643 818 1679 Ι
838 1655 924 1692 pag.
937 1644 1029 1684 323.

371 1698 492 1747 Ipsam
521 1698 764 1736 narrationem
798 1700 844 1736 de
868 1698 1028 1745 Aristeu,

373 1755 512 1792 exstitit
537 1755 632 1791 inter
658 1756 877 1793 recentiores
896 1756 1028 1793 Ritter.

371 1811 560 1856 (Vorhalle
599 1824 684 1861 pag.
722 1813 848 1860 271),
899 1814 959 1861 qui
986 1825 1030 1848 ex

370 1867 622 1916 antiquissima
648 1869 829 1906 Buddhae
862 1869 1029 1905 doctrina

371 1925 419 1962 de
454 1925 653 1961 animarum
687 1925 957 1962 immortalitate
986 1937 1029 1962 ac

371 1980 587 2029 migratione
600 1981 794 2018 deductam
806 1988 843 2019 et
854 1983 901 2019 ad
913 1982 1030 2019 Grae-

370 2050 490 2074 corum
513 2037 672 2074 indolem
697 2039 853 2075 effictam
881 2039 1029 2083 diceret,

370 2106 449 2130 cum
480 2094 528 2131 de
556 2093 698 2131 Aristea
728 2095 857 2132 similia
884 2095 1031 2145 praedi-

370 2155 538 2187 carentur
558 2156 668 2200 atque
688 2152 734 2189 de
752 2151 912 2189 Buddha
931 2152 1030 2202 apud

369 2206 480 2243 Indos
504 2208 559 2256 (p.
584 2209 705 2256 357),
742 2209 935 2258 ipsumque
963 2221 1030 2245 no-

370 2275 453 2300 men
479 2263 644 2302 Aristeae
677 2266 798 2313 (quod
829 2265 926 2301 haud
956 2265 1030 2301 scio

373 2332 419 2354 an
432 2319 576 2356 duxeris
596 2333 615 2356 a
629 2334 715 2357 voce
732 2318 911 2372 ἄριστος,·
935 2322 1029 2357 conf.

371 2375 457 2411 ibid.
477 2389 561 2425 pag.
586 2378 688 2425 281)
708 2377 845 2426 aliquid
864 2378 1030 2413 recondi-

372 2432 442 2468 tius
465 2438 577 2481 atque
598 2434 768 2470 secretius
795 2435 953 2484 prodere
975 2434 1027 2469 vi-

371 2488 518 2525 deretur
539 2490 643 2538 (pag.
665 2492 779 2535 275).
822 2489 902 2526 Nec
923 2489 1027 2526 aliam

372 2556 453 2581 esse
474 2546 651 2583 rationem
666 2546 866 2583 fabularum
886 2547 932 2583 de
943 2546 1030 2583 Zal-

373 2601 468 2637 moxi
496 2602 570 2648 (de
595 2616 667 2651 quo
690 2602 761 2638 vid.
785 2606 876 2638 nott.
900 2603 946 2639 ad
966 2604 1030 2648 lv,

373 2657 427 2696 95
449 2656 543 2707 sq.),
574 2658 620 2695 de
640 2658 873 2709 Epimenide,
896 2660 942 2696 de
957 2659 1029 2707 Py-

374 2712 530 2762 thagora
559 2718 671 2764 atque
697 2715 856 2752 Abaride
881 2715 1030 2765 Hyper-

372 2769 497 2807 boreo.
555 2770 614 2809 De
641 2772 773 2821 quibus
802 2772 879 2822 ipse
911 2772 1031 2809 videat

372 2826 426 2863 vir
449 2827 592 2864 doctus.

432 2878 534 2936 α’νήρ
567 2878 888 2935 Προκοννήσιος]
929 2884 1029 2922 Idem

1092 570 1251 606 affirmat
1279 571 1414 607 Strabo
1437 570 1522 607 Xlll
1549 584 1585 620 p.
1605 572 1686 610 589
1708 569 1747 606 A.

1093 639 1121 664 s.
1140 627 1217 666 551
1245 627 1311 673 A.‚
1353 628 1411 664 ubi
1434 627 1571 664 insulae
1596 627 1747 662 Procon-

1091 685 1166 718 nesz'
1195 684 1415 720 mentium-m
1449 684 1552 729 sacit,
1592 696 1686 731 quae
1714 683 1748 719 in

1093 739 1318 788 Propontide
1357 741 1426 776 sita
1466 744 1502 776 et
1542 753 1563 776 a
1598 739 1750 776 Milesiis

1092 796 1242 832 condita
1261 795 1413 844 insignis
1432 796 1617 833 serebatur
1645 808 1751 844 egre-

1092 852 1142 900 gii
1172 853 1360 889 marmoris
1392 858 1572 902 proventu
1600 851 1750 902 lapidis-

1091 922 1162 957 que
1185 909 1419 945 alabastritae
1448 909 1596 957 vinique
1622 908 1749 958 optimi

1091 966 1323 1002 feracissima.
1372 964 1481 1002 Nunc
1509 970 1680 1010 vocatur,
1709 968 1751 1000 ut

1090 1021 1253 1071 plerique
1271 1026 1415 1071 putant,
1435 1020 1632 1058 ⁴[llarnwra.
1664 1019 1751 1056 Col-

1090 1079 1179 1126 legit
1222 1092 1315 1127 1111118
1352 1079 1419 1114 huc
1455 1079 1593 1115 faciunt
1631 1077 1751 1113 omnia

1090 1134 1296 1171 'l‘zschuck
1325 1137 1372 1171 ad
1407 1134 1492 1171 Mel.
1523 1135 1567 1178 ll,
1599 1137 1622 1173 7
1657 1138 1750 1170 nott.

1089 1203 1218 1239 exegg.
1238 1204 1322 1240 pag.
1347 1192 1426 1230 577
1443 1211 1490 1216 ——
1506 1192 1587 1231 580
1606 1189 1686 1226 Vol.
1700 1188 1749 1225 Ill

1091 1248 1131 1283 l'.
1154 1247 1183 1282 ll
1207 1247 1288 1283 coll.
1320 1246 1656 1284 Raoul-Roehette
1679 1245 1701 1282 l.
1726 1244 1749 1282 l.

1091 1303 1140 1339 lll
1161 1316 1196 1352 p.
1215 1304 1296 1344 253
1317 1316 1420 1352 seqq.
1469 1303 1580 1346 Quod
1606 1302 1652 1339 ab
1672 1301 1750 1338 aliis

1089 1360 1257 1396 scribitur
1287 1355 1585 1409 ΙΙροκὸνησος,
1616 1359 1750 1407 inagis,

1089 1422 1130 1452 ut
1148 1416 1302 1462 videtur,
1315 1429 1357 1453 ex
1372 1423 1533 1454 veterum
1546 1416 1749 1453 Atticorum

1089 1473 1233 1509 dicendi
1273 1474 1433 1520 ratione,
1497 1474 1544 1510 de
1583 1485 1626 1510 eo
1665 1475 1750 1522 post

1090 1529 1125 1566 Τ
1127 1529 1295 1566 zschuck.
1319 1529 1339 1566 1.
1358 1530 1379 1565 l.
1403 1542 1486 1579 pag.
1505 1532 1587 1569 577
1609 1532 1645 1566 et
1656 1531 1747 1565 nott.

1091 1586 1219 1622 critice.
1249 1599 1334 1635 pag.
1367 1585 1449 1626 480
1479 1586 1608 1621 v01.11
1640 1584 1679 1621 P.
1702 1583 1749 1631 ll,

1089 1643 1228 1678 monuit
1254 1642 1415 1679 Boeckh.
1446 1643 1479 1678 iu
1507 1642 1662 1691 Coi-por.
1689 1641 1747 1677 ln·

1088 1699 1226 1748 scriptt.
1250 1700 1403 1735 Graece.
1422 1698 1435 1734 l
1456 1711 1541 1748 pag.
1568 1701 1618 1739 18
1635 1711 1667 1736 a,
1707 1697 1747 1733 ln

1086 1755 1303 1792 Herodoteo
1331 1754 1410 1791 loco
1438 1755 1539 1802 libri,
1570 1759 1747 1804 quantum

1086 1812 1181 1858 scio,
1218 1824 1290 1847 non
1310 1813 1461 1848 xariant.

1144 1866 1290 1906 ποιέων
1311 1866 1418 1916 ἔπεα]
1451 1869 1474 1904 i.
1495 1881 1527 1906 e.
1548 1863 1748 1914 ἐποποιὸς,

1087 1926 1159 1974 qua
1178 1937 1266 1961 voce
1284 1925 1398 1961 utitur
1409 1925 1542 1961 Suidas
1559 1924 1580 1963 l.
1602 1926 1647 1970 1.,
1669 1936 1747 1960 car-

1086 1982 1192 2017 minis
1213 1983 1302 2030 epici
1319 1984 1451 2018 auctor.
1491 1980 1586 2019 Nam
1606 1981 1749 2018 Arima-

1089 2051 1172 2087 spea
1205 2038 1479 2087 intelliguntur,
1533 2039 1578 2075 de
1618 2037 1749 2086 quibus

1089 2107 1172 2132 mox
1191 2106 1271 2144 cap.
1294 2095 1356 2134 14.
1412 2096 1475 2131 Sic
1495 2094 1589 2131 infra
1613 2094 1675 2141 lv,
1699 2092 1750 2134 14

1088 2151 1167 2188 coll.
1193 2154 1242 2191 16
1266 2155 1397 2189 ποιεῖν
1421 2150 1527 2189 ἔπεα.
1580 2149 1638 2188 De
1657 2149 1749 2186 Isse-

1089 2208 1237 2244 donibus
1253 2208 1324 2243 vid.
1343 2212 1435 2244 nott.
1456 2208 1504 2244 ad
1524 2207 1552 2253 l,
1573 2208 1667 2246 201.
1684 2206 1748 2249 IV,

1088 2267 1163 2310 273
1194 2265 1240 2301 de
1260 2264 1458 2314 Arimaspis
1479 2264 1573 2300 conf.
1591 2267 1686 2298 nott.
1699 2262 1746 2298 ad

1087 2321 1151 2366 IV,
1171 2323 1235 2360 27.
1260 2322 1334 2364 323
1373 2321 1418 2357 de
1438 2319 1597 2369 Gryplu's
1619 2319 1745 2368 dispu-

1086 2379 1240 2414 tavimus
1259 2377 1293 2412 in
1308 2377 1466 2413 Excursu
1489 2377 1536 2412 ad
1559 2375 1619 2421 lll,
1645 2377 1747 2420 1163

1086 2435 1132 2471 de
1154 2433 1390 2483 Hyperboreis
1420 2433 1493 2468 vid.
1529 2431 1676 2468 Excurs.
1710 2436 1750 2468 et'

1086 2495 1176 2527 nott.
1201 2490 1248 2526 ad
1271 2490 1412 2534 lv‚32.
1443 2489 1526 2525 Hoc
1543 2488 1746 2525 locounum

1086 2547 1267 2583 Ritterum
1297 2544 1487 2594 (Vorhalle
1523 2557 1609 2595 pag.
1639 2545 1742 2592 277)

1088 2603 1265 2640 excitasse
1291 2602 1468 2647 sufficiat,
1498 2605 1747 2650 quaerentem,

1087 2671 1195 2704 num,
1241 2671 1336 2707 quae
1382 2659 1524 2695 urbium
1563 2659 1611 2695 ad
1639 2657 1746 2694 Ponti

1088 2727 1188 2752 oram
1239 2714 1397 2764 Apollini
1454 2718 1744 2752 consecratarum

1087 2773 1248 2809 serantur
1283 2772 1452 2817 nomina,
1500 2783 1532 2807 v.
1565 2784 1596 2808 c.
1628 2770 1746 2817 Assos,

1087 2828 1262 2878 Assopolz's
1302 2828 1575 2877 quodammodo
1613 2839 1745 2863 conve-

1088 2885 1191 2921 niant
1231 2897 1308 2922 cum
1342 2883 1545 2921 Issetlonum
1588 2883 1742 2920 nomine.
