1904 3304
488 260 569 301 194
887 257 1357 296 HERODOTI

487 365 701 422 σκομὲνας
753 370 843 411 τῶν
901 367 1052 411 ἔλιπον
1101 368 1290 420 τέκνων,
1357 366 1578 411 ἐνδιδόναι
1624 371 1756 423 μαλα-

458 438 572 482 4κὸν
601 436 746 481 οὐδέν.
813 436 902 481 Τόυ
930 437 1009 494 μὲν
1040 437 1092 494 δὴ
1122 439 1236 481 πλέω
1263 443 1343 484 τοῦ
1373 443 1539 494 χρυσοῦ
1571 438 1687 482 οὕτω
1714 439 1813 482 οἱ25

483 508 613 553 Ἰνδοὶ
641 513 852 562 κτῶνται,
883 509 942 561 ὠς
973 508 1138 562 Πέρσαι
1169 512 1298 564 φασί·
1335 509 1463 561 ἄλλος
1494 510 1538 553 δὲ
1569 508 1758 554 σπανιώ-

488 578 610 635 τερός
641 580 751 628 ἐστι,
793 580 840 624 ἐν
868 585 922 637 τῇ
951 579 1069 637 χώρῃ
1100 578 1406 636 ὀρυσσόμενος.

327 646 427 691 106
598 652 657 693 Αἱ
686 648 731 693 δ’
763 649 951 706 ἐσχατιαί
980 667 1067 701 κως
1096 654 1170 706 τῆς
1192 652 1449 708 οἰκουμένης
1470 651 1522 695 τὰ
1552 651 1759 695 κάλλιστα

155 712 433 773 zissgmffiv‘iffisse
490 722 669 777 ε’λαχον,
701 721 890 777 κατάπερ
920 721 947 778 ἡ
977 720 1125 773 Ἑλλὰς
1154 722 1228 773 τὰς
1259 722 1377 776 ὥρας
1405 722 1570 766 πολλόν
1591 741 1631 766 τι
1660 722 1759 766 κάλ·

156 779 317 806 Graeciam
359 783 432 805 tem-

155 821 206 848 p«
194 814 322 840 mathus
348 818 432 839 ame-
465 797 618 836 emota
648 795 916 848 κεκραμένας
945 794 1076 849 ἓ’.λαχε

155 847 284 874 cellere:
329 845 433 872 Indiae

155 880 259 906 bona.
330 879 434 906 Medo-

156 921 221 940 rum
241 913 309 947 equi
329 912 434 940 Nisaei

1135 798 1266 838 τοῦτο
1296 794 1373 850 μὲν
1402 794 1509 849 γὰρ,
1540 794 1650 850 πρὸς
1680 794 1758 851 τὴν
1771 802 1817 836 30

493 863 548 906 ἕω
588 863 744 919 ἐσχάτη
783 867 872 906 τῶν
909 866 1171 921 οἰκεομένων
1210 863 1236 921 ἡ
1272 863 1429 921 Ἰνδική
1458 865 1570 917 ἐστι,
1615 864 1760 921 ὥσπερ

463 933 649 990 Βόλίγον
678 932 893 989 πρότερον
923 937 1085 993 εἴρηκα.

491 1005 662 1061 ἔμψυχα
690 1004 935 1058 τετράποδά
964 1023 1007 1050 τε
1038 1008 1110 1051 καὶ
1140 1007 1192 1050 τὰ
1230 1007 1392 1064 πετηνά
1421 1011 1567 1063 πολλῷ
1595 1007 1703 1064 μέζω
1734 1006 1762 1064 ἢ

491 1076 538 1119 ἐν
576 1081 690 1120 τοῖσι
728 1076 896 1121 ἄλλοισι
934 1080 1133 1135 χωρίοισί
1172 1078 1279 1130 ἐστι,
1319 1077 1453 1132 πάρεξ
1481 1082 1570 1122 τῶν
1599 1080 1760 1122 ἵππων·

155 955 243 981 prae
248 946 415 974 nantissimi.
1146 936 1192 980 ἐν
1219 936 1376 993 ταύτῃ,
1418 940 1548 980 τοῦτο
1579 936 1682 992 μὲν,
1709 936 1763 979 τὰ

155 955 206 1015 [7,
225 981 267 1008 ⁴0.
271 981 284 1014 ]

432 1248 603 1286 seminam
628 1262 790 1298 cursum,
819 1251 885 1287 sed
905 1255 1100 1301 utrumque

432 1305 569 1342 trahi.“

490 1357 690 1401 ἐνδιδόναι
712 1359 890 1412 palma-dv
911 1358 1045 1414 οὐδέν]
1078 1364 1099 1400 i.

433 1431 466 1456 e.
489 1419 582 1455 m'leil
603 1419 644 1456 cle
661 1432 764 1456 cursa
782 1422 968 1467 renectere,
991 1422 1099 1457 mari-

434 1476 503 1512 bus
535 1476 698 1525 quamvis
733 1478 882 1525 segnius
913 1478 1099 1526 sequenti-

433 1531 514 1569 bus.
573 1532 631 1570 De
653 1532 833 1570 locutione
855 1534 950 1570 cons.
974 1532 1094 1571 Schol.

434 1587 623 1638 Aristoph.
649 1588 742 1626 Plut.
764 1588 845 1628 488
866 1591 952 1638 ibiq.
982 1590 1100 1627 Hem-

436 1644 590 1682 sterhus.
613 1649 649 1682 et
666 1645 808 1682 Herod.
828 1645 889 1695 111,
901 1647 949 1687 51
978 1646 1100 1696 ibique

436 1701 557 1738 citata.

655 1757 763 1808 Cap.
794 1757 888 1795 CVI.

492 1812 550 1851 Αἵ
569 1807 614 1851 δ’
637 1812 812 1864 ἐσχατιαί
839 1829 919 1859 κως
947 1816 1019 1862 τῆς
1044 1813 1099 1853 οἷ-

435 1867 583 1919 κουμέι
588 1885 635 1918 ης
665 1885 699 1908 κ.
733 1886 763 1909 τ.
795 1873 826 1908 λ.
838 1869 851 1920 ]
894 1872 1001 1908 Conf.
1037 1871 1099 1916 ΙΙΙ,

438 1929 530 1966 116.
589 1926 645 1963 Ex
667 1927 850 1964 Herodoti
872 1932 992 1964 mente
1018 1900 1099 1964 Indi

436 1983 597 2019 omnium
635 1985 786 2020 extremi
820 1984 868 2020 ad
907 1985 1098 2030 orientem,

436 2037 578 2076 Arabes
600 2039 648 2075 ad
669 2040 1011 2088 meridiem,terram
1034 2040 1101 2077 ha-

436 2096 587 2132 bitatam
618 2097 823 2133 terminant.
884 2096 980 2134 Nam
1004 2097 1098 2133 ultra

435 2151 548 2188 Indos
576 2151 625 2188 nil
652 2153 719 2189 nisi
747 2154 890 2191 deserta
912 2153 1097 2200 sabulosa,

434 2209 622 2245 meridiem
650 2222 773 2246 versus
799 2210 981 2247 Arabibus
1012 2223 1099 2248 con·

434 2264 580 2300 termini
604 2270 689 2302 sunt
709 2264 910 2316 Aethiopes
929 2267 977 2303 ad
1003 2268 1098 2303 occi-

436 2321 583 2356 dentem
608 2334 723 2370 usque
744 2324 920 2371 porrecti3
952 2324 998 2360 de
1018 2323 1099 2359 fini-

436 2375 504 2411 bus
523 2381 642 2414 terrae
664 2379 710 2414 ad
730 2379 956 2416 occidentem
978 2392 1020 2416 ac
1042 2378 1097 2416 vel

436 2433 553 2480 magis
594 2433 642 2469 ad
682 2436 970 2483 septentrionem
1011 2434 1098 2471 nihil

438 2489 527 2525 certi
539 2488 789 2538 exploratique
807 2490 943 2528 Noster
954 2492 1100 2528 habuis-

439 2556 479 2581 se
506 2543 659 2580 videtur.
716 2546 828 2583 Unde
856 2547 924 2584 hoe
946 2547 1003 2584 ille
1029 2548 1097 2584 sibi

436 2599 607 2649 colligere
624 2601 789 2648 videtur,
820 2603 1011 2640 Graeciam
1031 2616 1098 2653 pa-

436 2657 544 2692 triam
559 2657 593 2692 in
618 2658 738 2695 media
757 2664 854 2695 terra
872 2659 1032 2696 habitata
1050 2660 1099 2696 si-

437 2717 526 2758 tam,
543 2714 680 2763 optima
704 2713 794 2751 coeli
817 2715 883 2751 frui
906 2716 1098 2765 temperie,

435 2767 521 2805 licet
534 2769 677 2817 quaein
693 2771 861 2808 extremis
881 2776 1001 2809 terrae
1013 2784 1100 2808 con-

441 2824 535 2861 finiis
584 2826 751 2874 regiones
797 2827 870 2863 sint
941 2829 1098 2878 optimos

438 2893 606 2931 quosque
639 2882 752 2920 edant
790 2883 936 2920 fructus.
986 2884 1096 2921 Conf.

1155 1250 1374 1289 Dhilllmann
1398 1249 1433 1286 in
1457 1249 1633 1287 Herodot.
1653 1263 1740 1301 pag.
1763 1251 1817 1291 90

1157 1320 1234 1356 seq.
1260 1327 1315 1333 --
1344 1302 1414 1351 τιές
1436 1301 1516 1356 ω’ρ(
1508 1322 1541 1352 ς
1565 1320 1608 1343 eo
1632 1319 1741 1344 sensu
1761 1307 1818 1344 di-

1155 1364 1218 1410 xit,
1238 1362 1470 1413 quol‚142‚
1498 1363 1586 1404 149.
1605 1363 1650 1410 ll,
1662 1365 1727 1402 77.

1199 1422 1313 1458 τοῦτο
1333 1416 1405 1469 μὲν
1428 1434 1516 1469 -ἀρ,
1536 1416 1634 1470 πρὸς
1653 1434 1727 1469 την
1746 1418 1812 1470 ἕω]

1154 1477 1236 1522 His,
1248 1480 1420 1514 monente
1434 1476 1652 1526 Schweigh„
1662 1489 1818 1526 respon-

1157 1534 1246 1570 dent
1271 1533 1405 1589 capitis
1439 1534 1517 1573 107
1550 1533 1685 1570 xerba:
1716 1547 1818 1585 προς

1158 1585 1199 1628 δ’
1223 1590 1281 1627 αὐ
1303 1604 1348 1639 με
1340 1589 1549 1638 -σαμβοίης
1571 1605 1605 1626 κ.
1632 1605 1663 1627 τ.
1688 1591 1721 1628 λ.

1215 1641 1351 1696 ὀλίγον
1371 1642 1485 1695 πρότ
1479 1644 1581 1695 ρον]
1613 1646 1695 1682 Vid.
1708 1659 1737 1682 c.
1750 1647 1816 1686 98-

1213 1698 1338 1751 πάρεξ
1356 1704 1434 1740 τῶν
1454 1700 1603 1752 ι’ππων]
1634 1702 1739 1740 Haec
1766 1703 1818 1739 ita

1155 1757 1191 1794 in
1221 1760 1424 1796 unixersum
1451 1760 1712 1808 pronuntiata,
1743 1771 1818 1795 non

1155 1828 1305 1864 prorsus
1339 1827 1425 1851 vera
1454 1815 1567 1852 videri
1603 1828 1710 1852 nemo
1743 1827 1817 1852 non

1156 1872 1268 1908 videt.
1308 1870 1405 1908 Nam
1426 1872 1472 1907 de
1491 1872 1595 1920 equis
1611 1872 1698 1908 solis
1719 1871 1817 1909 haud

1155 1928 1229 1964 scio
1246 1940 1292 1965 an
1312 1941 1396 1964 vere
1418 1928 1514 1964 dicta
1532 1928 1646 1965 videri
1667 1931 1815 1977 queant.

1156 1984 1318 2021 Pertinet
1339 1985 1408 2021 hue
1429 1984 1578 2021 Ctesiae
1600 1985 1759 2021 narratio
1778 1984 1816 2021 in

1157 2041 1261 2077 lndd.
1284 2039 1320 2092 ἓ.
1344 2043 1407 2088 11,
1428 2041 1526 2091 apud
1549 2041 1816 2090 Pygmaeorum

1155 2102 1303 2146 gentem
1327 2098 1450 2135 media
1465 2097 1500 2134 in
1521 2097 1620 2135 India
1640 2110 1739 2145 oves,
1750 2097 1817 2133 bo-

1154 2166 1238 2197 veS‚
1277 2153 1399 2190 asinos
1434 2154 1602 2203 adeoque
1628 2166 1741 2203 equos
1772 2165 1815 2191 ac

1155 2210 1270 2247 mulos
1291 2223 1472 2259 omneque
1491 2211 1731 2247 iumentorum
1751 2222 1814 2259 ge-

1155 2279 1222 2304 nus
1243 2267 1493 2315 magnitudine
1515 2267 1647 2304 arietes
1673 2267 1730 2304 vix
1753 2278 1816 2303 ae-

1155 2336 1282 2372 quare.
1341 2322 1399 2359 Ad
1419 2336 1527 2371 quem
1546 2322 1662 2359 locum
1684 2327 1721 2359 et
1737 2321 1815 2360 Ae—

1155 2379 1290 2416 lianum
1315 2378 1502 2415 citavimus
1522 2378 1569 2415 N.
1584 2376 1628 2414 A.
1649 2379 1748 2425 XVI,
1759 2380 1814 2420 37

1155 2435 1202 2472 de
1215 2433 1356 2484 Psyllis,
1371 2435 1491 2471 lndica
1509 2435 1667 2482 quadam
1690 2440 1815 2483 gente,

1153 2492 1283 2529 eadem
1305 2491 1380 2528 sere
1400 2496 1624 2537 narrantem,
1644 2497 1680 2528 et
1691 2490 1813 2528 Wahl.

1155 2547 1375 2584 Erdbeschr.
1403 2560 1436 2583 v.
1471 2547 1616 2584 Ostind.
1651 2561 1688 2598 p.
1717 2546 1812 2588 815.

1156 2601 1237 2644 824
1264 2604 1401 2652 optime
1423 2609 1647 2650 monentem,
1677 2604 1712 2640 in
1734 2608 1812 2640 ter-

1155 2660 1202 2696 ris
1227 2659 1431 2707 Adsclnnyr
1459 2665 1498 2697 et
1528 2659 1812 2708 Badricassram,

1155 2716 1190 2752 in
1224 2715 1340 2751 insula
1366 2715 1505 2765 Ceylon
1530 2728 1559 2752 S.
1589 2715 1813 2765 Taprobane

1156 2776 1194 2808 et
1215 2772 1443 2820 potissimum
1470 2773 1506 2808 in
1529 2777 1627 2808 terra
1653 2772 1812 2809 Shurate

1156 2827 1218 2864 box
1228 2841 1265 2864 es
1286 2827 1467 2877 hodieque
1479 2828 1631 2865 inveniri
1643 2832 1718 2865 tam
1736 2828 1811 2865 exi-

1153 2897 1244 2933 guas
1272 2896 1314 2922 ac
1341 2888 1491 2932 tenues,
1520 2889 1561 2922 ut
1582 2884 1639 2921 vix
1663 2883 1811 2921 canibus
