1904 3304
74 1411 138 1455 76

609 226 951 270 THALIA.

1011 229 1073 268 ΙΙΙ.
1399 232 1484 272 135

203 334 490 392 προσεδέοντο
533 336 699 389 αὐτοῦ,
754 337 926 381 τούτων
965 337 1045 394 μὲν
1081 336 1192 381 έκών
1230 337 1484 394 ἐπελήθετο·

203 406 447 463 ἀρξάμενος
497 407 543 451 δὲ
595 407 681 451 duo*
720 405 1014 463 Ἀχαιμένεος,
1065 408 1367 465 ἐγενεηλόγησε
1409 409 1540 465 τὴν25

203 478 394 537 πατριην
421 478 501 534 τήν
520 478 699 533 Κύρου·
758 479 862 535 μετά
897 480 966 531 δέ,
998 480 1057 531 ὥς
1088 480 1130 530 ές
1159 484 1319 523 τοῦτον
1349 480 1483 523 κατέ-

203 554 282 607 βη,

348 555 562 594 τελευτῶν
612 552 725 607 ἔλεγε
774 551 858 594 ὅσα
903 549 1050 606 άγαθά
1103 555 1254 606 Κῦρος
1303 551 1481 605 Πέρσας

200 622 451 679 πεποιήκοι·
512 623 743 675 διεξελθὼν
773 621 817 665 δὲ
847 625 1009 674 ταῦτα,
1046 622 1240 678 ἐξέφαινε
1269 622 1349 678 τὴν
1379 621 1483 678 άλη-

200 698 356 751 θηῖἠν,
390 693 587 750 φάμενος
616 693 832 749 πρότερον
860 693 939 749 μὲν
969 694 1198 748 κρύπτειν·
1248 693 1302 736 ού
1321 692 1405 749 γάρ
1438 695 1481 737 οἱ

200 766 313 812 εἶναι
351 765 543 821 α’σφαλὲς
581 765 719 820 λέγειν
751 764 803 808 τὰ
841 762 1080 821 γενόμενα·

171 839 349 895 3ρεόντι
380 837 623 893 α’ναγκαίην
661 853 737 892 μιν
774 835 1124 892 καταλαμβάνειν
1157 837 1344 890 φαίνειν.

1140 765 1186 808 έν
1219 765 1264 807 δὲ
1300 770 1359 822 τῷ
1393 772 1539 808 sta-30

1405 836 1480 878 καὶ

201 911 254 966 δὴ
300 910 437 964 ἔλεγε,
487 908 564 952 τὸν
600 908 679 963 μέν
713 907 870 962 Κύρου
900 908 1097 962 Σμέρδιν
1135 904 1195 957 ὦς
1226 905 1359 957 αὐτὸς
1388 904 1477 950 ὑπὸ

197 980 445 1036 Καμβύσεω
477 977 827 1035 ἀναγκαζόμενος
858 976 1134 1030 άποκτείνειε,
1166 978 1269 1028 τοὺς
1289 976 1479 1032 Μάγους

171 1051 251 1095 4ὁὲ
271 1052 529 1107 βασιλεύειν.
590 1050 786 1108 Πέρσῃσι
817 1051 862 1093 δὲ
893 1048 1035 1092 πολλὰ
1064 1047 1412 1104 ἐπαρησάμενος,
1442 1049 1478 1091 εἰ

198 1122 256 1178 μή
287 1120 607 1179 ἀνακτησαίατο
639 1121 779 1165 ὀπίσω
802 1123 880 1178 τὴν
910 1119 1048 1177 άρχὴν
1071 1122 1145 1164 καὶ
1167 1122 1271 1171 τούς
1293 1118 1479 1175 Μάγους
1489 1124 1534 1159 35

195 1195 416 1245 τισαίατο,
449 1192 586 1250 ἀπῆκε
618 1193 782 1237 έωυτὸν
811 1192 880 1236 ἐπὶ
909 1191 1106 1248 κεφαλὴν
1144 1193 1358 1248 φέρεσθαι
1392 1188 1477 1233 άπὸ

196 1269 277 1308 τοῦ
317 1264 493 1320 πύργου
524 1263 654 1308 κάτω.

715 1263 981 1320 Πρηξάσπης
1017 1265 1096 1320 μέν
1134 1280 1239 1315 νυν,
1280 1262 1362 1306 ἐών
1400 1261 1479 1307 τόν

200 1335 341 1380 πάντα
370 1335 532 1392 χρόνον
562 1334 673 1391 ἀνὴρ
707 1334 910 1391 δόκιμος,
941 1334 1059 1378 οὕτω
1091 1329 1344 1390 ἐτελεύτησε.

313 1408 367 1450 Οἱ
397 1407 442 1450 δὲ
473 1407 525 1464 δὴ
554 1406 659 1450 ἑπτά
690 1411 780 1450 τῶν
811 1406 1042 1460 Περσέων,
1072 1404 1127 1457 ὡς
1157 1403 1474 1461 ἐβουλεύσαντο

197 1477 354 1521 αὐτίκα
382 1477 631 1533 ἐπιχειρέειν
662 1482 775 1521 τοῖσι
797 1478 994 1533 Μάγοισι
1023 1478 1096 1521 καὶ
1125 1476 1182 1534 μὴ
1214 1475 1476 1533 ὑπερβάλλε-

196 1555 327 1601 σθαι,
357 1549 488 1605 ἥϊσαν
518 1547 744 1604 εὐξάμενοι
774 1555 888 1592 τοῖσι
916 1554 1082 1600 θεοῖσι,
1114 1552 1201 1591 τῶν
1230 1548 1326 1602 περὶ
1351 1550 1475 1602 Πρη-

166 1618 361 1673 Ξξάσπεα
388 1618 669 1676 πρηχθέντων
698 1620 860 1671 εἰδότες
890 1617 1033 1663 οὐδέν.
1076 1619 1122 1663 ἔν
1150 1635 1194 1663 τε
1221 1618 1274 1675 δή
1300 1622 1352 1675 τῇ
1375 1616 1515 1675 ὁδῷ41

863 1692 938 1736 καὶ
975 1690 1028 1734 ‘1:02
1067 1691 1166 1746 περὶ
1205 1689 1471 1746 Πρηξάσπεα
1525 1705 1657 1766 {iii-gurm
1686 1706 1806 1733 firman-

194 1691 302 1748 μέσῃ
333 1693 570 1748 στείχοντες
599 1692 795 1748 ἐγίνοντο
806 1725 818 1745 ,

325 1846 434 1894 Cap.
464 1843 615 1881 LXXV.

195 1896 348 1938 τούτων
371 1898 443 1950 μὲν
464 1897 580 1950 ἑκών]
613 1900 670 1937 De
689 1900 806 1950 parti-

140 1956 218 1992 cula
245 1954 317 2006 μὲν
340 1958 451 2006 priori
476 1958 512 1993 in
539 1957 702 1994 membro
737 1957 804 1992 ite-

139 2017 220 2049 rata
254 2014 350 2049 conf.
381 2013 538 2050 iVerfer.
572 2013 667 2049 Actt.
702 2012 803 2062 phill.

138 2067 303 2106 Monacc.
326 2069 352 2115 l,
378 2072 395 2108 1
421 2081 506 2119 pag.
530 2068 584 2110 94
607 2073 643 2105 et
662 2069 801 2105 Herod.

138 2125 204 2171 Ill,
218 2128 284 2166 65.
312 2126 370 2162 Ad
389 2126 689 2174 significationem
703 2125 803 2161 verbi

137 2180 283 2232 κατέβη
304 2183 464 2228 fuciunt,
495 2194 591 2230 quae
611 2182 684 2217 dixi
703 2182 752 2217 ad
774 2181 802 2228 l,

137 2240 202 2278 90.
234 2238 292 2275 De
314 2239 465 2288 perfecti
488 2252 555 2274 usu
574 2239 611 2274 in
630 2232 801 2288 πεποιή-

136 2309 198 2332 κοι
238 2294 332 2345 (pro
362 2308 434 2345 quo
455 2296 603 2344 quidam
634 2294 712 2331 libri
735 2309 801 2332 πε-

137 2346 342 2401 ποιήκει)
383 2352 524 2389 monuit
562 2351 695 2388 Matth.
732 2352 799 2390 Gr.

138 2408 202 2444 Gr.
229 2420 314 2458 pag.
340 2408 436 2449 946.

192 2461 512 2515 καταλαμβάνειν
532 2461 712 2515 φαίνειν]
742 2462 800 2500 Ad

136 2520 284 2558 verbum
315 2518 636 2572 καταλαμβάνειν
676 2522 801 2558 confe-

137 2580 262 2612 rantur
289 2590 382 2626 quae
410 2580 513 2615 citavi
544 2579 591 2615 ad
621 2578 695 2623 ΙΙΙ,
721 2577 795 2623 42;

138 2632 298 2679 φαίνειν
326 2634 381 2671 hic
413 2635 528 2672 valet:
567 2637 704 2684 aperire
739 2647 796 2670 ve-

137 2700 236 2733 rum,
267 2689 378 2727 dicere
402 2692 493 2741 quod
518 2705 572 2729 res
593 2695 653 2728 est.
685 2691 794 2728 Conf.

135 2743 182 2790 ll,
204 2747 293 2785 116.

194 2796 322 2850 οἷπῆκε
354 2799 501 2842 ἓωυτόν
528 2824 580 2833 ·-
608 2800 730 2854 κάτω]
763 2817 797 2840 se

137 2856 273 2894 ‹lezm‘sz't
294 2860 360 2904 ita,
379 2862 418 2895 ut
440 2861 478 2896 ιἰι
497 2865 603 2911 capnt
620 2862 797 2898 delabere-

861 1848 922 1881 tur
942 1844 1099 1881 deorsum
1122 1842 1164 1879 cle
1187 1844 1294 1888 turri,
1321 1855 1349 1879 s.
1373 1842 1415 1879 de
1438 1844 1534 1879 turri

861 1916 895 1937 se
912 1903 1144 1951 praecipitem
1165 1899 1272 1936 dedit.
1330 1899 1450 1936 Usum
1475 1900 1531 1935 in-

861 1958 994 1994 finitivi
1028 1955 1287 2007 (φέρεσθαι),
1337 1956 1399 2005 qui
1431 1955 1529 1992 solus

860 2014 958 2051 nulla
992 2015 1120 2050 addita
1154 2012 1330 2062 particula
1365 2013 1526 2062 ponitur,

859 2070 923 2107 ubi
951 2070 1002 2116 id,
1028 2070 1130 2119 quod
1157 2068 1314 2117 aliquam
1342 2069 1524 2105 actionem

860 2127 1025 2174 sequitur
1050 2126 1126 2162 sive
1155 2125 1243 2161 inde
1268 2125 1439 2172 efficitur,
1468 2124 1524 2161 in-

861 2183 1026 2228 dicatur,
1067 2182 1207 2230 aliquot
1242 2181 1414 2230 exemplis
1442 2181 1523 2217 illu-

861 2240 988 2275 stravit
1018 2238 1174 2276 lVerscr.
1220 2238 1258 2274 in
1292 2237 1389 2274 Actt.
1421 2237 1521 2287 phill.

858 2295 1025 2332 Monace.
1043 2296 1105 2345 lp.
1120 2293 1212 2336 264.
1244 2294 1353 2344 Apud
1367 2293 1522 2331 Pausan.

858 2352 886 2398 I,
907 2354 960 2391 30
982 2350 1019 2402 ᾖ.
1035 2354 1056 2392 1
1079 2351 1253 2398 legimus:
1283 2349 1349 2388 καὶ
1375 2347 1425 2400 δὴ
1456 2350 1523 2389 καὶ

859 2407 993 2458 φέρων
1016 2405 1159 2447 ἔαυτόν
1179 2403 1336 2458 α’φῆκε,
1365 2407 1425 2444 ubi
1444 2408 1526 2445 Sie-

857 2465 950 2502 belis
979 2465 1027 2502 de
1053 2465 1232 2515 participii
1259 2478 1325 2501 usu
1355 2477 1524 2511 monens,

857 2526 1021 2558 nostrum
1035 2534 1184 2571 quoque
1203 2521 1322 2558 locum
1341 2521 1523 2558 excitavit.

1034 2624 1065 2660 C
1078 2636 1099 2660 a
1109 2637 1143 2673 p.
1172 2622 1341 2660 LXXVI.

911 2690 1012 2730 ἕν’τε
1031 2688 1079 2741 δὴ
1102 2694 1152 2745 τῇ
1172 2689 1255 2745 ὁδῷ
1274 2689 1437 2744 μέσῃ-
1454 2689 1521 2728 καὶ

854 2763 888 2786 κ.
900 2764 930 2786 τ.
943 2749 992 2797 λ.]
1019 2749 1058 2785 In
1068 2748 1121 2784 his
1133 2747 1333 2798 particulae
1349 2761 1386 2785 τε
1397 2769 1441 2773 ——
1454 2746 1521 2785 καὶ

854 2806 902 2841 ad
911 2804 1131 2855 temporales
1145 2806 1305 2841 rationes
1318 2805 1521 2854 exprimen·
1550 2817 1555 2819 ·

854 2861 919 2899 das
928 2862 1017 2912 poni
1028 2861 1208 2898 videntur.
1239 2860 1300 2899 Cf.
1311 2859 1442 2897 Matth.
1454 2860 1486 2895 G
1495 2872 1520 2895 r.

1551 1412 1709 1441 Canini-ati

1531 1450 1612 1481 ptem
1631 1447 1668 1474 ad
1692 1448 1809 1474 facinus

1533 1485 1657 1515 euntes,
1689 1482 1809 1515 cognito

1533 1522 1635 1541 rerum
1694 1519 1777 1542 statu

1533 1554 1617 1592 236

1529 1605 1646 1638 egressi
1663 1638 1671 1645 ⁸
1687 1603 1724 1632 de
1758 1605 1808 1632 via

1530 1646 1619 1671 quum
1662 1643 1742 1665 inter
1774 1648 1808 1666 se

1527 1671 1757 1705 contenderent,

1748 1420 1795 1441 SC·
