1904 3304
523 240 1210 282 MELPOMENE.1V.
1422 244 1507 284 359

207 349 464 407 eAzyv'mov
495 348 640 406 Λιβύη
668 349 752 407 ἤδη
782 350 1012 394 ἐκδέκεται.

1071 351 1182 394 κατά
1211 350 1291 406 μέν
1316 368 1402 395 νυν
1428 353 1505 394 Αἴ-

233 438 397 478 γυπτον
437 420 464 477 ἡ
505 420 612 476 ἀκτὴ
653 421 763 476 αὕτη
800 420 943 477 στεινή
984 421 1094 465 ἐστι·
1145 420 1233 465 οἷπὸ
1263 421 1346 477 γὰρ
1375 424 1504 478 τῆσδε

230 497 305 549 τῆς
332 492 556 548 θαλάσσης
585 492 626 544 ἐς
657 493 736 549 τὴν
763 492 982 549 Ἐρυθρὴν
1010 493 1262 546 θάλασσαν,
1295 494 1398 537 δέκα
1426 511 1502 549 μυ·

230 561 377 617 ριάδες
406 564 487 606 εἰσὶ
518 560 757 618 ὀργυιέων·

201 637 334 678 adcon.

810 561 938 607 αὗται
969 563 1013 608 δ’
1045 563 1100 607 ἂν
1129 563 1215 608 εἶεν
1243 566 1376 620 χίλιοι
1407 565 1501 610 στά-

395 633 444 678 τὸ
478 635 524 678 δὲ
565 634 651 679 οἷπό
683 639 764 679 τοῦ
795 639 968 678 στεινοῦ
997 636 1182 687 τούτου,
1223 634 1364 692 κάρτα
1392 643 1502 681 πλα-

228 704 303 749 τέα
335 705 539 761 τυγχάνει
580 708 714 750 ἐοῦσα
745 706 772 763 ἡ
805 704 938 762 ἀκτή,
980 705 1074 763 ἥτις
1104 706 1249 763 Λιβύη
1284 709 1501 765 κέκληται.
1513 715 1559 748 70

103 785 168 829 42
230 775 456 832 Θωυμάζω
495 773 558 822 ὦν
586 783 675 822 τῶν
706 776 1027 833 διουρισάντων
1056 779 1131 821 καὶ
1162 777 1394 823 διελόντων
1424 784 1498 823 Λι-

170 959 259 1007 Vll,
293 962 384 1000 176.
420 959 532 1003 Quod
552 971 638 995 vero
664 959 746 995 hinc
768 971 834 1008 pa-

169 1022 247 1054 tere
283 1016 480 1052 arbitratur
501 1016 664 1063 Breiger.
696 1015 716 1052 Ι.
746 1015 768 1051 l.
799 1028 834 1065 p.

169 1075 246 1119 80,
283 1072 518 1109 Herodotum
548 1071 690 1120 Libyae
729 1073 832 1108 adiu-

167 1130 309 1166 dicasse
329 1127 538 1180 Aegyptum
553 1157 563 1175 ,
592 1141 671 1165 cum
687 1157 697 1175 ,
729 1128 833 1166 aliter

169 1186 200 1222 si
226 1186 421 1233 sensisset,
451 1187 509 1222 vix
539 1185 658 1222 locum
680 1185 832 1222 haberet

169 1238 269 1288 οἷπὸ,
299 1243 366 1279 sed
397 1239 514 1293 μετά,
543 1247 605 1279 aut
622 1241 831 1292 simpliciter

167 1299 396 1336 scribendum
445 1300 573 1336 suisset
624 1298 831 1348 Αἴγυπτον

167 1353 364 1394 ἐκδέκεται
403 1351 562 1405 Λιβύη,
602 1355 686 1391 mihi
727 1367 830 1392 secus

168 1412 332 1448 videtur:
394 1425 474 1449 cum
512 1416 677 1448 neutrum
713 1411 831 1448 valere

166 1468 223 1504 hic
239 1480 363 1518 posse,
389 1469 445 1504 vix
465 1481 684 1517 quemquam
704 1468 830 1517 fugiat.

165 1523 372 1574 Aegyptum
403 1525 450 1561 ab
474 1525 667 1561 Herodoto
686 1523 829 1573 Libyae

165 1581 361 1627 accenseri,
378 1593 489 1631 supra
499 1582 546 1617 ad
559 1581 604 1627 ll,
620 1583 667 1620 16
686 1581 828 1617 monui-

164 1649 243 1674 mus
267 1641 302 1674 et
321 1637 390 1674 hoc
403 1637 483 1673 loco
495 1638 624 1674 iterum
637 1649 827 1673 monemus

163 1694 211 1731 ob
242 1694 354 1731 verba
383 1693 512 1731 Nostri
545 1693 729 1743 scriptoris
762 1693 826 1739 IV,

163 1751 241 1797 39,
271 1751 331 1786 ubi
356 1748 466 1788 Asiae
493 1750 644 1787 aiteram
674 1751 826 1814 paenin-

164 1805 279 1843 sulam
309 1808 358 1843 ad
389 1809 596 1871 Aeg)1›tum
623 1820 758 1855 usque,
790 1807 824 1843 in

163 1876 272 1912 quam
293 1863 455 1910 desinat,
479 1864 616 1912 porrigi
640 1864 747 1909 dicit,
772 1864 826 1900 ita

164 1924 205 1955 ut
222 1918 413 1969 Aegyptus
436 1920 544 1958 Asiae
573 1919 736 1957 adscribi
758 1933 825 1957 ne-

165 1980 287 2023 queat.
340 1975 485 2013 Dicitur
532 1981 653 2013 autem
694 1976 825 2024 Libya,

162 2031 279 2068 latiori
299 2045 422 2078 sensu,
445 2033 491 2069 de
510 2033 620 2077 omni,
637 2044 745 2081 quam
759 2046 825 2069 nos

162 2100 308 2137 quoque
328 2089 501 2135 dicimus,
530 2088 674 2135 Africa,
711 2089 823 2125 inclu-

162 2145 202 2180 sit
221 2145 404 2195 Aegypto,
431 2151 495 2182 aut
515 2145 718 2194 angustiori
738 2158 823 2182 sen-

161 2213 203 2237 su
243 2202 289 2238 de
322 2201 459 2250 reliqua
489 2202 630 2248 Africa,
672 2202 823 2251 excepta

160 2256 345 2308 Aegypto.
387 2258 470 2295 Vid.
490 2259 646 2296 Rennel.
673 2272 708 2308 p.
729 2259 822 2299 567.

161 2314 434 2352 Schlichthorst.
454 2315 476 2351 l.
500 2315 521 2352 l.
545 2329 581 2365 p.
610 2315 673 2355 15.
712 2314 820 2351 Gallo

160 2371 359 2421 interprete
378 2372 597 2409 observante
616 2372 722 2417 Miot,
744 2372 823 2408 He-

161 2428 311 2465 rodotus
342 2428 398 2465 hic
424 2430 461 2465 in
489 2430 611 2466 medio
641 2429 824 2478 relinquit,

162 2484 302 2521 cuinam
324 2490 503 2523 terrarum
523 2486 620 2535 parti
632 2485 823 2535 Aegyptus

166 2540 319 2577 adscribi
338 2542 485 2579 debeat.
522 2542 583 2579 Tu
597 2544 693 2580 conf.
714 2543 823 2579 etiam

167 2596 214 2633 de
244 2596 311 2633 hac
341 2598 598 2637 distributione
622 2600 720 2636 orbis
751 2603 824 2635 ter-

168 2664 285 2689 rarum
314 2655 412 2702 apud
438 2660 578 2693 veteres
608 2655 823 2706 Interprett.

168 2709 216 2745 ad
243 2708 307 2745 Sil.
337 2709 415 2747 Ital.
447 2712 484 2759 Ι,
515 2712 594 2754 195
627 2717 665 2750 et
683 2712 823 2750 Lucan.

166 2765 237 2812 IX,
267 2765 362 2806 411.

219 2837 317 2860 κατα
348 2819 419 2871 μέν
445 2838 520 2861 νυν
541 2823 745 2876 Αἴγυπτον
766 2846 821 2853 --·

163 2890 294 2929 στεινη
333 2877 435 2929 ἐστι]
485 2880 617 2918 Monet
654 2881 819 2931 Breiger.

891 957 914 994 Ι.
936 957 957 994 l.
978 971 1014 1007 p.
1037 960 1093 999 80
1120 963 1315 1007 angustam
1338 958 1433 995 hanc
1452 971 1555 996 oram

891 1026 971 1051 esse
998 1014 1192 1062 lsthmum,
1224 1017 1286 1065 qui
1320 1016 1417 1052 inter
1438 1016 1555 1053 medi-

890 1075 1095 1108 terraneum
1113 1084 1214 1110 mare
1237 1085 1279 1109 ac
1293 1073 1410 1109 sinum
1422 1071 1553 1109 Arabi-

889 1140 969 1164 cum
1001 1127 1202 1166 interiacet.
1235 1150 1292 1157 —
1336 1129 1375 1165 ln
1403 1128 1472 1165 loci
1501 1127 1553 1166 le-

889 1185 1009 1221 ctione
1028 1189 1180 1222 recentt.
1199 1186 1286 1223 edd.
1301 1189 1447 1223 secutus
1459 1198 1551 1222 sum.

947 1235 1026 1279 οἷπό
1051 1238 1125 1292 γάρ
1157 1242 1275 1292 τῆσδε
1299 1244 1370 1292 τῆς
1391 1238 1552 1280 θαλάσ-

889 1308 961 1346 σης
992 1312 1026 1335 κ.
1060 1313 1091 1335 τ.
1120 1298 1168 1347 λ.]
1202 1298 1318 1336 Hocce
1349 1311 1450 1335 mare
1478 1299 1552 1336 dici

888 1353 1180 1391 mediterraneum
1196 1356 1283 1392 satis
1302 1359 1467 1400 constat3
1490 1368 1551 1392 ¹ru-

889 1411 949 1446 bro
978 1413 1071 1447 mari
1098 1412 1195 1448 sinus
1219 1412 1397 1448 indicatur
1419 1409 1552 1448 Arabi-

887 1481 974 1514 ωε,
1011 1469 1073 1516 qui
1114 1469 1163 1504 ad
1200 1468 1268 1505 hoc
1302 1469 1418 1518 ipsum
1450 1481 1550 1506 mare

885 1524 1048 1572 pertinet
1074 1529 1110 1561 et
1134 1523 1252 1560 latiori
1271 1524 1338 1561 hac
1356 1524 1452 1561 rubri
1472 1537 1550 1562 ma-

885 1581 933 1616 ris
951 1579 1196 1630 appellatione
1215 1579 1476 1631 comprehendi
1488 1594 1548 1618 so-

884 1635 944 1673 let.
988 1637 1047 1673 Cf.
1066 1636 1234 1685 Breiger.
1266 1636 1288 1673 l.
1323 1636 1346 1674 l.
1372 1649 1459 1687 pag.
1486 1641 1549 1678 11.

888 1692 950 1733 14.
987 1692 1047 1730 De
1075 1692 1224 1743 reliquis
1253 1694 1349 1730 conf.
1382 1693 1435 1740 ΙΙ,
1469 1694 1549 1734 158

883 1749 971 1798 ibiq.
1017 1754 1135 1796 nott„
1184 1750 1231 1787 de
1269 1750 1472 1787 stadiorum
1513 1755 1549 1788 et

883 1807 1090 1854 orgyiarum
1122 1807 1323 1843 rationibus
1351 1807 1422 1843 vid.
1453 1811 1547 1844 nott.

883 1864 930 1899 ad
950 1862 1003 1909 ΙΙ,
1030 1863 1123 1903 149

939 1934 982 1958 το
1014 1917 1056 1957 δὲ
1085 1914 1164 1957 α’πὸ
1183 1921 1255 1958 τοῦ
1273 1921 1431 1958 στεινοῦ
1451 1915 1544 1958 τού-

882 1991 952 2014 του
979 1990 1013 2013 κ.
1041 1990 1072 2013 τ.
1103 1976 1151 2025 λ]
1183 1976 1206 2012 i.
1240 1989 1273 2014 e.
1295 1977 1387 2025 quod
1416 1978 1545 2013 attinet

883 2032 933 2068 acl
960 2032 1036 2068 loca
1062 2032 1234 2068 ulteriora
1263 2034 1307 2069 ab
1336 2033 1390 2070 lais
1423 2045 1544 2081 angu-

883 2091 986 2135 stiis,
1023 2088 1097 2126 sive
1129 2088 1220 2125 ultra
1250 2090 1345 2125 hunc
1376 2089 1545 2126 isthmum

879 2145 975 2190 sita,
1014 2145 1119 2182 valde
1152 2145 1272 2194 ampla
1307 2159 1351 2182 ac
1388 2148 1546 2195 spatiosa

879 2203 1001 2238 existit
1015 2215 1077 2237 ora
1090 2201 1222 2248 haecce,
1239 2215 1334 2251 quae
1344 2202 1464 2251 Libya
1474 2215 1540 2239 vo-

879 2263 992 2295 catur.
1018 2256 1115 2296 Ante
1134 2253 1233 2308 οἶκτή
1243 2271 1323 2295 cum
1334 2258 1540 2307 Schweigh-

879 2320 917 2353 et
947 2315 1066 2352 Gaisf.
1098 2315 1231 2353 inserui
1249 2312 1296 2365 ἧς
1341 2316 1404 2364 qui
1431 2315 1541 2364 vulgo

879 2372 984 2410 abest
1001 2372 1182 2408 articulus.

1078 2429 1199 2484 Cap.
1225 2427 1342 2466 XLII.

939 2480 1144 2535 Θωνμάζω
1167 2486 1225 2523 ὠν
1242 2499 1276 2523 κ.
1294 2499 1326 2522 τ.
1346 2483 1396 2534 λ.]
1423 2484 1540 2521 Gaisf.

880 2543 1034 2580 dederat
1053 2537 1242 2592 θωμάζω.
1277 2541 1355 2579 Sed
1367 2542 1438 2578 vid.
1451 2545 1541 2578 nott.

880 2599 929 2636 ad
950 2599 1011 2645 lV,
1033 2600 1099 2639 28.
1124 2601 1217 2638 111.
1247 2597 1306 2635 De
1324 2601 1541 2647 argumento

879 2655 948 2693 loci
971 2656 1068 2693 conf.
1096 2655 1143 2702 ΙΙ,
1173 2657 1223 2696 17
1246 2654 1333 2704 ibiq.
1355 2658 1448 2691 nott.
1488 2653 1541 2691 Ac

879 2713 1031 2750 miratur
1051 2712 1123 2749 hoc
1140 2712 1220 2749 loco
1230 2711 1445 2749 Herodotus
1465 2723 1543 2756 eos,

879 2770 943 2818 qui
973 2781 1119 2806 omnem
1142 2773 1319 2806 terrarum
1345 2768 1471 2805 orbem
1506 2768 1543 2803 in

876 2830 952 2864 tres
982 2830 1108 2876 partes
1142 2825 1210 2862 sibi
1241 2824 1429 2874 aequaleS,
1473 2823 1544 2860 Li-

877 2882 984 2930 byam
1016 2895 1043 2919 s,
1071 2881 1248 2929 Africam,
1280 2880 1427 2929 Asiam,
1467 2879 1544 2916 Eu-

1563 364 1645 391 Orac
1663 363 1714 391 Ιιιιι
1706 372 1751 391 ius
1764 365 1838 392 altr·-

1562 397 1624 424 rius
1657 406 1745 438 pars,

1561 431 1656 491 obp:
1687 440 1713 458 ei
1719 440 1750 458 us
1738 420 1820 458 ⁷‹lem

1641 473 1705 524 5¹⁸⁸}
1690 465 1759 491 ¹9⁴1!
1743 467 1838 499 ’wey-

1693 499 1820 526 latitudo

1580 507 1648 566 xigii
1632 507 1670 558 una
1705 533 1735 559 M
1775 537 1836 559 sta-

1558 541 1607 593 «lio
1612 574 1686 593 ι·.ιιιιι
1707 567 1835 602 [2,158.]

1556 783 1637 810 Euro
1621 791 1677 818 oap
1697 784 1810 810 tamlm

1554 825 1615 852 ga,
1634 825 1722 852 quam
1742 820 1773 844 et
1783 792 1833 844 hli—
