1904 3304
455 262 540 302 482
851 259 1319 301 HERODOTI

456 369 529 413 καὶ
567 366 820 424 σιτοφάγοι,
865 368 938 411 καὶ
972 367 1139 423 κήπους
1175 369 1421 426 ἐκτημένοι,
1463 370 1591 416 οὐδὲν
1629 372 1710 429 τήν

428 440 581 495 3ἰδέην
620 438 788 493 ὁμοῖοι,
828 436 931 482 οὐδὲ
966 437 1014 481 τό
1053 443 1215 494 χρῶμα.
1272 440 1356 484 ὑπὸ
1398 441 1544 496 μέντοι
1567 441 1710 497 Ἑλλή-

457 527 548 554 νων
575 508 804 553 καλέονται
829 509 904 552 καὶ
936 510 979 551 οἱ
1008 511 1244 562 Βουδῖνοι,
1285 512 1494 564 Γελωνοὶ,
1528 512 1610 556 οὐκ
1641 510 1768 567 69-75

429 586 552 631 4θῶς
593 578 860 633 καλεόμενοι.

913 579 974 621 Ἡ
1006 580 1052 622 δὲ
1092 578 1209 636 χώρη
1248 580 1417 634 σφέων,
1464 582 1582 625 πᾶσά
1623 581 1712 625 ἐστι

458 649 588 706 δασέη
626 651 746 706 ἴδῃσι
783 651 1034 706 παντοίῃσι·
1080 650 1127 693 ἐν
1166 650 1211 693 δὲ
1249 653 1302 706 τῇ
1337 651 1409 707 ἰ’δῃ
1447 655 1501 708 τῇ
1536 653 1713 709 πλείστῃ

403 806 532 856 quibus
562 805 746 856 φθειρῶν
776 816 927 849 nomen,
967 816 1055 841 con-

403 862 519 900 tendit
540 862 670 900 Ritter.
694 860 873 898 Vorhalle.
900 874 936 910 p.
965 859 1056 901 154.

403 918 486 959 459
523 930 602 966 seq.
646 918 807 965 itemque
848 917 947 965 quod
990 916 1056 953 Cr.

403 974 562 1020 monuit,
592 974 645 1009 vir
673 974 768 1010 doct.
798 974 834 1010 in
861 974 961 1009 Gisit.
981 972 1058 1009 An-

404 1031 486 1078 zeig
519 1032 625 1070 1820
648 1031 791 1070 nr.206
808 1042 843 1078 p-
858 1029 967 1071 2052
979 1041 1056 1077 seq

403 1087 496 1124 Mihi
514 1086 582 1123 hoc
601 1086 796 1136 speciosius
813 1098 920 1133 quam
940 1086 1058 1122 verius

404 1143 559 1180 videtur.
609 1142 748 1188 „Quod
786 1140 909 1190 φθεὶρ
958 1142 1061 1187 (sunt

404 1199 515 1236 verba
546 1197 751 1234 Tzscliuck.
792 1198 839 1233 ad
869 1197 955 1234 Mel.
982 1196 1006 1234 l.
1036 1196 1060 1231 l.

404 1259 496 1292 nott.
517 1266 647 1301 exegg.
666 1266 700 1302 p.
715 1254 795 1292 626
819 1252 900 1291 Vol.
914 1252 959 1288 lll
975 1247 1059 1302 P.l)

405 1311 453 1347 ‹le
471 1309 636 1359 pediculo
656 1309 754 1358 pisce
775 1308 977 1357 intelligunt
996 1320 1060 1344 au-

405 1370 522 1403 ctores
541 1363 765 1413 Anglicanae
793 1364 962 1402 historiae
980 1364 1060 1400 uni-

405 1421 551 1459 versalis
567 1421 613 1458 T.
634 1420 682 1457 IV
700 1434 736 1471 p.
757 1422 849 1469 128,
869 1421 1059 1469 refragan-

405 1482 464 1515 tur
484 1481 646 1515 veterum
665 1477 891 1514 narrationes
910 1477 1062 1513 adsunt-

405 1546 479 1583 que
499 1533 741 1570 recentiorum
762 1533 809 1570 de
828 1533 862 1570 T
866 1533 973 1570 atatis
995 1533 1061 1569 ho-

406 1590 541 1627 diernis
560 1590 808 1626 testimonia.“
834 1608 892 1617 -
918 1588 978 1625 Ad
999 1601 1060 1624 vo-

406 1659 483 1683 cem
513 1644 622 1694 ἰδέην
651 1646 688 1681 in
716 1657 820 1694 seqq.
845 1645 941 1682 conf.
967 1649 1060 1682 nott.

406 1703 454 1739 ad
473 1701 525 1748 ΙΙ,
556 1703 623 1740 77.

462 1753 574 1795 πᾶσά
592 1755 671 1795 ε’στι
693 1753 814 1805 δασέη
839 1754 946 1810 ἴδῃσι
963 1770 1061 1794 παν-

406 1811 550 1867 τοίῃσι]
580 1814 602 1849 i.
621 1826 652 1850 e.
674 1814 782 1849 omm's
802 1816 895 1848 terra
916 1816 965 1848 est
979 1812 1062 1862 fre-

408 1884 514 1920 quens
538 1869 645 1919 sylvis
670 1882 759 1905 οηιηι
779 1869 937 1905 arborum
956 1881 1060 1916 gene-

406 1940 444 1963 re
462 1926 613 1976 reserans
644 1925 751 1968 Quae
772 1926 898 1962 eadem
917 1926 991 1962 fere
1009 1925 1060 1959 lo-

407 1983 502 2020 cutio
542 1981 611 2027 lV,
651 1983 705 2021 21
732 1980 810 2018 coll.
847 1981 938 2021 175.
980 1980 1061 2027 V‚11

410 2041 501 2078 111.
530 2037 702 2074 Valcken.
722 2037 769 2073 ad
791 2036 957 2073 Ammon.
975 2049 1060 2086 pag.

409 2093 502 2135 141.
542 2094 585 2130 ln
612 2094 751 2130 duobus
777 2093 874 2130 libris
898 2106 977 2129 cum
997 2105 1060 2129 ex-

408 2155 481 2187 stet
509 2149 574 2200 2¹61]
602 2164 643 2188 τε
669 2150 839 2198 παντοίη
860 2150 979 2186 Koen.
1010 2149 1059 2184 ad

409 2207 563 2256 Gregor.
584 2205 668 2242 Cor.
688 2205 724 2257 ξ.
737 2206 789 2247 65
809 2206 856 2243 de
877 2205 959 2242 dial.
982 2205 1059 2242 lon.

407 2275 491 2313 pag.
514 2261 595 2302 474
619 2262 771 2299 coniecit
792 2261 856 2316 ἴδῃ
878 2261 1060 2314 παντοίῃ.

465 2318 506 2357 ἐν
548 2315 589 2355 δὲ·
628 2320 677 2372 τῇ
712 2317 777 2380 ι’ὄῃ
816 2320 868 2371 τῇ
899 2318 1058 2371 πλείστῃ

408 2372 488 2413 ἐστὶ
509 2374 626 2442 λίμνη
653 2370 800 2425 μεγάλη
820 2389 859 2413 τε
880 2373 947 2412 καὶ
967 2376 1058 2412 πολ-

407 2427 458 2479 λη
495 2429 562 2468 καὶ
603 2429 687 2476 ε’λος
728 2444 763 2467 κ.
799 2445 829 2467 τ.
868 2432 898 2467 λ.
912 2431 923 2478 ]
962 2430 1059 2467 Ante

407 2487 568 2540 πλείστῃ
594 2499 672 2523 cum
691 2490 836 2523 recentt.
857 2487 971 2523 edd.'
963 2500 1060 2522 inse-

408 2543 462 2579 rui
490 2545 561 2595 τῇ,
592 2543 690 2591 quod
715 2541 822 2590 vulgo
842 2543 954 2579 abest.
994 2542 1060 2579 At-

408 2611 479 2648 que
514 2599 579 2648 ἴδη
614 2598 772 2648 πλείστη
800 2599 929 2635 dicitur
957 2599 1060 2649 sylva

407 2657 618 2702 vastissima,
641 2660 679 2692 ut
698 2657 822 2705 χῶρος
841 2652 978 2701 πολλὸς
998 2655 1058 2701 lv,

407 2713 462 2752 39
493 2712 647 2761 amplus,
678 2715 796 2747 vastus
827 2712 940 2757 locus,
975 2725 1059 2748 mo-

407 2772 517 2805 nente
546 2768 745 2816 Schweigh.
776 2767 823 2803 ad
854 2768 921 2813 lv,
962 2769 1059 2812 1233

409 2824 470 2872 qui
499 2824 532 2861 h.
560 2824 583 2862 l.
612 2825 711 2873 quod
731 2824 838 2860 verba
856 2823 972 2873 λίμνη
995 2838 1059 2872 με·

408 2876 509 2931 γάλη
548 2894 588 2920 τε
625 2878 692 2919 καὶ
721 2876 845 2930 πολλὴ
875 2880 1058 2918 reddidit:

1115 799 1214 836 lacus
1233 811 1382 847 magnus
1400 804 1434 837 et
1452 801 1496 837 al
1509 805 1522 837 t
1534 815 1583 840 us
1595 833 1606 852 ,
1635 806 1769 843 rectius

1114 856 1224 903 idem,
1249 857 1388 905 opinor,
1411 859 1446 893 in
1470 857 1559 896 Lex.
1576 861 1716 898 Herod.
1740 874 1770 898 s.

1115 925 1146 949 v.
1188 907 1353 960 πολλός,·
1401 913 1500 950 lacus
1542 928 1691 965 magnus
1737 920 1771 952 et

1115 969 1308 1019 amplus,
1369 970 1425 1006 Cf.
1453 969 1625 1019 V11,14
1653 971 1772 1036 μέγας

1115 1039 1182 1063 και
1223 1022 1410 1071 πολλοι
1447 1025 1587 1077 ἐγένεο
1647 1029 1695 1066 Et
1720 1029 1772 1065 ita

1117 1081 1210 1118 hunc
1233 1081 1348 1117 locum
1367 1082 1470 1119 reddi
1496 1083 1595 1121 iubet
1613 1084 1772 1122 Letron-

1116 1149 1163 1173 ne
1191 1137 1354 1173 Journal.
1386 1138 1420 1174 d.
1442 1138 1526 1176 Sav.
1548 1142 1653 1181 1817
1680 1153 1769 1191 pag.

1117 1194 1182 1233 98.
1200 1195 1265 1233 99.
1308 1193 1509 1231 Heerenius
1539 1197 1668 1243 (ldeen
1687 1197 1714 1244 l,
1743 1201 1770 1238 2

1115 1260 1200 1297 pag.
1225 1250 1306 1287 279
1329 1254 1439 1296 seq),
1469 1264 1563 1298 quae
1584 1253 1696 1302 ipsius
1714 1256 1771 1289 est

1116 1304 1163 1340 de
1193 1304 1419 1340 Budinorum
1450 1307 1595 1343 sedibus
1622 1312 1770 1345 senten-

1115 1359 1186 1406 tia,
1229 1360 1278 1396 ad
1304 1360 1376 1408 IV,
1409 1363 1459 1400 21
1491 1375 1514 1398 a
1539 1364 1643 1400 nobis
1671 1376 1769 1401 com-

1114 1419 1336 1464 memorata,
1386 1418 1517 1455 densas
1560 1419 1678 1469 sylvas
1722 1420 1769 1457 ab

1114 1472 1308 1509 Herodoto
1326 1482 1546 1512 memoratas
1565 1477 1613 1512 ad
1633 1489 1693 1514 eas
1713 1489 1772 1514 re-

1115 1529 1187 1565 fert
1215 1528 1358 1578 sylvas,
1387 1542 1481 1578 quae
1505 1532 1687 1582 hodieque
1703 1544 1770 1584 per

1115 1584 1288 1621 Russiam
1342 1586 1612 1625 meridionalem
1658 1594 1770 1637 atque

1115 1641 1344 1690 potissimum
1379 1641 1416 1677 in
1453 1644 1628 1691 gubernio
1658 1645 1772 1681 Sara-

1117 1701 1190 1732 tow
1228 1701 1371 1734 exstare
1410 1697 1574 1735 dieantur
1609 1700 1772 1737 vastissi-

1117 1764 1220 1798 mae,
1260 1754 1434 1802 optimam
1470 1756 1622 1792 navibus
1659 1757 1771 1793 fabri-

1117 1808 1241 1845 candis
1266 1810 1451 1847 materiam
1484 1813 1773 1861 suppeditantes.

1119 1864 1190 1908 Qui
1225 1864 1322 1901 idem
1350 1865 1372 1901 l.
1403 1865 1424 1901 l.
1453 1879 1539 1917 pag·
1565 1870 1657 1910 280.
1688 1868 1770 1910 305

1115 1924 1250 1957 tractus
1277 1921 1481 1970 superiores
1508 1936 1604 1961 nunc
1632 1938 1653 1961 a
1680 1925 1717 1961 u
1730 1938 1772 1960 o-

1117 1976 1210 2025 gulis
1245 1980 1356 2025 atque
1387 1978 1544 2016 Ostiacis
1575 1984 1770 2031 occupatos

1117 2034 1154 2068 iu
1187 2033 1369 2080 guberniis
1401 2034 1505 2072 Perm
1533 2048 1574 2074 ac
1602 2036 1771 2074 Tobolsk

1117 2090 1165 2125 ad
1192 2095 1383 2138 utrumque
1403 2090 1497 2128 latus
1515 2093 1648 2129 montis
1668 2092 1771 2140 Ural,

1117 2145 1213 2182 uude
1261 2146 1414 2183 maxima
1458 2148 1626 2198 pellium,
1675 2161 1771 2198 quae

1116 2205 1338 2239 mercaturae
1393 2204 1608 2251 inserviant,
1665 2206 1771 2254 copia

1115 2258 1328 2308 proveniat,
1376 2261 1504 2310 respici
1542 2262 1616 2298 vult
1650 2274 1769 2309 eoque

1117 2315 1243 2351 referri
1280 2313 1396 2352 lacum
1434 2317 1489 2353 vel
1516 2319 1638 2367 potius
1665 2318 1769 2367 palu-

1117 2371 1222 2417 dem,
1270 2372 1367 2407 cuius
1410 2373 1507 2422 apud
1540 2374 1768 2411 Herodotum

1116 2428 1179 2463 fiat
1207 2428 1367 2473 mentio,
1399 2442 1477 2465 cum
1500 2430 1579 2467 illae
1601 2431 1768 2480 regiones

1115 2484 1254 2532 stagnis
1290 2483 1553 2533 paludibusque
1587 2487 1770 2535 hodieque

1115 2540 1320 2585 abundare,
1357 2540 1531 2589 simulque
1562 2544 1768 2580 animalium

1114 2597 1372 2646 pretiosissima
1422 2598 1516 2647 pelle
1561 2600 1768 2636 indutorum

1113 2652 1253 2703 copiam
1285 2655 1458 2702 praebere
1486 2656 1661 2692 dicantur.
1718 2657 1769 2693 At

1114 2708 1306 2745 Mannerto
1326 2717 1472 2747 auctore
1496 2712 1543 2747 lll
1565 2725 1601 2761 p.
1619 2714 1657 2758 9,
1692 2713 1770 2749 Bu-

1115 2766 1279 2802 ‹linorum
1316 2767 1420 2803 sedes
1452 2767 1480 2803 si
1514 2768 1561 2804 ad
1590 2768 1768 2805 Vistulam

1115 2834 1285 2870 mareque
1316 2822 1491 2861 Balticum
1529 2836 1644 2873 usque
1682 2837 1768 2874 pro-

1114 2884 1347 2926 moveantur,
1408 2880 1581 2919 Poloniae
1632 2880 1767 2930 sylvae,
