1904 3304
443 231 526 270 441
841 228 1298 267 HERODOTI

444 337 602 392 γυιέων
632 335 841 387 τουτέων,
873 333 1040 378 στάδιοι
1069 336 1221 379 ἑκατὸν
1253 337 1324 380 καὶ
1353 338 1479 391 χίλιοι
1509 336 1581 378 καὶ
1609 334 1693 389 μύ-

415 410 539 463 3ριοί
580 410 669 450 εἰσι.
727 406 769 456 ἐς
811 406 856 449 δὲ
890 405 1160 462 Θεμισκύρην
1197 407 1276 462 τήν
1315 406 1380 449 ἐπὶ
1421 406 1751 461 Θερμώδοντιὸθ

444 483 623 533 ποταμῷ
653 477 698 520 ἐκ
718 480 791 532 τῆς
807 478 1037 531 Σινδικῆς,
1073 476 1206 531 (κατα
1233 481 1362 519 τοῦτο
1392 476 1473 531 γάρ
1501 478 1587 520 ἐστι
1615 480 1695 519 τοῦ

445 547 623 591 Πόντου
671 545 956 601 εὐρύτατον,)
1007 551 1141 601 τριῶν
1187 562 1230 588 τε
1273 546 1466 602 ἡμερέων
1505 548 1577 589 καὶ
1614 548 1693 590 δύο

441 622 611 662 νυκτῶν
640 618 793 668 πλόος·
853 612 982 660 αὗται
1010 618 1055 661 δὲ
1084 622 1197 671 τρεῖς
1234 616 1439 671 μυριάδες
1475 619 1546 660 καὶ
1583 617 1695 672 τριή-

441 706 576 732 κοντα
600 688 813 745 ὀργυιέων
833 690 1050 744 γίνονται,
1086 688 1253 731 στάδιοι
1286 687 1330 730 δὲ
1357 687 1595 743 τριηκόσιοι
1624 688 1695 731 καὶ

415 763 683 816 4τρισχίλιοι.
739 758 787 802 Ὁ
826 759 903 814 μέν
942 775 1024 802 νυν
1054 758 1223 809 Πόντος
1260 753 1390 808 οὗτος
1426 759 1498 801 καὶ
1528 758 1694 802 Βόσπο-

443 832 520 886 ρός
548 847 592 875 τε
627 831 698 874 καὶ
722 829 1036 886 Ἑλλήσποντος
1069 828 1183 872 οὕτω
1222 830 1266 872 τέ
1305 846 1379 885 μοι
1409 830 1750 884 μεμετρέαται,85

417 903 525 946 final
554 901 662 947 κατὰ
691 901 742 944 τὰ
773 900 974 957 εἰρημένα
1007 899 1237 956 πεφύκασι.

1299 901 1537 955 Παρέχεται
1558 900 1602 943 δὲ
1623 900 1694 943 καὶ

442 975 596 1029 λίμνην
624 971 648 1016 ὁ
681 971 852 1023 Πόντος
882 967 1028 1022 οὗτος,
1067 971 1325 1015 ἐκδιδοῦσαν
1355 972 1396 1022 ἐς
1425 969 1611 1021 ἑωυτόν,
1641 967 1694 1013 οὐ

441 1117 480 1165 ἐς
512 1116 553 1157 δὲ
585 1115 835 1170 Θεμισκύρην
868 1114 942 1168 τήν
976 1116 1040 1155 ἐπὶ

385 1171 656 1226 Θερμώδοντι]
696 1176 753 1212 De
779 1174 1040 1220 Thermodonte,

385 1231 448 1279 qui
466 1244 560 1267 nunc
572 1231 773 1281 appellatur
786 1230 942 1276 Termeh,
953 1242 1042 1279 pau-

386 1287 436 1324 cis
456 1288 659 1324 monuimus
681 1286 786 1333 adil,
807 1286 898 1333 104,
912 1285 1039 1335 ubi(p.

385 1342 485 1391 717)
497 1344 672 1380 mendose
696 1355 901 1392 expressum
925 1345 1043 1378 exstat

385 1398 546 1435 Permele
569 1413 635 1449 pro
662 1399 833 1436 Termeh.
864 1398 923 1435 Ad
934 1410 1041 1446 quem

383 1456 531 1492 fluvium
556 1456 760 1493 Amazones
784 1455 966 1491 habitasse
985 1454 1043 1489 di-

385 1516 514 1548 cuntur
542 1513 577 1547 in
606 1513 694 1549 urbe
713 1511 962 1560 leemiscyra,
993 1509 1041 1545 ad

384 1568 483 1604 fluvii
505 1569 599 1604 ostia
620 1568 700 1604 sita.
749 1567 807 1604 Cf.
830 1569 946 1603 Anon.
966 1565 1042 1602 De-

385 1624 506 1673 script.
530 1623 635 1660 Pont.
661 1622 700 1674 ἓ.
726 1625 776 1663 16
804 1623 851 1660 Τ.
875 1622 924 1658 llI
952 1634 1039 1672 pag.

387 1679 465 1720 156
498 1679 555 1716 εδ.
584 1679 680 1717 Gaii.
715 1679 835 1715 Strab.
858 1678 928 1714 ΧΠ
954 1689 1039 1727 pag.

385 1735 467 1776 547
487 1748 514 1772 s.
530 1735 610 1776 823
622 1736 663 1772 Β.
685 1734 763 1773 coll.
779 1734 901 1771 Schol.
921 1732 1040 1783 Apoll.

383 1791 505 1828 Rhod.
521 1791 564 1837 ll,
580 1793 673 1832 373.
706 1791 813 1827 Plura
825 1789 1041 1827 'I'zschucke

386 1848 434 1884 ad
453 1846 540 1884 Mel.
560 1848 588 1894 Ι,
616 1849 664 1887 19
680 1852 768 1883 nott.
789 1860 918 1896 exegg.
938 1845 1039 1893 (Vol.

386 1903 436 1939 111
454 1904 494 1942 P.
516 1904 551 1950 Ι)
572 1916 657 1953 pag.
680 1906 780 1949 602,
809 1904 870 1951 qui
890 1903 983 1939 idem
1004 1914 1039 1951 p.

384 1961 463 2000 601
495 1960 540 1996 de
565 1959 852 1996 Thermodonte.
882 1982 932 1987 -—
968 1957 1039 1993 Pro

386 2015 580 2065 Σινδικῆς
623 2028 747 2053 omnes
790 2014 869 2051 libri
917 2014 1040 2063 scripti

382 2067 563 2121 Ἰνδικῆς.
602 2072 677 2108 Sed
702 2072 772 2108 vid.
798 2076 888 2108 nott.
911 2070 959 2107 ad
976 2069 1038 2116 lv,

384 2129 438 2168 28
459 2135 495 2165 et
512 2129 606 2165 conf.
628 2128 750 2165 Kruse
774 2126 796 2164 l.
820 2127 842 2164 l.
867 2139 951 2177 pag.
972 2127 1036 2167 26.

444 2180 547 2222 οὕτω
587 2182 627 2222 τέ
668 2199 735 2234 μοι
766 2182 1035 2234 μεμετρέαται]

381 2239 454 2283 Qui
486 2240 585 2277 locus
615 2253 703 2278 sane
735 2240 877 2276 videtur
908 2239 1037 2275 indicio

382 2308 486 2342 esse,
538 2297 656 2345 ipsum
681 2297 910 2333 Herodotum
950 2294 1038 2331 haec

382 2353 495 2388 [naria
525 2352 651 2389 visisse
685 2352 876 2401 ipsumque
899 2352 1037 2387 distan-

382 2408 453 2444 tias
477 2409 587 2445 suisse
611 2420 816 2454 emensum,
853 2408 922 2444 iter
949 2407 1035 2442 faci-

384 2468 504 2501 entem
526 2476 598 2500 non
620 2469 719 2501 recto
742 2476 858 2510 cursu,
889 2463 967 2509 sed,
999 2466 1037 2498 ut

385 2519 575 2570 probabile
597 2519 648 2566 fit,
679 2532 762 2556 oras
783 2519 964 2567 legentem
989 2519 1037 2554 si-

385 2589 526 2625 nusque
546 2575 761 2612 visitantem.
800 2575 856 2612 Cf.
874 2574 1035 2623 Breiger.

384 2631 406 2669 Ι.
428 2633 451 2669 l.
467 2645 553 2682 pag.
579 2633 641 2672 19.
679 2632 802 2679 Heyse
831 2645 869 2681 p.
894 2632 973 2671 130
1000 2635 1037 2667 et

383 2701 492 2739 supra
513 2692 606 2725 nott.
632 2688 680 2724 ad
702 2688 764 2734 lv,
787 2686 853 2727 46.
913 2687 1036 2723 Unam

382 2745 550 2795 paludem
568 2743 786 2781 Maeoticam
818 2744 873 2779 vix
902 2742 960 2780 ille
986 2743 1038 2778 vi-

385 2801 489 2839 detur
513 2801 669 2846 adiisse,
710 2800 843 2837 nedum
874 2798 1038 2850 pernavi-

386 2870 515 2907 gasse·,
553 2857 689 2908 quippe
711 2857 758 2895 de
780 2856 878 2894 cuius
902 2854 1039 2892 ambitu

1098 1130 1179 1154 euni
1210 1131 1283 1155 non
1313 1121 1410 1155 recte
1437 1118 1603 1155 edoctum
1630 1117 1751 1163 fuisse,

1099 1174 1287 1221 sequentia
1328 1175 1415 1210 satis
1455 1175 1608 1221 docent,
1659 1185 1750 1210 con—

1099 1241 1189 1278 grua
1227 1230 1389 1278 quamvis
1416 1230 1482 1275 iis,
1520 1242 1614 1278 quae
1633 1228 1695 1275 IV,
1725 1231 1749 1269 3

1098 1286 1268 1331 tradidit,
1306 1287 1495 1321 maximum
1526 1298 1605 1323 esse
1634 1285 1751 1322 lacum

1099 1354 1397 1379 commemorans.
1452 1341 1508 1378 Cf.
1529 1341 1654 1390 Heyse
1677 1341 1698 1377 l.
1726 1339 1749 1380 l.

1098 1410 1183 1447 pag.
1207 1398 1295 1438 134.
1324 1398 1486 1446 Breiger.
1504 1410 1587 1447 pag.
1607 1399 1673 1443 33,
1689 1397 1750 1446 qui

1098 1454 1328 1491 Herodotum
1359 1455 1487 1490 erroris
1519 1453 1667 1491 crimine
1701 1453 1750 1490 ita

1098 1509 1242 1546 liberari
1271 1522 1380 1559 posse
1407 1515 1533 1560 putat,
1574 1514 1612 1546 ut
1639 1509 1750 1547 verba

1099 1560 1148 1603 ου’
1168 1568 1299 1619 πολλῷ
1326 1564 1396 1618 τέῳ
1424 1561 1573 1604 ἐλάσσω
1600 1564 1750 1603 ἑωυτοῦ

1100 1620 1154 1673 (in
1169 1622 1300 1670 quibus
1320 1634 1407 1658 cave
1429 1621 1551 1658 deleas
1565 1617 1627 1668 ου’,
1649 1621 1749 1670 quod

1097 1681 1242 1727 praeter
1261 1678 1440 1714 Herodoti
1463 1677 1573 1713 libros
1594 1678 1748 1728 scriptos

1097 1738 1216 1769 tuetur
1240 1746 1384 1782 quoque
1410 1733 1591 1770 Eustathii
1623 1737 1749 1770 aucto-

1097 1791 1184 1826 ritas
1202 1789 1410 1838 adDionys.
1424 1790 1565 1838 Perieg.
1584 1803 1636 1826 vs.
1649 1787 1745 1840 163)

1097 1858 1169 1881 non
1193 1846 1240 1882 de
1262 1847 1359 1882 omni
1378 1845 1475 1882 lacus
1498 1846 1635 1882 ambitu
1657 1846 1747 1882 acci-

1096 1901 1253 1950 piantur,
1279 1902 1344 1938 sed
1363 1902 1410 1938 ad
1428 1901 1690 1950 longitudinem
1711 1905 1748 1939 et

1096 1956 1320 1994 latitudinem
1333 1959 1545 1995 reserantur.
1568 1958 1671 2002 Quae
1687 1970 1748 1995 ve-

1096 2026 1177 2050 reor
1196 2019 1235 2050 ut
1255 2014 1445 2051 sufficiant.
1505 2015 1748 2051 Conferantur

1095 2074 1276 2107 caeterum
1310 2070 1356 2107 de
1374 2068 1578 2108 Maeoticae
1604 2069 1746 2120 paludis

1094 2126 1373 2174 ambituSeylax
1392 2125 1417 2177 ἓ
1442 2128 1539 2176 69p.
1550 2128 1615 2167 30.
1630 2125 1747 2162 Huds.

1094 2194 1130 2231 p.
1151 2182 1232 2223 283
1252 2182 1326 2220 T.1
1353 2182 1448 2219 Gail.
1470 2183 1583 2231 (quae
1602 2181 1748 2232 repetiit

1094 2238 1275 2286 Anonym.
1306 2239 1342 2274 in
1373 2238 1509 2289 Peripl.
1534 2238 1639 2288 Pont.
1662 2235 1697 2287 ἓ.
1724 2240 1743 2277 1

1094 2307 1178 2344 pag.
1206 2296 1287 2334 206
1311 2294 1357 2331 T.
1378 2294 1425 2330 ΙΙΙ
1447 2295 1503 2332 εδ.
1522 2293 1634 2337 Gaii.)
1675 2294 1748 2330 Ca·

1095 2350 1247 2387 saubon.
1265 2350 1312 2386 ad
1331 2351 1501 2387 Strabon.
1520 2349 1585 2385 VH
1606 2362 1642 2399 p.
1665 2351 1746 2389 310

1095 2420 1126 2443 s.
1158 2406 1238 2446 477
1283 2410 1320 2442 et
1355 2418 1449 2455 quae
1479 2405 1742 2453 Wesselingius

1092 2463 1230 2512 profert
1254 2461 1418 2509 Dionysii
1448 2461 1602 2509 Byzant.
1633 2462 1742 2499 verba

1094 2531 1136 2555 ex
1164 2517 1305 2568 Anaplo
1335 2517 1455 2554 Ponti.
1514 2517 1609 2554 Add.
1635 2516 1742 2554 Man-

1093 2578 1182 2611 nert.
1201 2573 1250 2610 lV
1268 2585 1353 2623 pag.
1373 2576 1468 2613 323.

1152 2628 1367 2680 Παρὲχεται
1390 2627 1431 2667 δὲ
1452 2627 1517 2668 καὶ
1550 2629 1695 2680 λίμνην
1723 2628 1744 2670 t‘

1096 2680 1247 2731 Πόντος
1272 2680 1401 2735 οὗτος]
1445 2680 1560 2732 οὗτος
1581 2699 1602 2722 a
1626 2686 1742 2736 pluri-

1095 2743 1160 2779 bus
1179 2742 1283 2779 codd.
1304 2742 1417 2779 abest.
1465 2742 1745 2791 Schweighaeu-

1097 2810 1175 2835 sero
1215 2799 1405 2848 repetitum
1440 2799 1582 2836 videtur
1612 2811 1746 2848 prono-

1096 2866 1202 2901 men,
1259 2867 1331 2904 quo
1371 2855 1653 2904 distingueretur
1691 2854 1747 2891 hic
