1904 3304
160 1262 321 1290 Memorari
348 1267 378 1289 ct

151 1297 239 1324 aliam
263 1304 385 1323 causam
412 1306 420 1307 r

461 254 490 293 4
848 244 1310 285 HERODOTI

464 357 721 415 Καμβύσεα,
764 355 954 412 φάμενοί
982 370 1057 411 μιν
1086 353 1133 397 ἐκ
1172 351 1332 409 ταύτης
1361 350 1415 408 δή
1444 354 1520 408 τῆς
1544 350 1722 406 Ἀπρίεω

463 428 683 485 θυγατρὸς
712 426 936 482 γενέσθαι·
977 428 1133 479 Κῦρον
1162 424 1248 480 γὰρ
1280 421 1392 466 εἶναι
1421 421 1499 464 τὸν
1528 421 1724 478 πέμψαν-

462 518 514 544 τα
544 501 661 554 παρὰ
688 498 869 554 ’Ἄμασιν
900 496 968 539 ἐπὶ
996 495 1077 552 τήν
1104 495 1349 550 θυγατέρα,
1390 491 1490 536 ἀλλ’
1520 491 1575 536 οὕ
1605 495 1723 549 Καμ-

436 570 602 626 ἳβύσεα
633 570 828 624 λέγοντες
856 567 900 610 δὲ
930 570 1088 619 ταῦτα,
1130 563 1212 608 οὐκ
1242 565 1390 620 ὀρθῶς
1420 564 1606 620 λέγουσι.
1668 561 1782 607 ού40

463 641 548 697 μήν
587 640 685 684 οὐδὲ
727 639 878 695 λέληθε
918 636 1102 687 αὐτούς,
1140 636 1197 692 (εἰ
1226 635 1309 692 γάρ
1340 652 1453 687 τινες
1482 635 1556 679 καὶ
1586 632 1725 686 ἄλλοι,

463 711 514 754 τὰ
556 710 755 766 Περσέων
793 708 958 763 νόμιμα
1005 707 1152 762 ὀρθῶς
1192 706 1437 750 ἐπιστέαται
1477 705 1551 750 καὶ
1593 704 1725 761 Αἰγύ-

463 783 632 837 πτιοι,)
677 781 742 824 ὅτι
783 785 934 833 πρῶτα
974 779 1052 835 μὲν
1092 777 1234 821 νόθον
1271 777 1325 820 οὕ
1364 788 1444 832 σφι
1473 776 1609 832 νόμος
1639 774 1726 820 ἐστὶ

462 857 733 909 βασιλεῦσαι,
765 853 950 907 γνησίου
981 848 1238 904 παρεόντος·
1272 842 1394 899 αὖτις
1416 847 1481 900 δὲ,
1522 847 1590 891 ὅτι
1610 850 1727 891 Κασ-

463 922 677 979 σανδάνης
721 928 795 978 τῆς
829 921 1100 976 Φαρνάσπεω
1131 920 1353 975 θυγατρὸς
1383 914 1438 975 ἦν
1468 923 1570 970 παῖς
1600 921 1728 974 Καμ-

463 993 620 1051 βύσης,
652 993 812 1048 ἀνδρὸς
839 991 1163 1048 Ἀχαιμενίδεω,
1196 988 1284 1033 ἀλλ’
1316 990 1398 1034 οὐκ
1425 990 1472 1033 ἐκ
1497 994 1571 1046 τῆς
1594 991 1782 1046 Αἰγυ-45

461 1067 596 1121 πτίης.
638 1064 746 1107 ἀλλὰ
775 1064 1102 1119 παρατρέπουσι
1124 1061 1202 1105 τόν
1225 1061 1384 1117 λόγον,
1414 1059 1726 1117 προσποιεύμε-

463 1152 533 1179 νοι
569 1139 621 1191 τῇ
661 1134 816 1190 Κύρου
861 1136 975 1190 οἰκίῃ
1019 1131 1244 1188 συγγενέες
1283 1130 1406 1176 εἶναι,
1464 1132 1538 1175 καὶ
1586 1134 1727 1175 ταῦτα

370 1199 400 1242 3
458 1207 536 1261 μὲν
567 1201 646 1248 ὦδε
677 1206 769 1262 ἔχει.
809 1205 989 1262 Λέγεται
1018 1204 1064 1248 δὲ
1093 1205 1166 1247 καὶ
1198 1203 1269 1247 ὅδε
1301 1202 1325 1246 ὁ
1347 1201 1502 1259 λόγος,
1532 1203 1627 1260 ἐμοὶ
1647 1201 1728 1260 μὲν

406 1367 448 1391 ac
469 1354 642 1391 similibus
662 1356 799 1394 Noster
823 1358 958 1403 variet,
998 1356 1064 1394 mi-

406 1413 501 1448 nime
532 1411 589 1448 ille
618 1413 763 1460 quidem
797 1414 864 1449 sibi
895 1418 1064 1450 constans

403 1479 557 1504 unamve
577 1474 712 1506 certam
726 1470 907 1518 quandam
923 1474 1064 1505 sectans

405 1536 592 1569 normam,
634 1538 741 1573 quam
779 1526 840 1574 qui
867 1526 1002 1574 ubique
1029 1526 1065 1561 in

410 1579 538 1615 talibus
572 1582 685 1617 teneri
713 1581 842 1628 velint,
883 1583 905 1617 ii
940 1593 1067 1618 vereor

410 1639 451 1671 ut
471 1648 612 1672 causam
633 1650 732 1674 suam
756 1639 842 1674 satis
870 1638 961 1674 tueri
982 1650 1068 1687 pos-

412 1692 504 1738 sint,
535 1692 564 1727 si
584 1692 652 1729 ulla
668 1694 830 1730 codicum
852 1699 923 1731 stet
941 1698 1068 1730 aucto-

411 1749 510 1783 ritas.
531 1770 584 1774 —-
607 1749 803 1787 Caeterum
824 1752 917 1786 conf.
936 1750 1066 1786 Matth.

413 1803 478 1839 Gr.
496 1804 559 1839 Gr.
579 1802 614 1854 ᾗ.
637 1806 683 1845 51
707 1820 742 1856 p.
760 1808 847 1845 119.
880 1806 936 1842 Ad
956 1820 1067 1854 argu-

412 1864 569 1896 mentum
611 1860 677 1898 loci
713 1864 899 1912 pertinent
935 1862 1066 1899 Athen.

409 1915 509 1961 XIII,
536 1929 620 1965 pag.
652 1920 732 1959 560
752 1919 795 1957 F.
824 1923 861 1955 et
895 1918 1068 1967 Polyden.

409 1970 506 2017 VIII,
528 1974 591 2011 29.

466 2022 594 2066 νόθον
625 2025 674 2066 οὕ
709 2041 781 2077 σφι
823 2025 943 2080 νόμος
987 2029 1065 2069 ἐστὶ

408 2083 657 2133 βασιλεῦσαι]
721 2086 778 2123 De
827 2087 1067 2134 successione,

409 2151 504 2188 quae
534 2142 569 2176 in
601 2154 715 2189 regno
734 2142 924 2179 Persarum
946 2143 1068 2191 valuit,

408 2195 511 2244 plura
550 2196 722 2245 leguntur
769 2200 867 2248 apud
906 2200 1065 2236 Brisson.

408 2251 464 2288 De
485 2264 560 2300 reg.
581 2252 679 2289 Pers.
697 2254 847 2304 princip.
872 2255 897 2301 I,
918 2257 940 2294 6
963 2268 1066 2304 seqq.

408 2307 622 2354 quibuscum
649 2310 743 2345 cons.
778 2310 934 2347 Heeren.
956 2311 1065 2348 ldeen

411 2362 435 2397 I.
455 2375 492 2412 p.
513 2362 594 2402 468
612 2377 690 2413 seq.
722 2365 788 2401 vix
809 2367 903 2403 enim
927 2368 1068 2403 videtur

410 2423 528 2455 certus
545 2421 760 2457 succedendi
786 2423 874 2457 ordo
897 2423 989 2459 inter
1012 2437 1068 2459 re-

412 2474 467 2521 gis
491 2474 582 2511 filios
602 2476 820 2523 obtinuisse,
859 2483 896 2514 nt
923 2479 1068 2515 omnino

412 2529 488 2566 fleri
512 2530 604 2567 solet
631 2532 665 2568 in
691 2533 914 2570 orientalium
936 2536 1066 2583 regnis.

411 2584 505 2622 Nam
524 2600 602 2623 cum
624 2588 645 2623 ii
665 2593 803 2625 tantum
826 2603 845 2626 e
868 2592 963 2638 regis
989 2592 1068 2627 filiis

412 2641 478 2678 rite
514 2644 768 2690 succederent,
817 2646 875 2694 qui
908 2647 1068 2695 legitimo

412 2699 643 2734 matrimonio
665 2708 767 2737 erant
788 2702 941 2748 oriundi,
974 2704 1068 2740 haud

412 2765 492 2788 raro
505 2759 625 2791 tamen
638 2756 800 2804 pellicum
819 2771 964 2807 quoque
977 2760 1068 2797 tilios

413 2809 610 2846 invenimus
630 2813 749 2848 omnia
769 2813 973 2862 molientes,
996 2829 1068 2865 quo

411 2865 459 2900 ad
488 2878 661 2903 summum
691 2870 921 2917 pervenirent
952 2872 1067 2923 impc—

1122 1356 1211 1392 rium
1237 1367 1430 1404 rerumque
1448 1353 1663 1405 potirentur.
1695 1352 1787 1391 Inde

1122 1412 1340 1458 seditiones,
1376 1409 1572 1457 tumultus,
1602 1408 1698 1447 bella
1719 1410 1788 1446 do·

1123 1468 1281 1505 mesticu.

1178 1526 1248 1573 τῆς
1265 1518 1532 1573 Φαρνάσπεω]
1557 1523 1597 1560 In
1619 1521 1788 1574 psephis-

1123 1585 1242 1625 mate,
1283 1581 1381 1628 quod
1417 1579 1546 1617 Olbiae
1583 1579 1720 1617 detexit
1750 1582 1789 1617 et

1125 1637 1319 1686 descripsit
1343 1636 1384 1673 P.
1407 1636 1453 1673 de
1471 1636 1656 1687 Koppen,
1686 1636 1789 1674 inve-

1125 1694 1221 1729 nitur
1238 1693 1334 1741 regis
1356 1705 1488 1729 nomen
1504 1692 1786 1743 Saitapliarne33

1125 1762 1146 1786 a
1169 1763 1241 1798 quo
1263 1762 1337 1785 non
1355 1748 1462 1786 valde
1482 1749 1695 1797 abhorrent,
1724 1761 1788 1786 eo-

1125 1806 1207 1842 dem
1228 1805 1304 1842 viro
1324 1806 1435 1842 docto
1456 1811 1649 1852 monente,
1680 1805 1787 1842 Ario-

1119 1862 1293 1912 plmrnes,
1346 1863 1447 1911 quod
1478 1862 1660 1899 Thracum
1688 1862 1786 1911 regis

1124 1919 1194 1955 fuit
1227 1931 1380 1966 nomen,
1418 1918 1654 1968 Artaphernes
1680 1917 1786 1961 (Her.

1125 1975 1171 2022 V,
1185 1976 1271 2022 25),
1290 1976 1450 2024 itemque
1470 1974 1705 2025 Phar-nospes,
1725 1973 1789 2024 qui

1124 2030 1158 2067 h.
1182 2031 1203 2067 I.
1226 2032 1433 2068 nominatur
1465 2031 1633 2081 (nomine
1661 2032 1788 2069 forsan

1125 2088 1284 2124 deducto
1304 2088 1350 2124 ab
1363 2101 1425 2137 asp
1439 2087 1461 2125 i.
1476 2101 1507 2125 e.
1527 2090 1646 2138 equo),
1669 2085 1789 2124 Phar-

1125 2144 1310 2180 nazatlires
1343 2144 1444 2191 (VII,
1467 2145 1541 2192 65)
1574 2143 1787 2180 Pharanda-

1125 2204 1173 2236 tes
1200 2201 1283 2246 (IX,
1311 2202 1397 2245 76),
1430 2199 1657 2236 Pliarnuches
1684 2199 1788 2251 (Vll,

1124 2258 1224 2301 88),
1264 2255 1485 2302 Pharnaces,
1526 2257 1625 2306 quod
1653 2268 1787 2294 nomen

1123 2313 1350 2360 frequentius
1381 2313 1533 2349 occurrit
1555 2326 1622 2362 per
1641 2313 1788 2364 Bospo-

1124 2381 1211 2404 rum.
1243 2368 1296 2404 Ac
1310 2369 1453 2405 videtur
1474 2370 1574 2405 radix
1590 2368 1711 2406 Phara
1731 2368 1789 2404 in-

1126 2424 1244 2460 dicare
1273 2424 1424 2461 rubrum.
1466 2425 1523 2462 Cf.
1542 2425 1582 2462 P.
1613 2425 1661 2462 de
1680 2425 1788 2476 Κῦρ-

1126 2493 1197 2529 pen
1241 2480 1499 2529 Nordgestade
1543 2482 1609 2519 des
1645 2481 1787 2519 Pontus

1126 2536 1248 2583 (lien.
1274 2539 1399 2585 1823)
1420 2550 1506 2588 pag.
1526 2538 1591 2579 94.

1356 2639 1386 2675 C
1397 2652 1417 2675 a
1430 2652 1464 2689 p.
1500 2639 1560 2676 111.

1184 2704 1269 2755 ἐμοὶ
1280 2702 1352 2756 μὲν
1367 2701 1415 2745 ου’
1427 2701 1618 2756 πιθανός]
1633 2705 1789 2744 Confert

1126 2761 1340 2811 wesseling.
1361 2764 1388 2810 1,
1412 2765 1478 2810 52,
1504 2764 1551 2800 ob
1571 2761 1787 2813 particulam

1126 2816 1197 2867 μέν
1227 2819 1378 2869 opinor,
1420 2832 1514 2869 quae
1539 2819 1597 2856 hic
1626 2818 1786 2868 ponitur,

1124 2886 1196 2911 non
1216 2881 1394 2925 sequente
1413 2875 1589 2927 particula
1612 2873 1665 2914 δέ.
1705 2871 1787 2911 Nos
