1904 3304
406 251 489 291 456
818 247 1274 286 HERoDoTl

407 373 474 408 τες
513 361 594 400 τοῦ
632 354 997 410 ἀποπεμπομένου
1048 355 1165 408 παρα
1202 355 1278 398 τὸν
1318 354 1536 411 Ζάλμοξιν
1589 355 1664 407 τοὶς

406 433 549 483 χεῖρας
588 427 660 470 καὶ
697 424 802 476 τούς
839 424 998 478 πόδας,
1040 424 1374 481 ἀνακινήσαντες
1405 426 1560 476 αὐτὸν,
1596 443 1661 482 με·

379 500 574 552 4τὲωρον
610 497 806 551 ῥιπτεῦσι
844 495 886 546 ἐς
926 495 1002 547 τὰς
1036 495 1204 552 λόγχας.
1260 496 1316 551 ἢν
1354 496 1432 551 μὲν
1470 497 1522 554 δή
1559 495 1664 540 ἄπο-

406 567 524 625 θοὲνῃ
555 565 816 619 ἄναπαρεὶς,
847 570 959 609 τοῖσι
983 565 1028 609 δὲ
1051 567 1172 617 ἵλεως
1202 563 1224 608 ὁ
1250 565 1352 617 θεὸς
1375 568 1514 610 ὁοκέει
1534 566 1664 611 εἶναι·

406 638 463 695 ἢν
494 638 540 681 δὲ
581 636 637 692 μὴ
676 634 903 692 ἀποθάνῃ,
942 637 1165 679 αἰτιῶνται
1195 635 1331 680 αὐτὸν
1362 637 1441 680 τόν
1471 637 1665 695 ἅγγελον,
1678 647 1723 680 80

383 708 601 763 ὅφάμενοί
640 723 716 762 μιν
756 707 896 761 ἄνδρα
934 706 1072 750 κακόν
1108 704 1231 750 εἶναι.
1289 707 1582 764 αἰτιησάμενοι
1622 711 1668 753 δὲ

412 783 592 829 τοῦτον,
643 778 779 822 ἄλλον
822 777 1150 832 ἀποπέμπουσι·
1206 776 1474 822 ἐντέλλονται
1519 780 1564 822 δὲ
1610 779 1669 822 ἔτι

413 852 548 902 ζῶντι.
613 844 747 894 Οὗτοι
786 852 828 894 οἱ
869 846 994 892 αὐτοὶ
1026 847 1207 904 Θρήϊκες
1241 848 1314 891 καὶ
1343 848 1453 903 πρὸς
1482 849 1670 906 βροντήν

414 936 457 963 τε
476 921 549 963 καὶ
575 919 801 976 ἀστραπὴν
830 918 1076 972 τοξεύοντες
1106 918 1196 962 ἅνω
1224 918 1333 976 πρὸς
1361 919 1437 964 τὸν
1466 920 1669 975 ου’ρανόν,
1683 928 1725 961 85

415 988 635 1034 ἄπειλεῦσι
671 994 734 1047 τῷ
771 995 886 1047 θεῷ,
931 988 1094 1034 οὐδένα
1124 991 1258 1033 ἄλλον
1287 990 1396 1034 θεόν
1424 993 1672 1046 νομίζοντες

286 1060 352 1105 95
411 1059 524 1105 εἶναι
554 1063 590 1104 εἰ
618 1060 675 1117 μὴ
707 1061 785 1104 τόν
812 1061 1035 1117 σφέτερον.
1098 1061 1175 1112 Ὡις
1205 1060 1251 1104 δὲ
1281 1059 1362 1116 ἐγώ
1394 1062 1673 1118 πυνθάνομαι

84 1124 361 1193 ξ’ῗιξῖἷρξιῗξξζὶῖζ,
419 1136 506 1175 τῶν
534 1131 611 1175 τὸν
623 1130 941 1187 Ἑλλήσποντον
973 1131 1203 1175 οἰκεόντων
1227 1129 1445 1187 Ἑλλήνων
1467 1134 1538 1176 καὶ
1558 1132 1671 1177 Πόν-

83 1191 154 1222 quid
182 1195 305 1219 narrent
322 1191 358 1218 de
587 1203 595 1217 ι
706 1202 717 1216 ι
961 1206 978 1213 -
1126 1202 1137 1217 ³
1156 1201 1165 1215 ι
1285 1201 1306 1215 n

83 1226 234 1258 Zalmoxi,
271 1233 358 1260 quem
415 1219 515 1253 τον,
547 1219 623 1246 τον
653 1203 871 1257 Ζαλμοξιν
898 1217 1082 1253 τΟυῑΟν,
1122 1218 1248 1245 δοντα
1277 1207 1540 1256 ἄνθρωπον,
1578 1205 1674 1247 δου-

84 1258 362 1320 sg‘iiiiagssiiiiiisse
418 1276 567 1316 λεῦσαι
615 1273 662 1315 έν
703 1271 863 1331 Σάμον
934 1274 1169 1316 δουλεῦσαι
1219 1272 1265 1316 δὲ
1315 1271 1564 1329 Πυθαγόρῃ
1612 1276 1673 1331 τῷ

86 1325 198 1353 dicuut-

364 1409 497 1451 αὐτῶν
535 1410 600 1451 ἐπὶ
635 1407 756 1466 τούτῳ
797 1410 1016 1462 ταχθέντες.

363 1469 465 1507 Libri
495 1481 567 1505 non
597 1469 795 1514 addicunt3
839 1481 905 1506 nec
930 1482 1019 1507 sane

361 1526 507 1562 videtur
525 1538 605 1563 esse
621 1525 874 1562 necessarium.
903 1526 1020 1563 Recte

362 1581 478 1618 Miot:
527 1594 604 1628 „un
638 1583 772 1618 certain
807 1581 942 1618 nombre
978 1581 1020 1618 de

364 1638 469 1675 Getes
496 1649 529 1673 se
549 1640 699 1686 rangent
721 1639 760 1673 in
783 1637 904 1683 ordre,
935 1637 1020 1674 cha-

364 1707 432 1730 cun
465 1692 571 1730 d’eux
597 1697 726 1730 tenant
747 1705 790 1729 en
817 1694 913 1730 main
933 1694 1020 1729 trois

365 1749 538 1800 piques.“
568 1769 626 1778 —-
673 1747 731 1785 Ad
771 1744 1021 1799 διαλαβόντες

366 1806 461 1842 conf.
486 1804 558 1852 lV,
590 1807 643 1846 68
673 1805 794 1853 ibique
815 1811 907 1842 nott.
950 1805 1020 1842 Pro

366 1863 440 1900 τοῦ
486 1855 820 1912 ἀποπεμπομένου
861 1861 1023 1912 plerique

368 1917 475 1954 codd.
514 1913 607 1963 τοὺς
655 1912 1024 1968 ἀποπεμπομένους.

366 1972 417 2010 At
459 1971 609 2022 vulgata
650 1972 845 2010 Abrescbio
878 1986 1024 2023 quoque

366 2029 522 2080 probata
550 2030 597 2065 ad
627 2027 846 2068 Aristaenet.
876 2043 911 2080 p.
945 2030 1023 2070 156

368 2090 557 2135 praestare
586 2085 742 2123 videtur.
782 2086 892 2130 Quod
928 2086 1025 2123 idem

369 2140 639 2191 VVesselingio,
704 2140 783 2178 aliis
847 2141 1025 2193 placuisse

368 2198 486 2234 video.

428 2251 633 2303 ῥιπτεῦσι]
663 2252 897 2291 Florentinus
919 2252 1026 2291 liber:

372 2309 566 2356 ῥίπτουσι.
624 2307 672 2346 At
708 2309 779 2346 vid.
814 2309 1025 2347 Buttmann.

371 2366 533 2402 Gramm.
565 2364 630 2401 Gr.
667 2365 749 2402 mai.
780 2364 813 2401 ΙΙ
843 2378 927 2415 pag.
960 2367 1025 2406 30.

372 2422 438 2461 31.
471 2420 643 2467 Infralv,
669 2422 747 2460 168
761 2433 885 2458 ornnes
906 2422 1027 2468 codd„

373 2480 548 2525 quantum
566 2477 653 2520 scio,
676 2476 801 2525 ῥίπτει
821 2482 854 2514 et
870 2477 931 2524 1V,
948 2479 1026 2518 188

374 2531 574 2580 ῥιπτέουσι
610 2531 688 2569 coll.
715 2531 806 2577 Vn,
836 2535 902 2574 50.
935 2534 1027 2581 Vm,

373 2588 437 2629 53.
472 2610 518 2616 -
569 2588 608 2624 in
641 2600 743 2637 seqq.
774 2602 839 2638 pro
868 2590 1030 2636 τοισίόε,

374 2645 473 2693 quod
494 2644 625 2681 Matth.
648 2645 814 2691 retinuit,
844 2645 928 2683 dedi
946 2660 1027 2684 cum

375 2700 577 2750 Schweigh.
617 2705 653 2736 et
684 2701 801 2737 Gaiss.
833 2706 933 2740 τοῖσι
966 2702 1028 2749 δέ’,

373 2768 456 2794 nam
502 2756 568 2793 loci
615 2756 706 2794 ratio
748 2757 872 2794 similis
919 2763 1030 2808 atque

373 2812 403 2848 H
415 2813 650 2921 ’cz'rgrgikefiad
676 2869 850 2920 Respexit
864 2869 1030 2907 Eustath.

1074 1413 1121 1450 ad
1141 1411 1291 1463 Dionys.
1305 1412 1447 1462 Perieg.
1465 1410 1557 1454 304.
1569 1433 1623 1439 —
1642 1411 1730 1449 Mox

1074 1470 1216 1519 scripsit
1242 1466 1342 1507 θεὸν
1370 1469 1595 1519 νομίζοντες
1615 1464 1729 1513 εἶναι,

1075 1538 1154 1562 cum
1202 1525 1285 1561 alibi
1334 1526 1473 1562 dicatur
1519 1525 1586 1561 hoc
1623 1537 1730 1562 sensu

1075 1578 1175 1620 θεόν
1214 1581 1410 1630 νομίζειν,
1451 1582 1584 1617 omisso
1619 1580 1731 1617 verbo

1077 1633 1203 1683 εἶναι,
1234 1637 1311 1673 deos
1330 1650 1398 1672 esse
1420 1637 1566 1673 credere.
1609 1636 1733 1682 Confi,

1076 1706 1123 1731 ne
1141 1693 1242 1743 plura
1255 1721 1265 1739 ,
1288 1692 1499 1730 Stallbaum.
1521 1693 1569 1730 ad
1590 1691 1730 1730 Platon.

1077 1749 1282 1800 Euthyphr.
1304 1762 1390 1799 pag.
1417 1751 1465 1789 13
1488 1761 1590 1798 seqq.

1275 1806 1383 1855 Cap.
1414 1805 1527 1842 XCV.

1133 1860 1200 1907 Ὡς
1224 1857 1265 1899 δὲ
1286 1858 1358 1912 ἐγώ
1375 1860 1653 1910 πυνθανομαι]
1675 1859 1732 1897 Ad

1081 1922 1294 1954 structuram
1315 1917 1381 1954 loci
1402 1918 1496 1955 cons.
1513 1917 1645 1954 Matth.
1668 1916 1733 1952 Gr.

1080 1974 1145 2010 Gr.
1166 1987 1203 2023 p.
1217 1973 1398 2015 1059.—
1417 1974 1523 2018 Quae
1538 1976 1736 2021 sequuntur

1080 2030 1214 2075 verba,
1254 2030 1339 2067 satis
1376 2030 1525 2074 docent,
1564 2029 1737 2066 Herodo-

1079 2092 1154 2122 tum
1193 2086 1311 2136 ipsum
1349 2086 1529 2124 Thraciae
1566 2097 1665 2121 oram
1694 2096 1736 2121 ac

1081 2141 1189 2180 Ponti
1232 2142 1361 2179 Euxini
1412 2142 1519 2179 litora
1572 2142 1735 2178 visitasse

1083 2198 1319 2247 Graecasque
1362 2197 1432 2236 illic
1474 2199 1561 2234 sitas
1602 2197 1735 2233 adiisse

1082 2253 1264 2299 colonias3
1293 2267 1512 2303 quamquam
1533 2254 1568 2290 in
1589 2253 1735 2290 interio-

1082 2311 1131 2347 ris
1168 2309 1348 2348 Thraciae
1385 2312 1550 2359 regiones
1590 2309 1735 2345 minime

1082 2371 1293 2417 penetrasse
1325 2367 1507 2417 putandus
1541 2365 1619 2401 erit.
1677 2364 1736 2401 Cf.

1083 2423 1208 2471 Heyse
1234 2435 1270 2472 p.
1304 2425 1394 2464 128.
1423 2443 1477 2449 ——
1515 2419 1738 2469 Hellesponti

1084 2491 1215 2515 nomen
1252 2478 1368 2516 latiori
1403 2490 1510 2514 sensu
1548 2477 1603 2513 hie
1635 2476 1736 2513 adhi-

1084 2536 1195 2572 bitum
1232 2535 1382 2571 videtur.
1437 2533 1544 2570 Conf.
1572 2537 1662 2569 nott.
1690 2532 1736 2568 ad

1083 2590 1149 2636 IV,
1181 2589 1246 2630 85.

1122 2646 1331 2684 δουλεῦσαι
1350 2642 1392 2682 δὲ
1410 2639 1648 2698 Πυθαγόρῃ]
1663 2643 1738 2680 Ea-

1084 2702 1166 2739 dem
1187 2701 1346 2749 Hesych.
1364 2700 1385 2737 l.
1408 2700 1430 2737 l.
1450 2701 1737 2750 etDiogLa'ert.

1087 2760 1108 2795 l.
1120 2758 1142 2795 Ι.
1157 2757 1288 2795 Valent
1299 2762 1420 2794 autem
1430 2758 1519 2795 haec
1528 2758 1637 2795 verba
1647 2769 1740 2806 quo-

1087 2814 1283 2851 dammodo
1339 2815 1387 2850 ad
1424 2814 1605 2851 Zalmoxis
1647 2818 1739 2850 tem-

1088 2883 1176 2921 pora
1217 2870 1434 2908 definienda.
1474 2869 1644 2920 Namque
1669 2869 1740 2917 Py-
