1904 3304
504 259 1062 302 MELPOMENE.
1118 263 1183 302 IV.

1397 266 1484 307 427

221 369 301 426 τὴν
336 369 540 426 στρατιὴν
575 369 657 427 τήν
690 371 906 415 Σκυθέων
945 372 987 424 ἐς
1025 372 1074 416 τό
1105 373 1483 426 Βορυσθενεϊτέων

221 441 356 492 ἄστυ,
398 443 467 496 (οἱ
506 441 552 484 δὲ
592 445 932 495 Βορυσθενεῗται
975 437 1097 486 οὗτοι
1134 444 1308 498 λέγουσι
1349 445 1540 500 σφέας4ο

222 509 382 563 αὐτοὺς
412 511 523 556 εἶναι
553 514 846 570 Μιλησίους,)
888 514 930 565 ἐς
958 513 1142 565 τούτους
1168 513 1281 566 ὅκως
1305 516 1430 559 ἔλθοι
1459 515 1484 560 ὁ

218 583 416 639 Σκύλης,
477 584 558 641 τὴν
608 585 687 640 μὲν
734 585 938 641 στρατιήν
982 588 1286 629 καταλείπεσκε
1333 586 1380 629 ἐν
1422 590 1485 644 τῷ

219 656 489 714 προαστείῳ,
530 653 663 706 αὐτὸς
695 657 740 699 δὲ
770 656 883 707 ὅκως
914 657 1038 700 ἔλθοι
1066 657 1108 707 ἐς
1137 657 1186 699 τό
1217 661 1378 712 τεῖχος,
1409 659 1484 701 καὶ

218 723 296 776 τὰς
325 726 464 778 πύλας
503 726 757 783 ἐγκληΐσειε,
795 727 874 783 τὴν
907 726 1065 782 στολήν
1096 727 1366 783 ἀποθέμενος
1403 727 1484 784 τήν

190 797 474 852 6Σκυθικὴν,
514 798 694 854 λάβεσκε
735 797 790 840 ἂν
815 796 1041 853 Ἑλληνίδα
1071 798 1242 853 ἐσθῆτα.
1302 798 1410 852 ἔχων
1439 797 1538 840 δ’45

220 864 276 909 ἂν
318 868 505 924 ταύτην,
550 867 755 924 ἠγόραζε,
799 867 899 912 οὔτε
938 868 1208 923 δορυφόρων
1246 868 1482 924 ἑπομένων,

219 937 318 981 οὔτε
349 938 485 982 ἄλλου
516 937 717 989 οὐδενός·
762 938 839 990 τὰς
869 940 914 983 δὲ
944 938 1083 989 πύλας
1113 939 1384 995 ἐφύλασσον,
1423 937 1482 995 μή

218 1011 281 1060 τίς
311 1027 386 1065 μιν
414 1010 629 1053 Σκυθέων
665 1011 756 1052 ἴδοι
795 1010 948 1066 ἔχοντα
986 1011 1148 1066 ταύτην
1183 1011 1261 1066 τὴν
1301 1009 1483 1065 στολήν·

217 1082 291 1124 καὶ
321 1080 454 1124 τᾶλλα
481 1081 634 1137 ἐχρᾶτο
672 1083 813 1138 διαίτῃ
839 1081 1089 1138 Ἑλληνικῇ,
1130 1082 1203 1125 καὶ
1232 1085 1378 1124 θεοῖσι
1409 1079 1484 1133 ἱρὰ

216 1150 353 1196 ἐποίεε
384 1153 492 1196 κατὰ
522 1152 688 1207 νόμους
726 1156 829 1204 τοὺς
852 1153 1084 1209 Ἑλλήνων.

1146 1152 1215 1196 ὅτε
1247 1152 1292 1195 δὲ
1323 1153 1485 1205 διατρί-
1495 1157 1541 1192 50

218 1230 311 1273 ’ψειε
340 1228 454 1279 μῆνα
483 1224 511 1279 ἢ
540 1225 670 1268 πλέον
698 1223 879 1270 τούτου,
912 1223 1228 1274 ἀπαλλάσσετο,
1259 1222 1387 1274 ἐνδύς
1407 1222 1486 1278 τὴν

219 1295 449 1351 Σκυθικὴν
485 1294 654 1350 στολήν.

714 1298 852 1337 ταῦτα
889 1295 1082 1338 ποιέεσκε
1120 1294 1350 1345 noudum·

1410 1294 1484 1338 καὶ

219 1365 336 1406 οἰκία
354 1382 397 1408 τε
427 1366 622 1422 ἐδείματο
654 1365 701 1410 ἐν
720 1365 1015 1420 Βορυσθένεϊ,
1044 1366 1119 1409 καὶ
1139 1371 1327 1422 γυναῖκα
1357 1365 1484 1422 ἔγημε

161 1540 359 1580 Σκυθέων
406 1556 487 1581 cum
534 1541 737 1591 Schweigh.
783 1544 821 1578 et

161 1597 278 1635 Gaisf.
300 1600 383 1636 dedi
405 1614 472 1650 pro
493 1601 589 1638 τῶν
606 1596 818 1644 Σκυθέων,

159 1655 259 1702 quod
283 1655 411 1692 Matth.
431 1657 590 1693 retinuit.
619 1655 680 1694 De
699 1655 818 1701 Olbia,

157 1709 499 1760 Borysthenitarum
520 1713 633 1758 urbe,
664 1712 818 1749 diximus

158 1767 198 1804 in
223 1767 371 1805 Excurs.
401 1770 450 1806 ad
477 1769 547 1816 lv,
580 1772 643 1811 17.
696 1768 819 1816 Atque

161 1822 294 1862 Olbiae
316 1838 472 1872 nomen,
525 1827 627 1875 quod
663 1824 820 1876 posthac

162 1879 326 1917 Graecos
353 1886 563 1920 constanter
583 1884 659 1920 sere
678 1881 819 1919 tenuis-

162 1946 203 1973 se
221 1937 394 1987 quodque
415 1951 523 1975 unum
543 1938 580 1976 in
599 1939 716 1975 numis
733 1950 822 1974 con-

162 1993 251 2042 spici
281 1994 509 2041 monuimus,
546 2007 626 2032 eam
658 1995 706 2032 ob
736 2006 820 2030 cau-

162 2059 241 2085 sam
266 2050 315 2086 ita
342 2050 534 2088 invaluisse
554 2052 719 2097 videtur,
751 2050 819 2086 ob-

160 2111 332 2144 servante
353 2107 484 2144 Creuz.
507 2108 543 2144 in
562 2107 705 2144 Annali.
727 2106 819 2142 Hei-

162 2161 327 2211 delberg.
355 2165 462 2204 1822
493 2177 529 2214 p.
561 2164 690 2210 1235,
731 2168 770 2199 ut
795 2175 817 2199 a

159 2217 307 2268 Scythis
342 2219 491 2266 accolis,
530 2220 591 2270 qui
619 2218 821 2269 Borysthe-

160 2275 260 2313 nitae
285 2282 520 2323 vocarentur,
551 2277 821 2324 distingueren-

157 2332 229 2368 tur.
267 2331 326 2370 De
343 2330 563 2369 Milesiorum
588 2332 731 2370 colonia
761 2333 820 2369 iti-

161 2387 244 2425 dem
262 2389 299 2425 in
316 2389 478 2427 Excursu
501 2390 665 2427 diximus.

218 2444 514 2495 καταλείπεσκε]
564 2446 681 2484 Paulo
725 2447 817 2483 infra
873 2466 929 2473 —-

163 2495 376 2549 λαβεσκε
360 2499 422 2541 α’ν.
478 2502 687 2550 Conf.111‚
727 2506 818 2543 119.

164 2554 223 2592 Ad
231 2563 372 2619 τεῖχος
398 2560 492 2596 conf.
518 2560 591 2608 IV,
624 2558 678 2602 46
708 2566 746 2598 et
771 2560 820 2597 ad

164 2606 332 2663 ἠγόραζε
355 2614 428 2662 ΙΙΙ,
461 2618 550 2656 137

223 2667 264 2707 ἐν
286 2671 548 2723 Βοουσθένεϊ]
571 2672 773 2711 Descendit
796 2685 819 2710 a

165 2735 254 2763 voce
277 2727 556 2778 Βορυσθένης,
586 2730 658 2780 qu&
691 2735 726 2768 et
751 2732 820 2767 flu-

165 2781 243 2818 vius
258 2789 293 2819 et
306 2785 390 2820 urbs
404 2785 591 2824 indicatur.
622 2787 703 2824 Vid.
716 2787 820 2824 Stra-

166 2836 213 2873 bo
252 2839 320 2875 VH
356 2853 440 2889 pag.
480 2843 560 2882 306
602 2856 630 2880 s.
661 2842 742 2883 470
771 2843 817 2880 A.

163 2893 291 2945 Steph.
325 2896 414 2945 Byz.
443 2910 472 2934 s.
501 2911 533 2936 v.
553 2898 685 2950 Peripl.
708 2901 815 2938 Pont.

874 1540 968 1578 Eux.
1001 1539 1038 1593 ς.
1062 1543 1115 1584 12
1141 1554 1177 1592 p.
1199 1544 1282 1583 218
1312 1555 1390 1591 seq.
1420 1540 1468 1579 T.
1489 1541 1540 1578 111

876 1598 974 1635 Gail.
1016 1597 1180 1644 Moneo,
1221 1600 1394 1647 quoniam
1426 1599 1538 1635 fuisse

873 1654 1005 1702 videm,
1036 1655 1152 1702 (conf.
1178 1654 1362 1692 Mannert.
1383 1654 1431 1691 lV
1449 1667 1535 1704 pag.

875 1711 1001 1759 439),
1031 1711 1092 1761 qui
1112 1711 1236 1748 urbem
1258 1711 1440 1760 fingerent
1462 1712 1538 1749 Bo-

877 1768 1092 1818 ρυσθενίς,
1126 1767 1242 1817 qualis
1262 1767 1358 1804 nulla
1375 1779 1538 1816 unquam

875 1825 954 1863 suit.
1015 1824 1098 1863 vid.
1133 1824 1295 1862 Creuzer
1328 1824 1354 1862 l.
1396 1823 1419 1861 l.
1456 1823 1537 1861 coll.

875 1881 1048 1919 Koehler.
1067 1881 1178 1918 Melm.
1206 1893 1268 1917 sur
1289 1880 1310 1918 Ι.
1333 1893 1460 1918 course
1483 1904 1535 1908 —

875 1937 1017 1976 Achille
1045 1951 1082 1988 p.
1111 1939 1206 1978 202.
1253 1937 1356 1975 Idem
1388 1938 1426 1974 in
1456 1935 1535 1973 aliis

875 2006 1022 2043 quoque
1044 1994 1210 2041 obvium,
1240 1998 1281 2030 ut
1297 1994 1394 2031 idem
1414 1998 1450 2031 et
1472 2006 1535 2030 ur-

876 2050 932 2087 bis
955 2057 992 2088 et
1014 2050 1115 2087 fluvii
1136 2062 1193 2087 ess
1197 2054 1233 2086 et
1257 2062 1402 2086 nomen.

930 2110 1101 2157 γυναῖκα
1155 2104 1270 2156 ἔγηιιε
1323 2104 1363 2153 ἐς
1408 2099 1534 2155 αὕτα]

876 2161 1098 2210 ,,Ρῑε[ιίυ5ἑ
1084 2161 1201 2212 ε’γημε
1220 2160 1286 2200 καὶ
1307 2157 1475 2212 η’γαγετο
1496 2160 1538 2207 ἐς

877 2235 1002 2267 αντα,
1033 2224 1073 2256 ut
1106 2219 1177 2265 ΙΧ,
1212 2221 1292 2259 107
1324 2218 1454 2267 Lysias
1487 2219 1536 2255 de

875 2277 976 2313 caed.
1012 2275 1198 2312 Eratosth.
1238 2277 1277 2316 2.
1320 2273 1429 2322 ἔδοξέ
1468 2288 1536 2324 μοι

874 2334 999 2384 γῆμαι
1036 2329 1104 2370 καὶ
1133 2335 1302 2382 γυναῖκα
1331 2326 1536 2382 ἠγαγόμην

875 2389 932 2435 εἰς
952 2385 1025 2437 τήν
1050 2387 1192 2426 οἰκίαν.
1195 2389 1221 2405 “
1263 2387 1536 2435 Wesselt'ng.

956 2445 1039 2493 „Et
1066 2458 1169 2494 quam
1197 2445 1273 2481 illzc
1294 2447 1417 2481 sumszt
1443 2457 1533 2479 uxo-

876 2515 968 2550 rem,
999 2504 1037 2539 in
1067 2504 1156 2538 istas
1175 2502 1278 2538 aedes
1305 2501 1473 2546 defluxit,
1504 2513 1533 2537 s.

875 2558 978 2596 aedes
1005 2559 1076 2595 sibi
1103 2560 1241 2595 curavit
1273 2560 1310 2594 in
1336 2558 1420 2593 urbe
1453 2570 1536 2593 con-

876 2616 969 2652 strui
983 2614 1240 2665 Borystlwnz'de
1258 2618 1362 2664 atque
1384 2616 1422 2650 in
1445 2615 1535 2650 istas

875 2672 990 2709 aede·
1005 2685 1147 2708 uxorem
1178 2672 1284 2709 duxit
1314 2670 1532 2719 indigenam.

863 2724 1058 2781 ’Ἀγεσθαι
1093 2732 1262 2780 γυναῖκα
1295 2740 1405 2776 quum
1433 2727 1532 2763 idem

874 2787 983 2835 vulgo
1005 2789 1149 2823 notaret
1168 2798 1210 2822 ac
1226 2786 1364 2836 γαμεῖν
1377 2811 1389 2830 ,
1418 2793 1532 2819 nova-

872 2846 932 2878 tor
952 2842 1163 2879 Herodotus
1191 2844 1329 2892 γαμεῖν
1355 2838 1395 2885 ἐς
1423 2837 1532 2876 οἰκία

871 2902 1041 2951 γυναῖκα
1070 2898 1181 2944 dixit,
1220 2897 1390 2948 quoniam
1419 2893 1530 2945 plena
