1904 3304
330 840 426 884 121
488 844 631 902 δοκέῃ.

183 904 398 931 Praecursore-s

185 939 267 966 misni
286 939 402 966 obviam

494 245 578 285 49⁰

880 244 1351 287 HERODOTI

493 349 743 407 ὑπεξάγειν,
774 349 985 403 ὑπιόντας
1013 369 1057 396 τε
1086 354 1159 397 καὶ
1187 359 1415 407 ποιεῦντας
1443 359 1495 401 τὰ
1522 362 1748 415 βεβουλευ-

464 423 616 478 4μένα.
673 425 823 475 πρῶτα
853 422 931 476 μέν
960 440 1043 466 νυν
1072 424 1255 480 ὑπάγειν
1285 427 1417 482 σφέας
1447 429 1523 472 ἰθὺ
1552 432 1641 470 τῶν
1669 445 1747 484 χω-

490 492 602 546 ρέων
646 496 732 534 τῶν
771 490 1077 549 ἀπειπαμένων
1122 495 1201 551 τὴν
1241 498 1450 552 σφετέρην
1489 501 1804 554 συμμαχίην,Ξὸ

491 564 564 604 ἴνα
593 561 666 604 καὶ
693 561 877 613 τούτους
907 564 1255 620 ἐκπολεμώσωσι·
1294 568 1330 608 εἰ
1354 568 1397 609 ὁὲ
1425 567 1481 623 μὴ
1510 567 1678 619 ἑκόντες
1700 585 1746 623 γε

488 632 715 675 ὑπέδυσαν
735 633 813 675 τόν
835 633 1027 689 πόλεμον
1048 637 1125 679 τόν
1144 636 1254 690 πρὸς
1274 636 1467 690 Πέρσας,
1499 636 1594 681 ἀλλ’
1620 639 1747 682 ἄκον-

460 708 481 741 5
495 720 570 753 τας
601 703 904 758 ἐκπολεμῶσαι.

964 706 1068 760 μετα
1099 706 1143 749 δὲ
1175 710 1330 756 τοῦτο,
1376 705 1666 763 ὑποστρέφειν
1703 708 1747 760 ἐς

489 773 568 830 τὴν
598 773 829 830 σφετέρην,
860 776 934 818 καὶ
952 775 1217 831 ἐπιχειρέειν,
1247 775 1301 832 ἢν
1321 775 1371 830 δὴ
1393 779 1747 832 βουλευομένοισι

695 849 840 888 Ταῦτα
871 848 914 889 οἱ
942 847 1121 890 Σκύθαι
1150 846 1514 902 βουλευσάμενοι,
1544 846 1746 903 ὑπηντία-
1758 858 1802 891 60

493 919 567 969 ζον
584 915 663 972 τήν
680 918 874 972 Δαρείου
895 917 1122 975 στρατιήν,
1153 916 1439 974 προδρόμους
1469 915 1746 963 ἀποστείλαν-

436 1076 495 1115 Ad
528 1090 673 1115 sensum
717 1083 826 1118 recte.
884 1079 943 1118 Ad
966 1079 1092 1119 'verba

435 1134 602 1184 propius:
650 1137 755 1171 um'us
794 1136 865 1172 diez·
902 1139 1025 1174 itinere
1061 1140 1092 1173 et

435 1191 496 1226 loos
514 1189 631 1226 Persis
653 1204 869 1239 progressos.
909 1193 969 1229 Tu
998 1194 1093 1230 cous.

433 1246 499 1292 lv,
530 1248 619 1286 122.
652 1247 712 1292 lX,
743 1250 817 1293 22,
847 1247 908 1284 ubi
937 1249 1093 1285 Masistii

435 1314 549 1349 equus
572 1300 748 1352 προέχων
768 1304 847 1341 τῶν
864 1301 1005 1351 ἄλλων,
1024 1306 1045 1341 i.
1059 1318 1092 1342 e.

432 1370 521 1407 prae
543 1358 626 1394 aliis
647 1359 787 1407 longius
798 1364 990 1409 provectus,
1009 1375 1092 1410 pro-

433 1427 574 1462 gressus
607 1414 758 1462 dicitur,
789 1422 888 1454 recte
913 1418 1093 1467 interpre-

432 1475 533 1507 tante
567 1470 810 1520 W'esseling„
848 1474 909 1521 qui
940 1474 1088 1511 Homer.

431 1527 520 1563 citat
540 1526 578 1563 Il.
602 1528 719 1563 XXlll
735 1557 745 1575 ‚
777 1529 882 1574 453,
913 1531 960 1566 ad
979 1543 1088 1579 quem

430 1582 549 1619 locum
569 1583 736 1620 Eustath.
768 1583 948 1635 προέχειν
978 1598 1090 1636 expo-

430 1640 485 1675 nit
505 1636 776 1690 προελαύνειν.
818 1641 1012 1678 Caeterum
1034 1642 1088 1678 vi-

430 1696 538 1732 detur
574 1696 780 1745 impeditior
813 1696 881 1733 loci
910 1702 1087 1735 structura

431 1764 499 1788 nec
526 1751 594 1788 nisi
623 1765 688 1801 per
709 1765 836 1789 sensus
857 1757 1085 1801 structuram,

432 1820 526 1856 quae
548 1808 699 1856 dicitur,
726 1810 977 1859 expedienda,
1007 1824 1088 1847 cum

432 1865 627 1900 accusativi
650 1860 813 1910 τούτους
828 1887 884 1892 -
902 1865 1088 1918 προέχον-

430 1934 523 1967 τας,
561 1917 745 1967 ὑπιόντας
773 1936 812 1959 τε
838 1921 905 1960 καὶ
930 1925 1088 1961 ποιεῦν-

430 1991 500 2022 τας
529 1988 602 2012 non
633 1977 701 2013 nisi
733 1990 838 2014 sensu
870 1979 1087 2016 conveniant

429 2034 655 2082 praegressis
677 2030 746 2079 τας
770 2031 811 2071 δὲ
833 2029 907 2073 δύο
929 2048 977 2072 sc.
1001 2035 1087 2085 μοί-

429 2103 515 2139 ρας,
527 2089 594 2125 nisi
611 2089 832 2126 accusativos
852 2088 921 2137 τοὶς
945 2089 987 2130 δὲ
1010 2088 1084 2130 δύο

430 2159 467 2183 κ.
501 2159 533 2182 τ.
564 2147 597 2183 λ.
629 2158 650 2183 a
680 2146 790 2183 verbo
818 2148 979 2196 pendere
1002 2152 1086 2184 tan-

429 2214 538 2250 quam
556 2202 685 2239 obiecti
701 2204 935 2252 accusativos,
955 2205 1016 2254 qui
1030 2205 1087 2241 di-

430 2262 579 2305 cuntur,
609 2262 761 2295 statuas.

487 2313 528 2350 In
569 2327 672 2363 seqq.
723 2310 971 2354 ἀπείπασθαι
1009 2311 1085 2366 τήν

430 2371 654 2420 συμμαχίην
684 2370 778 2407 valet
808 2372 998 2408 detrectare
1031 2386 1085 2408 so*

429 2427 608 2472 cietutem,
659 2429 884 2473 renuntiare,
944 2432 984 2464 ut
1020 2428 1083 2474 lv,

429 2481 520 2521 125.
567 2483 626 2518 Cf.
654 2484 701 2519 ad
730 2483 909 2520 Plutarch.
930 2484 1082 2520 Flamin.

427 2537 453 2577 5
481 2551 565 2587 pag.
596 2540 645 2579 91
674 2543 767 2575 nott.
794 2561 850 2566 »-
884 2540 942 2577 De
972 2541 1081 2577 verbo

427 2592 670 2643 ἐκπολεμοῦν
691 2596 738 2632 cf.
759 2600 850 2632 nott.
871 2597 919 2632 ad
942 2596 1000 2643 ΙΙΙ,
1015 2598 1080 2637 66.

484 2650 518 2688 εἰ
539 2648 580 2688 δὲ
599 2648 653 2702 μή
670 2645 828 2697 ἑκόντες
846 2651 1080 2704 γε-ἔκπο-

426 2706 614 2757 λεμῶσαι]
656 2707 859 2755 Schweigh.
893 2712 991 2754 „ut,
1020 2711 1083 2757 qui

425 2763 616 2800 noluissent
647 2767 762 2812 sponte
787 2764 1082 2812 jh1·tuna1nbelli

425 2819 560 2865 subire,
612 2821 720 2856 inviti
756 2821 883 2857 bellare
920 2834 1081 2869 ‹rogeren-

428 2878 544 2923 tur‚·“
590 2877 645 2914 vel
679 2877 824 2927 potius:
882 2876 1080 2928 „Namque

1147 1083 1267 1130 sponte
1279 1081 1311 1116 si
1326 1079 1450 1116 bellum
1473 1092 1546 1116 cum
1559 1078 1675 1116 Persis
1694 1082 1803 1117 susci-

1145 1150 1227 1186 pere
1244 1136 1395 1182 nollent,
1434 1138 1504 1172 ιἰιηι
1527 1136 1606 1185 sore
1631 1140 1666 1171 ut
1691 1138 1738 1173 ad
1765 1137 1804 1173 izl

1150 1193 1397 1241 cogerentur.“
1455 1194 1548 1228 Sunt
1576 1198 1694 1229 autem
1715 1193 1803 1230 haec

1148 1249 1260 1285 verba
1283 1260 1348 1297 per
1370 1248 1602 1297 parenthesin
1624 1248 1720 1284 dieta
1742 1261 1803 1285 ac-

1149 1305 1341 1354 cipienda,
1402 1304 1530 1352 quibus
1580 1304 1801 1341 antecedens

1148 1361 1330 1398 sententia
1372 1359 1569 1409 explicatur
1618 1364 1655 1397 et
1694 1373 1802 1398 causa

1148 1417 1416 1465 quodammodo
1434 1416 1616 1452 subiicitur
1633 1429 1698 1465 per
1716 1429 1802 1466 par-

1148 1473 1291 1510 ticulam
1310 1470 1350 1510 δὲ
1371 1472 1481 1520 (quae
1501 1472 1557 1508 hic
1577 1472 1723 1510 minime
1743 1486 1802 1510 re-

1147 1530 1309 1579 spondet
1329 1529 1448 1565 verbis
1466 1529 1600 1578 πρώτα
1621 1526 1691 1578 μέν
1712 1544 1800 1576 νυν,

1146 1586 1193 1621 ad
1233 1598 1326 1633 quae
1361 1585 1481 1634 potius
1515 1584 1708 1633 respiciunt
1743 1598 1801 1622 se-

1146 1643 1311 1689 quentia:
1335 1636 1428 1688 μετὰ
1447 1637 1497 1677 δὲ
1517 1641 1631 1678 τοῦτο
1645 1642 1799 1688 mat),-

1145 1697 1192 1733 de
1223 1709 1296 1745 quo
1325 1696 1478 1733 Werser.
1508 1696 1544 1732 in
1574 1695 1665 1732 Actt.
1699 1697 1798 1746 phill.

1144 1752 1307 1789 Monacc.
1340 1753 1355 1787 l
1390 1765 1473 1802 pag.
1508 1754 1598 1790 113.
1675 1753 1799 1790 Verba

1145 1805 1312 1854 ἄκοντας
1341 1807 1610 1856 ἐκπολεμῶσαι
1638 1820 1711 1844 non
1732 1808 1798 1845 ali-

1143 1870 1199 1902 ter
1221 1869 1331 1913 atque
1354 1864 1542 1911 infinitivi,
1572 1864 1633 1912 qui
1653 1868 1799 1902 antece-

1144 1922 1257 1967 dunt,
1294 1921 1342 1956 ad
1364 1921 1511 1957 verbum
1538 1916 1795 1970 ἐβουλεύοντο

1144 1977 1224 2013 init.
1246 1990 1323 2026 cap.
1348 1981 1452 2014 erunt
1477 1977 1679 2014 reserenda.
1737 1976 1796 2015 De

1143 2046 1209 2069 usu
1239 2040 1351 2081 atque
1388 2034 1422 2069 vi
1457 2032 1656 2082 particulae
1693 2028 1794 2072 cluo}

1142 2090 1265 2126 monui
1283 2090 1318 2126 in
1338 2090 1509 2126 Creuzer.
1527 2088 1669 2126 Melett.
1687 2089 1737 2126 ΙΙΙ
1758 2103 1796 2140 p.

1142 2148 1209 2186 26.
1229 2165 1284 2172 ——
1304 2146 1344 2181 In
1359 2145 1421 2184 sm.
1439 2157 1592 2195 cappro
1610 2145 1795 2195 βουλευο-

1143 2201 1294 2252 μένοισι
1322 2201 1443 2251 plures
1475 2202 1580 2238 codd.
1604 2199 1794 2252 βουλομέ-

1143 2270 1268 2306 νοισι,·
1316 2258 1526 2295 confusione
1564 2258 1660 2294 haud
1698 2270 1791 2295 rara.

1141 2315 1201 2351 Ad
1239 2319 1489 2362 argumentum
1528 2314 1655 2364 capitis
1693 2315 1792 2362 quod

1141 2372 1291 2417 attinet,
1332 2370 1440 2407 Italus
1479 2371 1654 2419 interpres
1695 2370 1792 2406 haud

1139 2428 1232 2464 male
1281 2427 1442 2464 meminit
1488 2426 1726 2476 expeditionis
1769 2438 1792 2462 a

1138 2483 1368 2533 Napoleonte
1397 2485 1520 2519 nostra
1552 2483 1723 2518 memoria
1752 2482 1791 2519 in

1137 2539 1306 2576 Russiam
1356 2543 1544 2587 susceptae
1583 2538 1792 2587 prudentis-

1137 2608 1208 2644 que
1226 2596 1424 2632 Russorum
1445 2594 1582 2630 consilii
1604 2595 1637 2631 in
1663 2595 1790 2631 defen-

1138 2652 1258 2689 denda
1286 2657 1380 2687 terra
1410 2651 1548 2700 patria,
1587 2663 1609 2687 a
1635 2651 1788 2700 Scytha-

1136 2721 1213 2745 rum
1231 2708 1298 2744 hoc
1313 2707 1461 2744 consilio
1480 2708 1624 2745 minime
1642 2707 1759 2744 alieni.

1319 2764 1349 2800 C
1362 2776 1382 2800 a
1396 2778 1428 2813 p.
1460 2764 1592 2800 CXXl.

1192 2817 1447 2870 ὑπηντίαζον]
1481 2820 1588 2856 Conf.
1612 2819 1675 2866 IV,
1695 2819 1786 2860 118.

1137 2877 1238 2915 Ctes.
1273 2877 1459 2928 Excerptt.
1491 2876 1610 2914 Perss.
1647 2874 1683 2927 ἓ.
1724 2878 1785 2917 18.
