1904 3304
467 234 1027 275 MELPOMENE.

1085 234 1133 271 lv
1139 262 1147 272 .
1366 233 1451 273 345

183 348 349 406 βορέων
362 346 472 390 κατὰ
489 344 595 396 τούς
615 343 776 396 αὐτούς
791 343 977 395 τούτους
991 341 1256 398 ἀνθρώπους
1265 356 1449 395 πορευο-

182 419 312 475 μένας
327 449 337 465 ,
383 415 615 461 ἀπικέσθαι
642 416 685 467 ἐς
714 420 864 472 Δῆλον
894 416 954 459 ἔτι
984 412 1199 469 πρότερον
1213 412 1447 468 Ὑπερόχης

154 494 230 530 Ξτε
266 487 338 529 καὶ
375 490 607 544 Λαοδίκης.

127 623 197 659 sert
224 621 273 658 ad
306 622 493 660 notionem
523 622 643 659 auxilii
673 626 787 671 atque

129 679 230 728 opis,
263 691 394 727 quam,
433 692 528 728 quae
557 680 718 715 omnium
750 679 786 714 in

127 735 254 771 natura
266 748 384 772 rerum
398 748 529 785 parens
551 741 664 785 atque
683 735 786 783 origo

126 790 279 828 habetur
308 792 477 840 adeoque
510 805 580 828 nov<
604 792 787 842 primitiva

127 859 170 883 ac
193 847 428 897 primigenia,
453 848 591 897 llithyia
609 851 787 898 praestat,

127 909 166 940 ut
185 904 232 940 ad
253 903 367 942 lucem
397 905 517 941 omnia
540 905 788 953 proferantur.

126 960 174 996 At
185 961 226 997 C.
241 961 287 997 Ο.
301 960 455 998 Miillero
475 961 582 1007 (Dor.
603 961 668 1010 lp.
685 960 786 1006 369)

127 1017 279 1053 indicari
301 1018 446 1055 videtur
473 1018 645 1054 continua
670 1016 788 1053 numi—

126 1073 182 1109 nis
211 1086 295 1109 cura
330 1087 522 1122 rerumque
552 1073 789 1110 humanarum

128 1129 315 1176 custodia,
354 1143 463 1178 quam
492 1130 649 1167 revereri
678 1142 790 1179 opor-

128 1190 203 1223 teat
223 1186 415 1233 mortales3
447 1187 548 1235 quod
566 1187 684 1236 ipsum
705 1198 790 1221 num

128 1242 320 1279 conveniat
343 1256 423 1279 cum
445 1243 548 1279 huius
584 1242 727 1278 fabulae
748 1253 790 1278 ac

129 1298 314 1346 religionis
337 1299 481 1345 indole,
511 1299 682 1348 equidem
702 1310 790 1334 sane

130 1354 302 1390 dubitem.
389 1355 551 1392 Alteram
610 1355 788 1404 virginem

118 1407 268 1461 ’Ἀργην
290 1411 385 1448 idem
404 1417 507 1448 vocat
521 1411 679 1448 Celerem.
706 1411 789 1447 Ma-

131 1468 191 1503 lim
215 1468 382 1515 equidem
409 1481 538 1505 vocare
562 1467 789 1513 candentem,

133 1523 401 1572 splendentem.-
433 1525 533 1573 quod
551 1524 598 1561 ad
615 1526 720 1562 deam
738 1523 790 1560 lu·

129 1592 275 1625 narem,
332 1580 550 1629 lunaresque
594 1581 788 1628 religiones

130 1647 220 1672 sane
247 1637 363 1685 magis
395 1638 708 1674 accommodatum
736 1636 790 1671 vi-

130 1692 248 1729 detur.
335 1693 454 1736 Quam
513 1694 667 1731 eandem
727 1692 789 1742 qui

128 1746 405 1800 Ἑκαέργην
426 1749 634 1799 appellant,
664 1754 700 1787 et
720 1749 790 1799 ipsi

131 1805 238 1842 deam
254 1804 415 1843 lunarem
434 1806 604 1856 pharetra
627 1806 791 1855 sagittis-

132 1874 203 1910 que
245 1862 454 1898 instructam
495 1875 673 1911 arcusque
712 1867 790 1899 tra-

132 1916 255 1954 ctandi
306 1919 583 1968 peritissimam,
633 1919 791 1956 Dianam

133 1973 241 2021 vulgo
254 1980 397 2020 vocant,
418 1976 455 2011 in
479 1980 603 2013 mente
623 1975 793 2013 habuisse

133 2029 312 2066 videntur.
372 2031 426 2068 Ac
455 2032 614 2080 deniqne
633 2027 793 2081 Ἀχαΐαν

135 2098 283 2135 quoque
317 2099 359 2124 ex
382 2088 630 2137 Hyperboreis
660 2088 793 2125 Delum

134 2142 278 2179 venisse
314 2145 493 2181 cecinerat
530 2143 648 2189 Olen,
699 2149 794 2181 teste

136 2199 290 2236 Pausan.
314 2199 359 2246 V,
382 2203 406 2240 7
430 2198 467 2251 ἓ.
485 2199 521 2240 4.
583 2200 657 2237 Ubi
694 2200 794 2237 Cere-

138 2268 206 2291 rem
226 2255 401 2292 Achaeum
422 2257 574 2305 intelligi
597 2270 706 2306 posse
730 2270 794 2294 ne-

137 2311 267 2360 gat-C.
292 2312 337 2348 O.
366 2313 510 2350 Miiller.
545 2313 635 2350 Dor.
662 2313 674 2348 l
709 2326 795 2363 pag.

138 2370 243 2415 369,
281 2370 430 2406 rescribi
461 2369 589 2407 iubens
610 2365 794 2418 Ἀφαίαν,

138 2436 210 2472 quo
254 2426 400 2463 nomine
449 2427 548 2476 apud
592 2426 794 2475 Aeginetas

140 2479 233 2517 culta
253 2481 363 2519 fuerit
386 2482 516 2520 Diana.

195 2533 292 2574 κατοέ
326 2534 420 2584 τούς
450 2534 597 2586 αὐτούς
627 2536 795 2587 τούτους

142 2585 384 2641 ἀνθρώπους
404 2595 689 2647 πορευομένας]
703 2598 797 2634 Sen-

143 2660 202 2683 sus
232 2654 309 2695 cst,
345 2650 409 2687 has
433 2653 590 2701 virgines
622 2667 689 2703 per
714 2667 795 2690 eos-

144 2703 226 2739 dem
248 2704 410 2743 homines
436 2709 509 2746 sive
540 2709 696 2760 populos
727 2711 795 2748 iter

145 2759 293 2806 secisse,
329 2763 528 2812 eademque
557 2767 664 2814 igitur
685 2768 795 2804 adve-

146 2815 241 2852 nisse
261 2817 338 2863 via,
368 2820 440 2867 qua
461 2821 534 2857 scil.
556 2823 696 2860 venisse
715 2824 797 2872 Hy-

144 2872 326 2921 perochen
345 2879 382 2912 et
400 2873 587 2916 Laodicen
606 2892 716 2931 supra
734 2879 795 2924 IV,

674 487 835 538 ταύτας
881 487 960 543 μέν
1010 502 1094 529 νυν
1137 489 1189 542 τῇ
1228 486 1494 539 Εἰλειθυίῃὸ

844 623 898 662 83
936 625 1178 658 enarraverat.
1230 621 1349 664 Quam
1389 620 1502 657 inter-

844 679 1110 728 pretationem,
1152 678 1255 714 unice
1294 676 1388 714 illam
1423 677 1504 725 qui-

846 735 930 770 dem
950 746 1088 779 veram,
1119 734 1197 770 iure
1227 734 1358 784 probat
1390 732 1504 770 Schu-

845 791 935 826 bart.
956 789 977 826 l.
998 789 1021 826 l.
1051 802 1135 840 pag.
1157 790 1234 836 42,
1273 803 1347 838 quo
1374 790 1505 826 eodem

844 860 879 896 p.
900 846 953 886 50
973 851 1156 893 monente,
1175 846 1287 883 verba
1314 845 1352 892 ἐξ
1370 843 1508 896 ’Τπερ-

845 900 999 953 βορέων
1031 915 1110 939 cum
1151 915 1255 951 seqq.
1289 897 1506 941 (ἐπικέσθαι

846 959 886 1005 ἐς
906 961 1041 1009 Δῆλον
1071 960 1173 1006 iungi
1205 964 1411 1008 nequeunt,
1442 959 1508 996 sed

845 1016 1078 1052 annectenda
1116 1019 1223 1052 crunt
1254 1016 1509 1066 praecedenti-

846 1073 913 1108 bus
942 1072 1061 1108 verbis
1090 1068 1234 1117 ἐούσας
1263 1071 1507 1121 παρθένους,

848 1133 888 1165 ut
912 1128 1073 1176 virgines
1094 1128 1341 1177 intelligantur
1360 1129 1508 1179 Hyper-

847 1185 983 1222 boreae
1002 1185 1077 1221 sive
1096 1198 1138 1222 ex
1150 1185 1402 1235 Hyperboreis
1419 1198 1507 1235 pro-

846 1242 988 1288 sectae,
1027 1247 1066 1277 ut
1087 1253 1197 1291 supra
1215 1241 1279 1288 1V,
1303 1241 1379 1282 34:
1419 1243 1509 1296 τῇσι

849 1295 891 1336 δὲ
913 1296 1154 1347 παρθένοισι
1174 1293 1338 1351 ταύτῃσι
1359 1300 1449 1352 τῇσι
1471 1297 1511 1345 ἐξ

846 1352 1118 1405 Ὑπερβορέων
1143 1351 1447 1408 τελευτησάσῃσι
1467 1354 1510 1394 ἐν

847 1406 982 1464 Δήλῳ.
1072 1411 1162 1448 lnde
1225 1411 1511 1458 distinctionem,

847 1480 957 1516 quam
988 1472 1074 1504 ante
1105 1468 1216 1504 verba
1254 1467 1293 1515 ἐξ
1319 1467 1508 1519 Ὑπερβο-

848 1522 948 1573 ρέων
970 1528 1143 1573 posuerat
1155 1524 1284 1571 Gaisf.,
1315 1537 1385 1574 ego
1404 1529 1508 1575 post-

845 1580 963 1630 posui.

904 1634 958 1674 ἔτι
977 1630 1182 1686 πρότερον]
1213 1635 1271 1673 De
1287 1635 1343 1672 his
1361 1637 1507 1673 vocibus

848 1693 899 1729 sic
922 1693 1052 1729 iunctis
1078 1694 1172 1730 conf.
1194 1692 1358 1730 Boeckh.
1385 1692 1507 1732 Praef.

847 1749 895 1786 ad
929 1749 1067 1785 Simon.
1106 1749 1247 1788 Socrat.
1286 1762 1372 1800 pag.
1409 1749 1507 1785 XVI.

847 1804 1013 1842 Eandem
1077 1805 1297 1843 locutionem
1360 1806 1511 1843 adhibet

848 1861 1073 1908 Pausanias,
1114 1866 1255 1899 mutato
1275 1863 1404 1899 ordine
1423 1863 1512 1899 scri-

849 1918 940 1956 bens
975 1915 1169 1970 πρότερον
1198 1917 1264 1957 ἔτι.
1313 1919 1371 1958 Cf.
1394 1918 1511 1955 Schu-

849 1975 944 2011 bart.
968 1974 990 2014 l.
1011 1975 1034 2011 l.
1062 1988 1148 2026 pag.
1171 1976 1220 2015 51
1249 1988 1326 2024 seq.
1362 1997 1408 2002 —
1438 1975 1510 2011 Pro

851 2031 1058 2081 Λαοδίκης
1098 2036 1172 2069 tres
1213 2032 1321 2072 codd.
1353 2026 1512 2070 Λαοδό-

851 2102 945 2137 κηςς
985 2088 1031 2125 de
1062 2100 1136 2137 qua
1170 2087 1328 2125 lectione
1358 2088 1513 2125 diximus

851 2145 899 2180 ad
921 2143 983 2190 lv,
1008 2146 1073 2184 33.
1279 2145 1287 2153 ²

908 2196 1053 2246 ταύτας
1091 2197 1163 2250 μέν
1204 2215 1280 2238 νυν
1304 2221 1351 2227 -
1379 2195 1514 2238 οἷπικὲ-

853 2255 966 2307 σθαι]
1006 2258 1028 2294 i.
1051 2271 1081 2294 e.
1113 2256 1180 2292 has
1209 2257 1347 2307 quidem
1380 2259 1514 2293 venisse

853 2314 981 2349 tributi
991 2313 1141 2363 serendi
1159 2327 1288 2360 causa,
1320 2314 1410 2363 quod
1433 2313 1512 2349 Lu-

852 2372 953 2406 cinae
968 2384 1034 2419 pro
1060 2374 1239 2406 maturato
1253 2374 1363 2421 partu
1382 2374 1513 2419 pactae

843 2426 1011 2477 fuissent.
1043 2427 1098 2464 Ita
1121 2427 1291 2475 Schwgh.
1322 2427 1390 2463 Est
1410 2440 1511 2474 vero,

851 2484 1001 2533 opinor,
1037 2483 1093 2521 hic
1123 2485 1361 2532 cogitandum
1390 2484 1437 2521 de
1465 2496 1510 2521 ea

853 2539 1018 2590 Ilithyia,
1060 2553 1174 2589 quae,
1215 2544 1254 2576 ut
1273 2539 1381 2590 paulo
1401 2544 1510 2577 antea

851 2597 1027 2644 diximus,
1065 2597 1222 2634 omnium
1249 2597 1431 2646 primitiva
1453 2601 1510 2633 est

852 2657 991 2701 mater,
1021 2667 1041 2691 e
1062 2666 1157 2702 qua,
1189 2657 1228 2690 ut
1247 2666 1267 2690 e
1284 2657 1392 2690 nocte
1410 2654 1510 2703 prin-

853 2710 952 2759 cipe,
996 2710 1033 2747 in
1054 2710 1167 2747 lucem
1197 2709 1366 2760 prodiere
1395 2722 1509 2758 quae-

853 2779 996 2815 cunque
1017 2768 1053 2803 in
1074 2766 1179 2804 terris
1199 2767 1370 2815 omnique
1396 2767 1433 2802 in
1453 2778 1511 2802 re-

852 2835 932 2860 rum
960 2828 1092 2860 natura
1120 2823 1400 2873 conspiciuntur.
1462 2821 1511 2858 Et

854 2892 898 2918 eo
923 2884 1089 2931 spectare
1115 2880 1262 2918 credam
1291 2879 1402 2917 verba
1427 2872 1517 2916 οἷντὶ

1507 342 1679 368 solverent:
1732 350 1782 369 ea-

1507 376 1572 402 dem
1609 380 1709 402 aetate
1754 376 1783 402 in

1507 409 1650 444 Apollinis
1669 414 1697 435 et
1715 409 1783 436 nia-

1524 451 1579 469 nae
1623 443 1766 469 comitatu

1507 477 1622 511 priores
1666 477 1784 503 venisse

1506 512 1606 544 Argen
1633 513 1664 537 et
1685 509 1781 545 Opin:
