1904 3304
414 278 499 318 538
819 276 1289 317 HERODOTI

79 383 208 411 consum
238 383 358 410 circiter

100 425 127 444 a.
146 417 196 443 6⁴8
213 425 336 451 respon-

78 459 161 477 sum:
181 450 277 485 Libya
294 454 356 478 tum

79 484 206 512 Graecis
224 486 338 519 ignota.

417 384 661 443 βασιλεύων
694 384 839 440 Θήρης
877 388 952 441 τῆς
980 383 1140 441 νήσου,
1185 385 1360 430 ἀπίκετο
1390 388 1432 439 ἐς
1462 392 1740 446 Δελφοὺς,9ο

415 458 535 512 ἄγων
563 455 647 499 dm}
678 459 754 511 τῆς
783 454 935 507 πόλιος
966 456 1225 513 ἑκατόμβην·
1258 460 1431 502 εἵποντο
1463 461 1507 503 δέ
1539 463 1581 503 οἷ
1610 463 1682 504 καὶ

414 530 537 573 ἄλλοι
573 531 660 570 τῶν
690 526 948 582 πολιητέων,
991 528 1064 571 καὶ
1094 528 1146 583 δὴ
1177 529 1248 571 καὶ
1279 530 1444 580 Βάττος
1475 531 1497 574 ὁ
1531 535 1682 575 Πολυ-

385 599 623 657 3μ.νήστου,
649 596 731 640 ἐών
752 596 877 652 γένος
897 597 1160 654 Εὐφημίδης
1178 603 1266 642 τῶν
1283 601 1504 644 Μινυέων.
1536 607 1680 657 Χρεω-

413 672 530 730 μένῳ
576 670 621 713 δὲ
661 673 720 728 τῷ
757 671 902 726 Γρίνῳ
945 673 1002 726 τῷ
1030 671 1203 725 βασιλέϊ
1230 672 1319 714 τῶν
1353 675 1556 727 Θηραίων
1584 676 1683 729 περὶ

1746 604 1826 646 347

417 743 580 795 ἄλλων,
627 744 709 797 χρᾷ
750 738 778 796 ἡ
821 742 973 797 Πυθίη
1019 743 1205 794 ,,κτίζειν
1242 742 1289 785 ἐν
1329 742 1474 800 Λιβύῃ
1512 745 1681 789 πόλιν.“
1696 753 1740 788 95

416 937 495 980 {cdv
520 939 635 993 γένος
666 936 913 991 Εὐφημίδης
940 943 1021 980 τῶν

359 996 571 1048 Μινυέων]
611 1000 633 1035 i.
655 1011 686 1035 e.
712 1000 775 1047 qui
795 1011 919 1045 genere
939 999 1021 1035 Ειι-

350 1055 518 1104 phemicla
535 1055 640 1105 fuit,
684 1068 711 1091 s.
731 1067 747 1091 e
766 1058 916 1105 posteris
939 1055 1019 1091 Eu-

353 1111 491 1162 phemi,
521 1114 629 1148 unius
651 1124 667 1147 e
691 1110 842 1161 Minyis.
903 1111 1018 1149 Pleri-

355 1181 429 1216 que
469 1169 576 1205 codd.
616 1163 879 1217 Εὕθυμίόης,
925 1180 1016 1204 unus

354 1223 563 1261 vindobon.
589 1220 856 1275 Εὕθυμήδης.
905 1224 1017 1267 Quod

353 1294 450 1318 nunc
471 1280 578 1329 vulgo
602 1280 735 1328 legitur
758 1277 1017 1330 Εὐφημίδης,

355 1351 376 1374 e
414 1337 588 1387 palmaria
616 1337 722 1373 fluxit
760 1338 1018 1375 emendatione

356 1394 526 1431 Palmerii
558 1392 762 1446 (Exercitt.
798 1407 884 1445 pag.
912 1395 1016 1441 23),

355 1451 526 1487 Simsono
539 1448 694 1501 (chron.
708 1452 756 1487 ad
768 1450 862 1490 Ann.
874 1447 1017 1500 3389),

353 1506 537 1544 Bouherio
572 1507 702 1554 (Diss.
740 1507 881 1544 Herod.
927 1503 1018 1559 12),

352 1562 558 1612 Larchem,
600 1563 755 1601 Miillero
774 1563 1016 1610 (Orchomen.

351 1633 388 1670 p.
410 1618 532 1668 341),
563 1620 717 1668 Thrigio
737 1621 854 1666 (Hist.
880 1620 1014 1668 Cyren.

350 1689 388 1727 p.
412 1678 506 1725 38),
539 1676 639 1721 aliis,
670 1678 836 1726 probata.
882 1676 1016 1713 Fertur

352 1733 450 1770 enim
482 1734 577 1770 inter
611 1733 750 1770 lasonis
794 1733 911 1770 socios
942 1733 1012 1770 Mi-

353 1802 445 1838 nyas
467 1789 696 1840 Euphemus,
736 1794 833 1826 teste
854 1789 1013 1826 Pindaro

353 1845 461 1894 Pyth.
483 1846 544 1893 IV,
566 1846 670 1893 455,
709 1846 768 1882 ubi
797 1846 869 1882 vid.
891 1845 1012 1882 Schol.

351 1902 431 1942 coll.
454 1902 651 1953 Spanhem.
674 1903 722 1939 ad
744 1902 953 1939 Callimach.
975 1903 1013 1938 in

351 1958 471 2009 Apoll,
500 1960 555 1999 75
588 1964 624 1996 ct
650 1959 848 1995 Burmann.
877 1959 914 1994 in
940 1959 1013 1995 Ca-

350 2015 463 2064 talog.
503 2015 704 2064 Argonaut.
743 2028 770 2051 s.
816 2027 848 2051 V.
915 2015 1011 2052 Add.

347 2071 511 2109 Boeckh.
530 2073 578 2108 ad
598 2072 700 2108 Pind.
722 2071 832 2121 Pyth.
852 2071 901 2107 lV
924 2084 1009 2121 pag.

350 2128 445 2170 265.
481 2129 593 2165 Cuius
608 2129 785 2179 Euphemi
803 2140 1010 2177 compressu

347 2186 501 2234 gravida
517 2186 612 2222 facta
623 2184 778 2222 Lemnia
798 2184 918 2234 puella
930 2197 1010 2221 cum

349 2242 449 2279 Batti
483 2243 755 2291 progenitorem
787 2246 894 2291 partu
932 2242 1010 2277 edi-

349 2299 486 2343 disset,
531 2299 606 2335 iure
634 2298 690 2335 hic
717 2298 848 2334 Battus
878 2299 1011 2334 dicitur

348 2354 585 2404 Euphemisla.
668 2354 720 2390 Ac
775 2353 1010 2400 Larcherum‚

347 2411 449 2459 quod
469 2423 595 2448 omnes
610 2409 842 2458 Argonautas
863 2415 1010 2447 vocatos

347 2467 459 2503 fuisse
478 2466 622 2515 Minyas
634 2465 743 2516 [cons.
760 2467 859 2504 citat.
881 2467 928 2503 ad
949 2466 1008 2514 lV,

352 2524 445 2573 150]
468 2524 677 2570 contendit,
706 2523 757 2558 ita
780 2527 817 2559 ut
839 2524 1010 2560 Herodo-

349 2583 407 2616 tus
426 2593 514 2617 voce
541 2582 621 2617 τῶν
642 2577 837 2617 Μινυέων
866 2580 1009 2617 adiecta

349 2649 430 2674 eum
454 2635 661 2687 simpliciter
684 2634 934 2684 Argonautam
954 2636 1009 2673 in·

352 2693 474 2731 dicare
503 2692 677 2738 voluerit,
724 2692 871 2728 missum
899 2693 1009 2729 sacia-

354 2762 457 2795 mus3
486 2749 554 2786 hoc
580 2761 664 2785 vero
687 2752 887 2793 teneamus,
906 2754 1008 2798 post-

352 2805 420 2843 hac
449 2819 596 2856 quoque
625 2805 659 2841 in
681 2804 826 2854 Cyrene
843 2805 1008 2843 floruisse

351 2863 464 2900 videri
483 2863 575 2900 hane
599 2865 745 2911 gentem
759 2889 770 2908 ,
808 2861 836 2897 si
859 2862 1007 2909 quidem

351 2919 473 2970 plures
484 2918 662 2970 Euphemi
685 2918 830 2956 nomine
846 2917 1006 2968 insignes

1078 943 1144 979 viri
1167 942 1214 979 ibi
1245 956 1312 993 per
1338 944 1573 993 insequentes
1600 949 1738 984 aetates

1076 1004 1279 1045 occurrant,
1290 1005 1384 1037 teste
1398 1001 1440 1037 C.
1455 1001 1500 1037 O.
1513 1000 1668 1039 Miillero
1683 1002 1704 1039 Ι.
1714 1002 1737 1040 l.

1132 1055 1341 1109 χρεωμένῳ
1376 1055 1418 1095 δὲ
1450 1059 1506 1111 τῷ
1529 1058 1657 1107 Γρίνω
1684 1080 1733 1087 —

1075 1114 1150 1165 χρᾷ
1171 1111 1199 1161 ἦ
1220 1113 1375 1162 Πυθίη]
1418 1114 1439 1150 i.
1474 1127 1504 1151 e.
1535 1116 1740 1152 sciscitanti

1075 1169 1188 1205 Grino
1214 1191 1269 1196 -—
1297 1170 1477 1206 oraculum
1519 1171 1631 1207 edixit
1658 1171 1737 1221 Py-

1075 1225 1162 1261 thia.
1204 1225 1257 1262 Ut
1273 1226 1369 1262 enim
1387 1227 1534 1264 verbum
1555 1229 1654 1277 χρᾶν
1674 1240 1735 1264 va-

1075 1280 1126 1318 let
1174 1294 1374 1330 responsum
1422 1283 1509 1319 clare
1554 1284 1735 1321 oraculum

1076 1339 1340 1375 sciscitantibus
1370 1336 1430 1389 (cf.
1452 1338 1532 1385 Vll,
1553 1342 1635 1381 220
1654 1340 1734 1380 coll.

1075 1394 1147 1440 IV,
1193 1397 1316 1442 155),
1370 1396 1420 1432 ita
1462 1397 1638 1447 χρῆσθαι
1677 1401 1735 1435 est

1075 1452 1275 1497 sciscitari,
1331 1452 1505 1488 consulere
1553 1453 1734 1491 oraculum

1075 1512 1114 1544 ut
1144 1508 1178 1554 1,
1211 1509 1277 1550 45.
1306 1508 1370 1549 85.
1416 1509 1484 1556 IV,
1518 1509 1607 1550 151.
1641 1510 1732 1551 155.

1076 1564 1168 1605 157-
1193 1567 1271 1605 163
1285 1562 1364 1615 (ubi
1378 1566 1445 1601 vid.
1460 1566 1584 1613 nott).
1607 1566 1653 1611 V,
1667 1568 1732 1607 82.

1130 1621 1273 1666 κτίζειν
1314 1620 1356 1659 ἐν
1401 1617 1540 1674 Λιβύῃ
1587 1617 1730 1673 πόλιν]

1072 1676 1226 1726 Libyam
1245 1678 1289 1713 ab
1308 1676 1475 1727 Apolline
1492 1682 1731 1716 monstratam

1072 1733 1184 1770 fuisse
1235 1733 1332 1769 haud
1381 1734 1590 1771 mirabimur
1608 1765 1620 1780 ‚
1678 1736 1731 1772 ait.

1071 1790 1211 1837 Thrige
1233 1789 1290 1826 l.1.
1310 1803 1397 1839 pag.
1418 1790 1484 1836 51,
1517 1791 1546 1826 si
1567 1790 1658 1828 hanc
1673 1804 1732 1828 re-

1070 1847 1216 1894 gionem
1248 1847 1294 1882 ob
1326 1847 1490 1883 eximiam
1526 1847 1729 1884 ubertatem

1069 1903 1139 1938 iam
1158 1903 1203 1939 ab
1226 1902 1387 1939 Homero
1408 1903 1501 1949 (Od.
1521 1902 1584 1949 1V,
1606 1904 1658 1945 85
1672 1925 1727 1930 —

1070 1960 1143 2004 89)
1173 1958 1358 1995 laudatam
1383 1972 1451 1996 nec
1468 1959 1619 1996 Graecis
1646 1959 1730 1997 reli-

1069 2016 1148 2063 quis
1176 2015 1275 2052 Batti
1300 2020 1464 2065 tempore
1491 2015 1599 2065 plane
1628 2017 1728 2053 inco-

1068 2072 1205 2120 gnitam
1238 2072 1351 2109 fuisse
1374 2077 1595 2122 reputemus,
1654 2072 1728 2116 Qui

1068 2129 1163 2165 idem
1198 2140 1282 2178 pag.
1316 2127 1396 2168 104
1428 2141 1531 2178 seqq.
1565 2133 1726 2167 veterum

1067 2185 1279 2234 scriptorum
1301 2186 1506 2221 testimonia
1527 2184 1727 2234 laudesque

1067 2242 1114 2278 de
1142 2241 1207 2278 hac
1236 2241 1385 2288 regione
1411 2241 1578 2289 collegit,
1616 2254 1724 2289 quam

1066 2298 1355 2335 amoenissimam
1375 2302 1485 2346 atque
1509 2298 1545 2333 in
1567 2297 1725 2345 regioni-

1066 2354 1134 2390 bus
1176 2354 1384 2402 caeteroqui
1423 2354 1576 2390 desertis
1613 2359 1723 2401 atque

1069 2411 1180 2447 aridis
1202 2410 1455 2447 fertilissimam
1478 2410 1525 2445 ob
1546 2421 1722 2457 aquarum

1067 2468 1206 2517 copiam
1255 2467 1421 2514 aerisque
1474 2464 1720 2503 salubritatem

1066 2528 1206 2560 veteres
1236 2523 1487 2566 dilaudarunt3
1527 2522 1637 2570 inque
1666 2522 1721 2558 his

1064 2580 1260 2630 praecipue
1269 2577 1447 2614 Pindarus
1458 2590 1499 2614 ac
1508 2577 1720 2627 Theophra-

1065 2640 1164 2681 stus,
1201 2641 1239 2672 ut
1267 2646 1353 2670 sane
1383 2633 1627 2682 intelligamus
1658 2646 1721 2671 cur

1067 2705 1111 2729 eo
1139 2690 1366 2742 potissimum
1388 2690 1604 2727 deduxerint
1622 2689 1719 2727 colo-

1065 2748 1161 2785 niam
1202 2746 1257 2784 vel
1295 2746 1417 2797 potius
1460 2747 1593 2784 ducere
1631 2747 1718 2783 iussi

1065 2805 1137 2841 sint
1169 2804 1215 2840 ab
1245 2802 1423 2853 Apolline.
1488 2802 1569 2841 Nec
1601 2803 1719 2851 magis

1064 2860 1270 2898 mirabimur
1295 2858 1449 2909 Libyam
1485 2859 1532 2897 ab
1572 2858 1718 2896 oraculo

1062 2916 1263 2968 praedicari
1281 2912 1534 2968 πολυήρατον
1551 2914 1612 2962 lV,
1626 2915 1716 2955 159.
