<?xml version="1.0" encoding="UTF-8"?>
<!DOCTYPE html PUBLIC "-//W3C//DTD XHTML 1.0 Transitional//EN"
    "http://www.w3.org/TR/xhtml1/DTD/xhtml1-transitional.dtd">
<html xmlns="http://www.w3.org/1999/xhtml" xml:lang="en" lang="en">
 <head>
  <title>
</title>
<meta http-equiv="Content-Type" content="text/html;charset=utf-8" />
  <meta name='ocr-system' content='tesseract 3.04.00' />
  <meta name='ocr-capabilities' content='ocr_page ocr_carea ocr_par ocr_line ocrx_word'/>
</head>
<body>
  <div class='ocr_page' id='page_1' title='image "./musaeherodoto02hero/musaeherodoto02hero_0368.png"; bbox 0 0 1904 3304; ppageno 0'>
   <div class='ocr_carea' id='block_1_1' title="bbox 80 327 357 556">
    <p class='ocr_par' dir='ltr' id='par_1_1' title="bbox 80 327 357 556">
     <span class='ocr_line' id='line_1_1' title="bbox 81 327 355 360; baseline 0.015 -8"><span class='ocrx_word' id='word_1_1' title='bbox 81 327 139 360; x_wconf 64' lang='grc' dir='ltr'><em>Ιηα</em></span> <span class='ocrx_word' id='word_1_2' title='bbox 156 330 187 354; x_wconf 85' lang='lat' dir='ltr'><em>et</em></span> <span class='ocrx_word' id='word_1_3' title='bbox 205 328 294 355; x_wconf 77' lang='lat' dir='ltr'><em>Asia.</em></span> <span class='ocrx_word' id='word_1_4' title='bbox 313 327 355 356; x_wconf 84' lang='lat' dir='ltr'><em>la-</em></span> 
     </span>
     <span class='ocr_line' id='line_1_2' title="bbox 80 359 355 396; baseline 0.011 -10"><span class='ocrx_word' id='word_1_5' title='bbox 80 361 126 386; x_wconf 78' lang='lat' dir='ltr'><em>tin</em></span> <span class='ocrx_word' id='word_1_6' title='bbox 127 359 166 387; x_wconf 75' lang='lat' dir='ltr'><em>nid</em></span> <span class='ocrx_word' id='word_1_7' title='bbox 158 369 235 387; x_wconf 73' lang='grc' dir='ltr'>ιιιιοιι</span> <span class='ocrx_word' id='word_1_8' title='bbox 262 370 355 396; x_wconf 81' lang='lat' dir='ltr'><em>quau-</em></span> 
     </span>
     <span class='ocr_line' id='line_1_3' title="bbox 80 393 357 436; baseline 0.011 -17"><span class='ocrx_word' id='word_1_9' title='bbox 80 397 121 420; x_wconf 74' lang='lat' dir='ltr'><em>tan</em></span> <span class='ocrx_word' id='word_1_10' title='bbox 123 402 144 433; x_wconf 87' lang='lat'><em>¹¹.</em></span> <span class='ocrx_word' id='word_1_11' title='bbox 160 393 289 436; x_wconf 67' lang='lat' dir='ltr'><em>habeat,</em></span> <span class='ocrx_word' id='word_1_12' title='bbox 320 403 357 422; x_wconf 87' lang='lat' dir='ltr'><em>ne</em></span> 
     </span>
     <span class='ocr_line' id='line_1_4' title="bbox 90 415 357 503; baseline 0.015 -17.108"><span class='ocrx_word' id='word_1_13' title='bbox 90 427 193 488; x_wconf 53' lang='lat'><em>3:315&amp;</em></span> <span class='ocrx_word' id='word_1_14' title='bbox 197 415 357 503; x_wconf 48' lang='grc' dir='ltr'>ἰᾳιὶἳέηιω</span> 
     </span>
     <span class='ocr_line' id='line_1_5' title="bbox 80 494 357 556; baseline 0.008 -35"><span class='ocrx_word' id='word_1_15' title='bbox 80 494 166 554; x_wconf 61' lang='lat' dir='ltr'><em>peimi</em></span> <span class='ocrx_word' id='word_1_16' title='bbox 170 497 357 556; x_wconf 51' lang='lat' dir='ltr'><em>ilmhocircum-</em></span> 
     </span>
    </p>
   </div>
   <div class='ocr_carea' id='block_1_2' title="bbox 413 222 498 262">
    <p class='ocr_par' dir='ltr' id='par_1_2' title="bbox 413 222 498 262">
     <span class='ocr_line' id='line_1_6' title="bbox 413 222 498 262; baseline 0 0"><span class='ocrx_word' id='word_1_17' title='bbox 413 222 498 262; x_wconf 77' lang='lat'><em>360</em></span> 
     </span>
    </p>
   </div>
   <div class='ocr_carea' id='block_1_3' title="bbox 812 222 1285 263">
    <p class='ocr_par' dir='ltr' id='par_1_3' title="bbox 812 222 1285 263">
     <span class='ocr_line' id='line_1_7' title="bbox 812 222 1285 263; baseline 0.008 -4"><span class='ocrx_word' id='word_1_18' title='bbox 812 222 1285 263; x_wconf 86' lang='lat' dir='ltr'><strong>HERODOTI</strong></span> 
     </span>
    </p>
   </div>
   <div class='ocr_carea' id='block_1_4' title="bbox 388 328 1684 462">
    <p class='ocr_par' dir='ltr' id='par_1_4' title="bbox 388 328 1684 462">
     <span class='ocr_line' id='line_1_8' title="bbox 414 328 1684 392; baseline 0.007 -21"><span class='ocrx_word' id='word_1_19' title='bbox 414 328 526 386; x_wconf 87' lang='grc' dir='ltr'><strong><em>βύην</em></strong></span> <span class='ocrx_word' id='word_1_20' title='bbox 563 346 607 373; x_wconf 87' lang='grc' dir='ltr'><em>τε</em></span> <span class='ocrx_word' id='word_1_21' title='bbox 647 331 719 373; x_wconf 83' lang='grc' dir='ltr'><em>καὶ</em></span> <span class='ocrx_word' id='word_1_22' title='bbox 746 328 890 386; x_wconf 82' lang='grc' dir='ltr'><strong><em>Ἀσίην</em></strong></span> <span class='ocrx_word' id='word_1_23' title='bbox 929 333 1002 376; x_wconf 85' lang='grc' dir='ltr'><em>καὶ</em></span> <span class='ocrx_word' id='word_1_24' title='bbox 1037 332 1382 388; x_wconf 83' lang='grc' dir='ltr'><strong><em>Εὐρώπην·οὐ</em></strong></span> <span class='ocrx_word' id='word_1_25' title='bbox 1410 335 1494 391; x_wconf 78' lang='grc' dir='ltr'><em>γάρ</em></span> <span class='ocrx_word' id='word_1_26' title='bbox 1526 335 1684 392; x_wconf 81' lang='grc' dir='ltr'>σμικροὶ</span> 
     </span>
     <span class='ocr_line' id='line_1_9' title="bbox 388 400 1682 462; baseline 0.007 -21"><span class='ocrx_word' id='word_1_27' title='bbox 388 400 473 444; x_wconf 63' lang='lat' dir='ltr'><em>Qvo}</em></span> <span class='ocrx_word' id='word_1_28' title='bbox 504 401 774 457; x_wconf 80' lang='grc' dir='ltr'>διαφέροντα</span> <span class='ocrx_word' id='word_1_29' title='bbox 812 401 981 446; x_wconf 81' lang='grc' dir='ltr'><strong><em>αὐτέων</em></strong></span> <span class='ocrx_word' id='word_1_30' title='bbox 1018 403 1117 447; x_wconf 81' lang='grc' dir='ltr'>ἐστί.</span> <span class='ocrx_word' id='word_1_31' title='bbox 1176 403 1304 460; x_wconf 68' lang='grc' dir='ltr'>μήκει</span> <span class='ocrx_word' id='word_1_32' title='bbox 1341 406 1420 461; x_wconf 80' lang='grc' dir='ltr'><em>μὲν</em></span> <span class='ocrx_word' id='word_1_33' title='bbox 1457 405 1541 462; x_wconf 78' lang='grc' dir='ltr'><em>γὰρ</em></span> <span class='ocrx_word' id='word_1_34' title='bbox 1576 404 1682 461; x_wconf 83' lang='grc' dir='ltr'><em>παρ’</em></span> 
     </span>
    </p>
   </div>
   <div class='ocr_carea' id='block_1_5' title="bbox 414 469 1235 532">
    <p class='ocr_par' dir='ltr' id='par_1_5' title="bbox 414 469 1235 532">
     <span class='ocr_line' id='line_1_10' title="bbox 414 469 1235 532; baseline 0.005 -18"><span class='ocrx_word' id='word_1_35' title='bbox 414 469 664 527; x_wconf 79' lang='grc' dir='ltr'><strong><em>ἀμφοτέρας</em></strong></span> <span class='ocrx_word' id='word_1_36' title='bbox 710 471 896 529; x_wconf 81' lang='grc' dir='ltr'>παρήκει</span> <span class='ocrx_word' id='word_1_37' title='bbox 940 473 967 530; x_wconf 81' lang='grc' dir='ltr'><em>ἡ</em></span> <span class='ocrx_word' id='word_1_38' title='bbox 1014 472 1235 532; x_wconf 72' lang='grc' dir='ltr'><strong><em>Εὐρώπη·</em></strong></span> 
     </span>
    </p>
   </div>
   <div class='ocr_carea' id='block_1_6' title="bbox 80 538 1476 631">
    <p class='ocr_par' dir='ltr' id='par_1_6' title="bbox 80 538 1476 631">
     <span class='ocr_line' id='line_1_11' title="bbox 80 538 1476 631; baseline 0.006 -49"><span class='ocrx_word' id='word_1_39' title='bbox 80 561 237 631; x_wconf 47' lang='grc' dir='ltr'><em>ῗῖῃΐςήε</em></span> <span class='ocrx_word' id='word_1_40' title='bbox 243 538 358 596; x_wconf 48' lang='lat' dir='ltr'><em>cmliii}</em></span> <span class='ocrx_word' id='word_1_41' title='bbox 387 539 524 585; x_wconf 73' lang='grc' dir='ltr'><em>ὃούδὲ</em></span> <span class='ocrx_word' id='word_1_42' title='bbox 562 542 821 598; x_wconf 82' lang='grc' dir='ltr'>συμβαλέειν</span> <span class='ocrx_word' id='word_1_43' title='bbox 861 543 957 630; x_wconf 80' lang='grc' dir='ltr'><strong><em>ἀξίη</em></strong></span> <span class='ocrx_word' id='word_1_44' title='bbox 995 545 1198 601; x_wconf 64' lang='grc' dir='ltr'><em>φαίνεὲαί</em></span> <span class='ocrx_word' id='word_1_45' title='bbox 1235 563 1312 602; x_wconf 85' lang='grc' dir='ltr'><em>μοι</em></span> <span class='ocrx_word' id='word_1_46' title='bbox 1352 545 1476 590; x_wconf 82' lang='grc' dir='ltr'>εἶναι.</span> 
     </span>
     <span class='ocr_line' id='line_1_12' title="bbox 161 605 176 623; baseline 0 0"><span class='ocrx_word' id='word_1_47' title='bbox 161 605 176 623; x_wconf 75' lang='lat' dir='ltr'><em>:J</em></span> 
     </span>
    </p>
   </div>
   <div class='ocr_carea' id='block_1_7' title="bbox 1299 475 1739 605">
    <p class='ocr_par' dir='ltr' id='par_1_7' title="bbox 1299 475 1739 605">
     <span class='ocr_line' id='line_1_13' title="bbox 1299 475 1685 532; baseline 0.003 -13"><span class='ocrx_word' id='word_1_48' title='bbox 1299 475 1447 530; x_wconf 79' lang='grc' dir='ltr'>εὔρεος</span> <span class='ocrx_word' id='word_1_49' title='bbox 1489 477 1536 521; x_wconf 83' lang='grc' dir='ltr'><em>δὲ</em></span> <span class='ocrx_word' id='word_1_50' title='bbox 1573 476 1685 532; x_wconf 79' lang='grc' dir='ltr'>πέρι,</span> 
     </span>
     <span class='ocr_line' id='line_1_14' title="bbox 1536 546 1739 605; baseline -0.015 -14"><span class='ocrx_word' id='word_1_51' title='bbox 1536 546 1739 605; x_wconf 82' lang='grc' dir='ltr'>Λιβύη75</span> 
     </span>
    </p>
   </div>
   <div class='ocr_carea' id='block_1_8' title="bbox 415 613 1684 675">
    <p class='ocr_par' dir='ltr' id='par_1_8' title="bbox 415 613 1684 675">
     <span class='ocr_line' id='line_1_15' title="bbox 415 613 1684 675; baseline 0.006 -20"><span class='ocrx_word' id='word_1_52' title='bbox 415 614 495 667; x_wconf 80' lang='grc' dir='ltr'><em>μὲν</em></span> <span class='ocrx_word' id='word_1_53' title='bbox 531 613 616 668; x_wconf 77' lang='grc' dir='ltr'><em>γαρ</em></span> <span class='ocrx_word' id='word_1_54' title='bbox 656 616 784 671; x_wconf 86' lang='grc' dir='ltr'><strong><em>δηλοῖ</em></strong></span> <span class='ocrx_word' id='word_1_55' title='bbox 820 615 1013 674; x_wconf 76' lang='grc' dir='ltr'><em>ἑωυτὴν,</em></span> <span class='ocrx_word' id='word_1_56' title='bbox 1063 616 1197 661; x_wconf 78' lang='grc' dir='ltr'>ἐοῦσα</span> <span class='ocrx_word' id='word_1_57' title='bbox 1237 617 1521 673; x_wconf 77' lang='grc' dir='ltr'><em>περίῤῥυτος,</em></span> <span class='ocrx_word' id='word_1_58' title='bbox 1570 619 1684 675; x_wconf 81' lang='grc' dir='ltr'><strong><em>πλὴν</em></strong></span> 
     </span>
    </p>
   </div>
   <div class='ocr_carea' id='block_1_9' title="bbox 416 682 1376 744">
    <p class='ocr_par' dir='ltr' id='par_1_9' title="bbox 416 682 1376 744">
     <span class='ocr_line' id='line_1_16' title="bbox 416 682 1376 744; baseline 0.004 -17"><span class='ocrx_word' id='word_1_59' title='bbox 416 683 525 728; x_wconf 83' lang='grc' dir='ltr'>ὅσον</span> <span class='ocrx_word' id='word_1_60' title='bbox 565 682 703 740; x_wconf 74' lang='grc' dir='ltr'>αὐτῆς</span> <span class='ocrx_word' id='word_1_61' title='bbox 739 686 853 741; x_wconf 80' lang='grc' dir='ltr'><em>πρός</em></span> <span class='ocrx_word' id='word_1_62' title='bbox 893 687 976 744; x_wconf 78' lang='grc' dir='ltr'><em>τήν</em></span> <span class='ocrx_word' id='word_1_63' title='bbox 1015 685 1156 744; x_wconf 83' lang='grc' dir='ltr'><strong><em>Ἀσίην</em></strong></span> <span class='ocrx_word' id='word_1_64' title='bbox 1196 685 1376 744; x_wconf 78' lang='grc' dir='ltr'>οὐρίζει·</span> 
     </span>
    </p>
   </div>
   <div class='ocr_carea' id='block_1_10' title="bbox 489 774 635 778">
    <p class='ocr_par' dir='ltr' id='par_1_10' title="bbox 489 774 635 778">
     <span class='ocr_line' id='line_1_17' title="bbox 489 774 635 778; baseline 0 0"><span class='ocrx_word' id='word_1_65' title='bbox 489 774 635 778; x_wconf 95' lang='lat' dir='ltr'><em> </em></span> 
     </span>
    </p>
   </div>
   <div class='ocr_carea' id='block_1_11' title="bbox 357 829 1024 1105">
    <p class='ocr_par' dir='ltr' id='par_1_11' title="bbox 357 829 1024 1105">
     <span class='ocr_line' id='line_1_18' title="bbox 357 829 1022 878; baseline 0.008 -13"><span class='ocrx_word' id='word_1_66' title='bbox 357 841 508 878; x_wconf 88' lang='lat' dir='ltr'><em>ropam,</em></span> <span class='ocrx_word' id='word_1_67' title='bbox 545 829 735 878; x_wconf 85' lang='lat' dir='ltr'>dividant,</span> <span class='ocrx_word' id='word_1_68' title='bbox 765 844 845 869; x_wconf 90' lang='lat' dir='ltr'><em>cum</em></span> <span class='ocrx_word' id='word_1_69' title='bbox 873 832 1022 870; x_wconf 87' lang='lat' dir='ltr'><em>minime</em></span> 
     </span>
     <span class='ocr_line' id='line_1_19' title="bbox 358 885 1023 940; baseline 0.008 -19"><span class='ocrx_word' id='word_1_70' title='bbox 358 885 425 921; x_wconf 88' lang='lat' dir='ltr'><em>sibi</em></span> <span class='ocrx_word' id='word_1_71' title='bbox 454 886 606 923; x_wconf 85' lang='lat' dir='ltr'><em>invicem</em></span> <span class='ocrx_word' id='word_1_72' title='bbox 629 899 737 937; x_wconf 89' lang='lat' dir='ltr'><em>pares</em></span> <span class='ocrx_word' id='word_1_73' title='bbox 758 888 832 925; x_wconf 91' lang='lat' dir='ltr'><em>sint</em></span> <span class='ocrx_word' id='word_1_74' title='bbox 851 888 920 926; x_wconf 91' lang='lat' dir='ltr'><em>hae</em></span> <span class='ocrx_word' id='word_1_75' title='bbox 939 902 1023 940; x_wconf 88' lang='lat' dir='ltr'><em>par-</em></span> 
     </span>
     <span class='ocr_line' id='line_1_20' title="bbox 357 942 1023 992; baseline 0.006 -14"><span class='ocrx_word' id='word_1_76' title='bbox 357 947 438 988; x_wconf 91' lang='lat' dir='ltr'><em>tes,</em></span> <span class='ocrx_word' id='word_1_77' title='bbox 479 942 545 979; x_wconf 92' lang='lat' dir='ltr'><em>sed</em></span> <span class='ocrx_word' id='word_1_78' title='bbox 576 944 829 992; x_wconf 81' lang='lat' dir='ltr'>magnitudine</span> <span class='ocrx_word' id='word_1_79' title='bbox 867 946 1023 982; x_wconf 85' lang='lat' dir='ltr'><em>ambitu-</em></span> 
     </span>
     <span class='ocr_line' id='line_1_21' title="bbox 358 999 1005 1047; baseline 0.006 -14"><span class='ocrx_word' id='word_1_80' title='bbox 358 1011 430 1047; x_wconf 89' lang='lat' dir='ltr'><em>que</em></span> <span class='ocrx_word' id='word_1_81' title='bbox 459 999 656 1036; x_wconf 83' lang='lat' dir='ltr'>admodum</span> <span class='ocrx_word' id='word_1_82' title='bbox 694 1000 878 1038; x_wconf 88' lang='lat' dir='ltr'><em>differant.</em></span> <span class='ocrx_word' id='word_1_83' title='bbox 938 1001 1005 1039; x_wconf 82' lang='lat' dir='ltr'><em>Tri</em></span> 
     </span>
     <span class='ocr_line' id='line_1_22' title="bbox 357 1055 1024 1105; baseline 0.007 -15"><span class='ocrx_word' id='word_1_84' title='bbox 357 1055 531 1105; x_wconf 72' lang='lat' dir='ltr'><em>partitam</em></span> <span class='ocrx_word' id='word_1_85' title='bbox 553 1057 651 1093; x_wconf 90' lang='lat' dir='ltr'><em>orbis</em></span> <span class='ocrx_word' id='word_1_86' title='bbox 673 1060 850 1094; x_wconf 87' lang='lat' dir='ltr'><em>terrarum</em></span> <span class='ocrx_word' id='word_1_87' title='bbox 876 1058 1024 1096; x_wconf 75' lang='lat' dir='ltr'><em>divisio-</em></span> 
     </span>
    </p>
   </div>
   <div class='ocr_carea' id='block_1_12' title="bbox 357 1113 1020 1215">
    <p class='ocr_par' dir='ltr' id='par_1_12' title="bbox 357 1113 1020 1215">
     <span class='ocr_line' id='line_1_23' title="bbox 357 1113 1020 1163; baseline 0.009 -17"><span class='ocrx_word' id='word_1_88' title='bbox 357 1123 442 1147; x_wconf 83' lang='lat' dir='ltr'><em>nem</em></span> <span class='ocrx_word' id='word_1_89' title='bbox 487 1113 658 1159; x_wconf 85' lang='lat' dir='ltr'><em>agnoscit</em></span> <span class='ocrx_word' id='word_1_90' title='bbox 691 1126 839 1163; x_wconf 91' lang='lat' dir='ltr'><em>quoque</em></span> <span class='ocrx_word' id='word_1_91' title='bbox 873 1114 1020 1152; x_wconf 86' lang='lat' dir='ltr'><em>Pindar.</em></span> 
     </span>
     <span class='ocr_line' id='line_1_24' title="bbox 358 1166 618 1215; baseline 0.016 -12"><span class='ocrx_word' id='word_1_92' title='bbox 358 1166 466 1215; x_wconf 77' lang='lat' dir='ltr'><em>Pyth.</em></span> <span class='ocrx_word' id='word_1_93' title='bbox 491 1168 554 1215; x_wconf 91' lang='grc' dir='ltr'><em>ΙΧ,</em></span> <span class='ocrx_word' id='word_1_94' title='bbox 580 1169 618 1207; x_wconf 87' lang='grc'><em>8.</em></span> 
     </span>
    </p>
   </div>
   <div class='ocr_carea' id='block_1_13' title="bbox 1437 689 1686 733">
    <p class='ocr_par' dir='ltr' id='par_1_13' title="bbox 1437 689 1686 733">
     <span class='ocr_line' id='line_1_25' title="bbox 1437 689 1686 733; baseline 0.004 -1"><span class='ocrx_word' id='word_1_95' title='bbox 1437 689 1568 733; x_wconf 76' lang='grc' dir='ltr'><em>Νεκῶ</em></span> <span class='ocrx_word' id='word_1_96' title='bbox 1606 693 1686 733; x_wconf 85' lang='grc' dir='ltr'><em>τοῦ</em></span> 
     </span>
    </p>
   </div>
   <div class='ocr_carea' id='block_1_14' title="bbox 1076 825 1744 1221">
    <p class='ocr_par' dir='ltr' id='par_1_14' title="bbox 1076 825 1744 1221">
     <span class='ocr_line' id='line_1_26' title="bbox 1138 825 1743 884; baseline -0.002 -13"><span class='ocrx_word' id='word_1_97' title='bbox 1138 828 1273 883; x_wconf 77' lang='grc' dir='ltr'>εὔρεος</span> <span class='ocrx_word' id='word_1_98' title='bbox 1302 829 1343 871; x_wconf 76' lang='grc' dir='ltr'><em>δὲ</em></span> <span class='ocrx_word' id='word_1_99' title='bbox 1367 830 1479 884; x_wconf 79' lang='grc' dir='ltr'>πέρι,</span> <span class='ocrx_word' id='word_1_100' title='bbox 1525 825 1620 871; x_wconf 79' lang='grc' dir='ltr'>ου’δὲ</span> <span class='ocrx_word' id='word_1_101' title='bbox 1645 843 1743 882; x_wconf 89' lang='grc' dir='ltr'>συμ-</span> 
     </span>
     <span class='ocr_line' id='line_1_27' title="bbox 1080 884 1743 940; baseline 0 -14"><span class='ocrx_word' id='word_1_102' title='bbox 1080 887 1236 940; x_wconf 80' lang='grc' dir='ltr'>βαλέειν</span> <span class='ocrx_word' id='word_1_103' title='bbox 1291 884 1383 939; x_wconf 69' lang='grc' dir='ltr'><em>ιῖξίη</em></span> <span class='ocrx_word' id='word_1_104' title='bbox 1437 888 1622 937; x_wconf 83' lang='grc' dir='ltr'><em>φαίνεταί</em></span> <span class='ocrx_word' id='word_1_105' title='bbox 1675 902 1743 938; x_wconf 86' lang='grc' dir='ltr'><em>μοι</em></span> 
     </span>
     <span class='ocr_line' id='line_1_28' title="bbox 1081 941 1744 995; baseline -0.003 -11"><span class='ocrx_word' id='word_1_106' title='bbox 1081 941 1208 995; x_wconf 78' lang='grc' dir='ltr'>εἶναι]</span> <span class='ocrx_word' id='word_1_107' title='bbox 1259 945 1280 982; x_wconf 87' lang='lat' dir='ltr'><em>i.</em></span> <span class='ocrx_word' id='word_1_108' title='bbox 1312 959 1342 983; x_wconf 90' lang='lat' dir='ltr'><em>e.</em></span> <span class='ocrx_word' id='word_1_109' title='bbox 1377 946 1469 995; x_wconf 83' lang='lat' dir='ltr'><em>quod</em></span> <span class='ocrx_word' id='word_1_110' title='bbox 1498 945 1548 981; x_wconf 81' lang='lat' dir='ltr'><em>ad</em></span> <span class='ocrx_word' id='word_1_111' title='bbox 1578 944 1744 982; x_wconf 79' lang='lat' dir='ltr'><em>latitudi-</em></span> 
     </span>
     <span class='ocr_line' id='line_1_29' title="bbox 1079 1001 1744 1052; baseline 0 -14"><span class='ocrx_word' id='word_1_112' title='bbox 1079 1015 1156 1039; x_wconf 82' lang='lat' dir='ltr'><em>nem</em></span> <span class='ocrx_word' id='word_1_113' title='bbox 1177 1001 1349 1052; x_wconf 77' lang='lat' dir='ltr'><em>Europae</em></span> <span class='ocrx_word' id='word_1_114' title='bbox 1370 1004 1522 1049; x_wconf 76' lang='lat' dir='ltr'><em>attinet,</em></span> <span class='ocrx_word' id='word_1_115' title='bbox 1562 1002 1656 1038; x_wconf 79' lang='lat' dir='ltr'><em>hanc</em></span> <span class='ocrx_word' id='word_1_116' title='bbox 1673 1005 1744 1038; x_wconf 84' lang='lat' dir='ltr'><em>ter-</em></span> 
     </span>
     <span class='ocr_line' id='line_1_30' title="bbox 1079 1058 1744 1108; baseline -0.002 -12"><span class='ocrx_word' id='word_1_117' title='bbox 1079 1072 1142 1096; x_wconf 79' lang='lat' dir='ltr'><em>rae</em></span> <span class='ocrx_word' id='word_1_118' title='bbox 1175 1062 1315 1108; x_wconf 79' lang='lat' dir='ltr'><em>partem</em></span> <span class='ocrx_word' id='word_1_119' title='bbox 1351 1072 1392 1095; x_wconf 87' lang='lat' dir='ltr'><em>ne</em></span> <span class='ocrx_word' id='word_1_120' title='bbox 1426 1059 1576 1107; x_wconf 77' lang='lat' dir='ltr'><em>dignam</em></span> <span class='ocrx_word' id='word_1_121' title='bbox 1606 1058 1744 1107; x_wconf 76' lang='lat' dir='ltr'><em>quidem</em></span> 
     </span>
     <span class='ocr_line' id='line_1_31' title="bbox 1080 1115 1744 1165; baseline -0.002 -13"><span class='ocrx_word' id='word_1_122' title='bbox 1080 1115 1219 1161; x_wconf 76' lang='lat' dir='ltr'><em>iudico,</em></span> <span class='ocrx_word' id='word_1_123' title='bbox 1259 1128 1348 1165; x_wconf 81' lang='lat' dir='ltr'><em>quae</em></span> <span class='ocrx_word' id='word_1_124' title='bbox 1368 1128 1444 1152; x_wconf 86' lang='lat' dir='ltr'><em>cum</em></span> <span class='ocrx_word' id='word_1_125' title='bbox 1465 1115 1611 1165; x_wconf 77' lang='lat' dir='ltr'><em>relzquis</em></span> <span class='ocrx_word' id='word_1_126' title='bbox 1631 1118 1744 1151; x_wconf 81' lang='lat' dir='ltr'><em>terrae</em></span> 
     </span>
     <span class='ocr_line' id='line_1_32' title="bbox 1076 1171 1743 1221; baseline 0.002 -14"><span class='ocrx_word' id='word_1_127' title='bbox 1076 1172 1243 1221; x_wconf 82' lang='lat' dir='ltr'><em>partzbus</em></span> <span class='ocrx_word' id='word_1_128' title='bbox 1264 1171 1371 1220; x_wconf 89' lang='lat' dir='ltr'><em>(Asia</em></span> <span class='ocrx_word' id='word_1_129' title='bbox 1392 1185 1440 1209; x_wconf 89' lang='lat' dir='ltr'><em>sc.</em></span> <span class='ocrx_word' id='word_1_130' title='bbox 1457 1176 1493 1209; x_wconf 90' lang='lat' dir='ltr'><em>et</em></span> <span class='ocrx_word' id='word_1_131' title='bbox 1506 1171 1645 1219; x_wconf 86' lang='lat' dir='ltr'><em>Africa)</em></span> <span class='ocrx_word' id='word_1_132' title='bbox 1665 1184 1743 1208; x_wconf 80' lang='lat' dir='ltr'><em>con-</em></span> 
     </span>
    </p>
   </div>
   <div class='ocr_carea' id='block_1_15' title="bbox 419 1218 1743 1278">
    <p class='ocr_par' dir='ltr' id='par_1_15' title="bbox 419 1218 1743 1278">
     <span class='ocr_line' id='line_1_33' title="bbox 419 1218 1743 1278; baseline 0.001 -16"><span class='ocrx_word' id='word_1_133' title='bbox 419 1218 542 1274; x_wconf 80' lang='grc' dir='ltr'>μήκεϊ</span> <span class='ocrx_word' id='word_1_134' title='bbox 563 1221 636 1273; x_wconf 80' lang='grc' dir='ltr'><em>μὲν</em></span> <span class='ocrx_word' id='word_1_135' title='bbox 657 1239 734 1276; x_wconf 76' lang='grc' dir='ltr'><em>γαρ</em></span> <span class='ocrx_word' id='word_1_136' title='bbox 755 1220 858 1275; x_wconf 82' lang='grc' dir='ltr'><em>παρ’</em></span> <span class='ocrx_word' id='word_1_137' title='bbox 888 1220 1022 1275; x_wconf 80' lang='grc' dir='ltr'>οἷμφο-</span> <span class='ocrx_word' id='word_1_138' title='bbox 1072 1227 1242 1277; x_wconf 80' lang='lat' dir='ltr'><em>feratur,</em></span> <span class='ocrx_word' id='word_1_139' title='bbox 1273 1230 1399 1278; x_wconf 82' lang='lat' dir='ltr'><em>quippe</em></span> <span class='ocrx_word' id='word_1_140' title='bbox 1416 1227 1525 1265; x_wconf 85' lang='lat' dir='ltr'><em>multo</em></span> <span class='ocrx_word' id='word_1_141' title='bbox 1541 1228 1743 1264; x_wconf 69' lang='lat' dir='ltr'><em>minoribus.</em></span> 
     </span>
    </p>
   </div>
   <div class='ocr_carea' id='block_1_16' title="bbox 356 1275 1023 2895">
    <p class='ocr_par' dir='ltr' id='par_1_16' title="bbox 356 1275 1023 2895">
     <span class='ocr_line' id='line_1_34' title="bbox 359 1275 1020 1348; baseline 0.008 -32"><span class='ocrx_word' id='word_1_142' title='bbox 359 1276 474 1330; x_wconf 78' lang='grc' dir='ltr'>τέρας</span> <span class='ocrx_word' id='word_1_143' title='bbox 522 1275 695 1348; x_wconf 55' lang='grc' dir='ltr'>παοΗήκει</span> <span class='ocrx_word' id='word_1_144' title='bbox 739 1297 764 1332; x_wconf 86' lang='grc' dir='ltr'><strong><em>η</em></strong></span> <span class='ocrx_word' id='word_1_145' title='bbox 810 1276 1020 1334; x_wconf 69' lang='grc' dir='ltr'><strong><em>Εὐρώπη]</em></strong></span> 
     </span>
     <span class='ocr_line' id='line_1_35' title="bbox 360 1332 1021 1389; baseline 0.006 -18"><span class='ocrx_word' id='word_1_146' title='bbox 360 1335 482 1373; x_wconf 83' lang='lat' dir='ltr'><em>verba</em></span> <span class='ocrx_word' id='word_1_147' title='bbox 509 1332 609 1389; x_wconf 82' lang='grc' dir='ltr'><em>παρ’</em></span> <span class='ocrx_word' id='word_1_148' title='bbox 640 1332 869 1388; x_wconf 63' lang='grc' dir='ltr'>ἀμφοτέρας</span> <span class='ocrx_word' id='word_1_149' title='bbox 903 1339 1021 1376; x_wconf 90' lang='lat' dir='ltr'><em>minus</em></span> 
     </span>
     <span class='ocr_line' id='line_1_36' title="bbox 359 1394 1022 1446; baseline 0.006 -18"><span class='ocrx_word' id='word_1_150' title='bbox 359 1396 527 1430; x_wconf 87' lang='lat' dir='ltr'><em>accurate</em></span> <span class='ocrx_word' id='word_1_151' title='bbox 543 1394 705 1431; x_wconf 80' lang='lat' dir='ltr'>reddidit</span> <span class='ocrx_word' id='word_1_152' title='bbox 722 1395 889 1443; x_wconf 88' lang='lat' dir='ltr'><em>Breiger.</em></span> <span class='ocrx_word' id='word_1_153' title='bbox 908 1394 963 1433; x_wconf 91' lang='lat' dir='ltr'><em>1.l.</em></span> <span class='ocrx_word' id='word_1_154' title='bbox 984 1408 1022 1446; x_wconf 89' lang='lat' dir='ltr'><em>p.</em></span> 
     </span>
     <span class='ocr_line' id='line_1_37' title="bbox 359 1450 1022 1502; baseline 0.006 -18"><span class='ocrx_word' id='word_1_155' title='bbox 359 1450 437 1495; x_wconf 89' lang='lat'><em>76,</em></span> <span class='ocrx_word' id='word_1_156' title='bbox 483 1462 588 1500; x_wconf 84' lang='lat' dir='ltr'><em>super</em></span> <span class='ocrx_word' id='word_1_157' title='bbox 624 1463 754 1488; x_wconf 87' lang='lat' dir='ltr'><em>omnem</em></span> <span class='ocrx_word' id='word_1_158' title='bbox 784 1450 942 1502; x_wconf 75' lang='lat' dir='ltr'><em>Lzbyam</em></span> <span class='ocrx_word' id='word_1_159' title='bbox 980 1464 1022 1488; x_wconf 88' lang='lat' dir='ltr'><em>ac</em></span> 
     </span>
     <span class='ocr_line' id='line_1_38' title="bbox 358 1505 1022 1557; baseline 0.006 -16"><span class='ocrx_word' id='word_1_160' title='bbox 358 1505 491 1543; x_wconf 79' lang='lat' dir='ltr'><em>Asiam.</em></span> <span class='ocrx_word' id='word_1_161' title='bbox 550 1506 620 1543; x_wconf 87' lang='lat' dir='ltr'><em>Est</em></span> <span class='ocrx_word' id='word_1_162' title='bbox 646 1508 766 1554; x_wconf 88' lang='lat' dir='ltr'><em>enim,</em></span> <span class='ocrx_word' id='word_1_163' title='bbox 808 1508 838 1544; x_wconf 92' lang='lat' dir='ltr'><em>si</em></span> <span class='ocrx_word' id='word_1_164' title='bbox 861 1509 949 1557; x_wconf 87' lang='lat' dir='ltr'><em>quid</em></span> <span class='ocrx_word' id='word_1_165' title='bbox 970 1509 1022 1545; x_wconf 92' lang='lat' dir='ltr'><em>vi-</em></span> 
     </span>
     <span class='ocr_line' id='line_1_39' title="bbox 358 1561 1023 1608; baseline 0.006 -11"><span class='ocrx_word' id='word_1_166' title='bbox 358 1561 450 1608; x_wconf 83' lang='lat' dir='ltr'><em>deo,</em></span> <span class='ocrx_word' id='word_1_167' title='bbox 481 1562 571 1599; x_wconf 87' lang='lat' dir='ltr'><em>haec</em></span> <span class='ocrx_word' id='word_1_168' title='bbox 599 1563 667 1600; x_wconf 89' lang='lat' dir='ltr'><em>loci</em></span> <span class='ocrx_word' id='word_1_169' title='bbox 696 1564 896 1601; x_wconf 83' lang='lat' dir='ltr'><em>sententia:</em></span> <span class='ocrx_word' id='word_1_170' title='bbox 939 1577 1023 1601; x_wconf 86' lang='lat' dir='ltr'><em>nam</em></span> 
     </span>
     <span class='ocr_line' id='line_1_40' title="bbox 359 1617 1019 1670; baseline 0.008 -17"><span class='ocrx_word' id='word_1_171' title='bbox 359 1617 584 1667; x_wconf 74' lang='lat' dir='ltr'><em>longitudine</em></span> <span class='ocrx_word' id='word_1_172' title='bbox 621 1620 760 1669; x_wconf 74' lang='lat' dir='ltr'><em>quidem</em></span> <span class='ocrx_word' id='word_1_173' title='bbox 786 1624 950 1670; x_wconf 79' lang='lat' dir='ltr'><em>praeter,</em></span> <span class='ocrx_word' id='word_1_174' title='bbox 990 1634 1019 1657; x_wconf 92' lang='lat' dir='ltr'><em>s.</em></span> 
     </span>
     <span class='ocr_line' id='line_1_41' title="bbox 358 1675 1022 1726; baseline 0.005 -16"><span class='ocrx_word' id='word_1_175' title='bbox 358 1675 551 1711; x_wconf 80' lang='lat' dir='ltr'><em>secundum</em></span> <span class='ocrx_word' id='word_1_176' title='bbox 584 1679 769 1726; x_wconf 77' lang='lat' dir='ltr'><em>utramque</em></span> <span class='ocrx_word' id='word_1_177' title='bbox 804 1676 956 1723; x_wconf 84' lang='lat' dir='ltr'><strong>(Asiam</strong></span> <span class='ocrx_word' id='word_1_178' title='bbox 984 1681 1022 1715; x_wconf 86' lang='lat' dir='ltr'><em>et</em></span> 
     </span>
     <span class='ocr_line' id='line_1_42' title="bbox 358 1730 1022 1783; baseline 0.005 -16"><span class='ocrx_word' id='word_1_179' title='bbox 358 1730 545 1779; x_wconf 86' lang='lat' dir='ltr'><em>Africam)</em></span> <span class='ocrx_word' id='word_1_180' title='bbox 572 1733 776 1769; x_wconf 72' lang='lat' dir='ltr'><em>extenditur</em></span> <span class='ocrx_word' id='word_1_181' title='bbox 794 1732 961 1783; x_wconf 78' lang='lat' dir='ltr'><em>Europa,</em></span> <span class='ocrx_word' id='word_1_182' title='bbox 982 1737 1022 1770; x_wconf 86' lang='lat' dir='ltr'><em>ut</em></span> 
     </span>
     <span class='ocr_line' id='line_1_43' title="bbox 360 1788 1020 1841; baseline 0.005 -18"><span class='ocrx_word' id='word_1_183' title='bbox 360 1788 457 1824; x_wconf 88' lang='lat' dir='ltr'><em>adeo</em></span> <span class='ocrx_word' id='word_1_184' title='bbox 489 1788 635 1837; x_wconf 87' lang='lat' dir='ltr'><em>reliquis</em></span> <span class='ocrx_word' id='word_1_185' title='bbox 670 1790 812 1827; x_wconf 87' lang='lat' dir='ltr'><em>duabus</em></span> <span class='ocrx_word' id='word_1_186' title='bbox 854 1791 1020 1841; x_wconf 88' lang='lat' dir='ltr'><em>partibus</em></span> 
     </span>
     <span class='ocr_line' id='line_1_44' title="bbox 361 1843 1020 1894; baseline 0.011 -14"><span class='ocrx_word' id='word_1_187' title='bbox 361 1843 475 1880; x_wconf 84' lang='lat' dir='ltr'><em>multo</em></span> <span class='ocrx_word' id='word_1_188' title='bbox 496 1845 542 1881; x_wconf 89' lang='lat' dir='ltr'><em>sit</em></span> <span class='ocrx_word' id='word_1_189' title='bbox 559 1846 684 1882; x_wconf 85' lang='lat' dir='ltr'><em>maior.</em></span> <span class='ocrx_word' id='word_1_190' title='bbox 744 1847 851 1883; x_wconf 86' lang='lat' dir='ltr'><em>Conf.</em></span> <span class='ocrx_word' id='word_1_191' title='bbox 872 1847 935 1894; x_wconf 87' lang='lat' dir='ltr'><em>lv,</em></span> <span class='ocrx_word' id='word_1_192' title='bbox 955 1846 1020 1887; x_wconf 82' lang='lat'><em>45-</em></span> 
     </span>
     <span class='ocr_line' id='line_1_45' title="bbox 361 1900 1021 1953; baseline 0.006 -17"><span class='ocrx_word' id='word_1_193' title='bbox 361 1900 472 1943; x_wconf 87' lang='lat' dir='ltr'><em>Quod</em></span> <span class='ocrx_word' id='word_1_194' title='bbox 498 1901 546 1938; x_wconf 87' lang='lat' dir='ltr'><em>ita</em></span> <span class='ocrx_word' id='word_1_195' title='bbox 569 1902 745 1949; x_wconf 83' lang='lat' dir='ltr'><em>efficitur,</em></span> <span class='ocrx_word' id='word_1_196' title='bbox 775 1903 885 1952; x_wconf 88' lang='lat' dir='ltr'><em>quia,</em></span> <span class='ocrx_word' id='word_1_197' title='bbox 915 1904 1021 1953; x_wconf 91' lang='lat' dir='ltr'><em>quid-</em></span> 
     </span>
     <span class='ocr_line' id='line_1_46' title="bbox 359 1957 1021 2009; baseline 0.006 -17"><span class='ocrx_word' id='word_1_198' title='bbox 359 1957 449 2005; x_wconf 85' lang='lat' dir='ltr'><em>quid</em></span> <span class='ocrx_word' id='word_1_199' title='bbox 493 1962 672 1995; x_wconf 88' lang='lat' dir='ltr'><em>terrarum</em></span> <span class='ocrx_word' id='word_1_200' title='bbox 715 1959 808 1996; x_wconf 90' lang='lat' dir='ltr'><em>ultra</em></span> <span class='ocrx_word' id='word_1_201' title='bbox 845 1960 1021 2009; x_wconf 85' lang='lat' dir='ltr'><em>Caspium</em></span> 
     </span>
     <span class='ocr_line' id='line_1_47' title="bbox 357 2014 1021 2063; baseline 0.005 -14"><span class='ocrx_word' id='word_1_202' title='bbox 357 2025 456 2050; x_wconf 89' lang='lat' dir='ltr'><em>mare</em></span> <span class='ocrx_word' id='word_1_203' title='bbox 502 2018 539 2051; x_wconf 90' lang='lat' dir='ltr'><em>et</em></span> <span class='ocrx_word' id='word_1_204' title='bbox 576 2014 731 2052; x_wconf 84' lang='lat' dir='ltr'><em>Araxem</em></span> <span class='ocrx_word' id='word_1_205' title='bbox 773 2019 830 2053; x_wconf 81' lang='lat' dir='ltr'><em>est</em></span> <span class='ocrx_word' id='word_1_206' title='bbox 859 2016 1021 2063; x_wconf 80' lang='lat' dir='ltr'><em>fluvium,</em></span> 
     </span>
     <span class='ocr_line' id='line_1_48' title="bbox 356 2069 1020 2121; baseline 0.009 -17"><span class='ocrx_word' id='word_1_207' title='bbox 356 2069 474 2105; x_wconf 88' lang='lat' dir='ltr'><em>omnis</em></span> <span class='ocrx_word' id='word_1_208' title='bbox 496 2070 606 2119; x_wconf 83' lang='lat' dir='ltr'><em>igitur</em></span> <span class='ocrx_word' id='word_1_209' title='bbox 629 2071 686 2108; x_wconf 91' lang='lat' dir='ltr'><em>ille</em></span> <span class='ocrx_word' id='word_1_210' title='bbox 714 2076 870 2119; x_wconf 87' lang='lat' dir='ltr'><em>tractus,</em></span> <span class='ocrx_word' id='word_1_211' title='bbox 911 2086 1020 2121; x_wconf 91' lang='lat' dir='ltr'><em>quem</em></span> 
     </span>
     <span class='ocr_line' id='line_1_49' title="bbox 357 2126 1021 2179; baseline 0.006 -17"><span class='ocrx_word' id='word_1_212' title='bbox 357 2127 658 2176; x_wconf 84' lang='lat' dir='ltr'><em>septentrionalis</em></span> <span class='ocrx_word' id='word_1_213' title='bbox 677 2126 787 2166; x_wconf 86' lang='lat' dir='ltr'><em>Asiae</em></span> <span class='ocrx_word' id='word_1_214' title='bbox 803 2128 1021 2179; x_wconf 88' lang='lat' dir='ltr'><em>appellatio-</em></span> 
     </span>
     <span class='ocr_line' id='line_1_50' title="bbox 356 2183 1022 2233; baseline 0.006 -15"><span class='ocrx_word' id='word_1_215' title='bbox 356 2194 404 2219; x_wconf 98' lang='lat' dir='ltr'><em>ne</em></span> <span class='ocrx_word' id='word_1_216' title='bbox 426 2183 736 2233; x_wconf 81' lang='lat' dir='ltr'><em>comprehendere</em></span> <span class='ocrx_word' id='word_1_217' title='bbox 756 2185 938 2233; x_wconf 86' lang='lat' dir='ltr'><em>solemus,</em></span> <span class='ocrx_word' id='word_1_218' title='bbox 977 2198 1022 2224; x_wconf 86' lang='lat' dir='ltr'><em>ex</em></span> 
     </span>
     <span class='ocr_line' id='line_1_51' title="bbox 357 2238 1020 2292; baseline 0.008 -18"><span class='ocrx_word' id='word_1_219' title='bbox 357 2238 541 2276; x_wconf 83' lang='lat' dir='ltr'><em>Herodoti</em></span> <span class='ocrx_word' id='word_1_220' title='bbox 563 2241 736 2290; x_wconf 88' lang='lat' dir='ltr'><em>opinione</em></span> <span class='ocrx_word' id='word_1_221' title='bbox 767 2242 814 2279; x_wconf 87' lang='lat' dir='ltr'><em>ad</em></span> <span class='ocrx_word' id='word_1_222' title='bbox 831 2242 1020 2292; x_wconf 87' lang='lat' dir='ltr'><em>Europam</em></span> 
     </span>
     <span class='ocr_line' id='line_1_52' title="bbox 356 2295 1021 2344; baseline 0.008 -14"><span class='ocrx_word' id='word_1_223' title='bbox 356 2295 530 2344; x_wconf 77' lang='lat' dir='ltr'><em>pertinet,</em></span> <span class='ocrx_word' id='word_1_224' title='bbox 561 2308 656 2344; x_wconf 89' lang='lat' dir='ltr'><em>quae</em></span> <span class='ocrx_word' id='word_1_225' title='bbox 679 2310 699 2334; x_wconf 89' lang='lat' dir='ltr'><em>a</em></span> <span class='ocrx_word' id='word_1_226' title='bbox 717 2298 904 2335; x_wconf 85' lang='lat' dir='ltr'><em>Gaditano</em></span> <span class='ocrx_word' id='word_1_227' title='bbox 926 2300 1021 2335; x_wconf 87' lang='lat' dir='ltr'><em>freto</em></span> 
     </span>
     <span class='ocr_line' id='line_1_53' title="bbox 358 2349 1023 2400; baseline 0.006 -14"><span class='ocrx_word' id='word_1_228' title='bbox 358 2349 610 2400; x_wconf 85' lang='lat' dir='ltr'><em>columnisque</em></span> <span class='ocrx_word' id='word_1_229' title='bbox 623 2353 809 2391; x_wconf 86' lang='lat' dir='ltr'><em>Herculeis</em></span> <span class='ocrx_word' id='word_1_230' title='bbox 834 2355 880 2391; x_wconf 90' lang='lat' dir='ltr'><em>ad</em></span> <span class='ocrx_word' id='word_1_231' title='bbox 902 2354 1023 2392; x_wconf 90' lang='lat' dir='ltr'><em>orien-</em></span> 
     </span>
     <span class='ocr_line' id='line_1_54' title="bbox 357 2405 1022 2459; baseline 0.008 -17"><span class='ocrx_word' id='word_1_232' title='bbox 357 2405 447 2443; x_wconf 82' lang='lat' dir='ltr'><em>tales</em></span> <span class='ocrx_word' id='word_1_233' title='bbox 473 2420 588 2457; x_wconf 89' lang='lat' dir='ltr'><em>usque</em></span> <span class='ocrx_word' id='word_1_234' title='bbox 608 2408 799 2446; x_wconf 87' lang='lat' dir='ltr'><em>Herodoto</em></span> <span class='ocrx_word' id='word_1_235' title='bbox 820 2410 1022 2459; x_wconf 84' lang='lat' dir='ltr'><em>incognitas</em></span> 
     </span>
     <span class='ocr_line' id='line_1_55' title="bbox 360 2463 1022 2511; baseline 0.006 -12"><span class='ocrx_word' id='word_1_236' title='bbox 360 2463 551 2511; x_wconf 81' lang='lat' dir='ltr'><em>regioneS,</em></span> <span class='ocrx_word' id='word_1_237' title='bbox 591 2465 638 2501; x_wconf 91' lang='lat' dir='ltr'><em>ad</em></span> <span class='ocrx_word' id='word_1_238' title='bbox 664 2465 780 2502; x_wconf 90' lang='lat' dir='ltr'><em>lacum</em></span> <span class='ocrx_word' id='word_1_239' title='bbox 802 2466 1022 2504; x_wconf 86' lang='lat' dir='ltr'><em>Maeoticum</em></span> 
     </span>
     <span class='ocr_line' id='line_1_56' title="bbox 360 2520 1021 2573; baseline 0.009 -19"><span class='ocrx_word' id='word_1_240' title='bbox 360 2520 572 2569; x_wconf 78' lang='lat' dir='ltr'><em>porrigitur.</em></span> <span class='ocrx_word' id='word_1_241' title='bbox 618 2522 676 2561; x_wconf 89' lang='lat' dir='ltr'><em>Cf.</em></span> <span class='ocrx_word' id='word_1_242' title='bbox 698 2522 824 2570; x_wconf 79' lang='lat' dir='ltr'><em>Heyse</em></span> <span class='ocrx_word' id='word_1_243' title='bbox 854 2522 875 2559; x_wconf 94' lang='lat' dir='ltr'><em>l.</em></span> <span class='ocrx_word' id='word_1_244' title='bbox 893 2522 914 2559; x_wconf 89' lang='lat' dir='ltr'><em>l.</em></span> <span class='ocrx_word' id='word_1_245' title='bbox 937 2537 1021 2573; x_wconf 90' lang='lat' dir='ltr'><em>pag.</em></span> 
     </span>
     <span class='ocr_line' id='line_1_57' title="bbox 362 2576 1022 2627; baseline -0.002 -12"><span class='ocrx_word' id='word_1_246' title='bbox 362 2577 453 2615; x_wconf 79' lang='lat'>103.</span> <span class='ocrx_word' id='word_1_247' title='bbox 484 2576 801 2627; x_wconf 84' lang='lat' dir='ltr'><em>Bredow.Geogr.</em></span> <span class='ocrx_word' id='word_1_248' title='bbox 825 2583 860 2616; x_wconf 87' lang='lat' dir='ltr'><em>et</em></span> <span class='ocrx_word' id='word_1_249' title='bbox 878 2579 1022 2616; x_wconf 85' lang='lat' dir='ltr'><em>Urano-</em></span> 
     </span>
     <span class='ocr_line' id='line_1_58' title="bbox 360 2631 1021 2685; baseline 0.009 -19"><span class='ocrx_word' id='word_1_250' title='bbox 360 2631 433 2680; x_wconf 87' lang='lat' dir='ltr'><em>log.</em></span> <span class='ocrx_word' id='word_1_251' title='bbox 463 2632 647 2670; x_wconf 86' lang='lat' dir='ltr'><em>Herodot.</em></span> <span class='ocrx_word' id='word_1_252' title='bbox 679 2647 778 2685; x_wconf 86' lang='lat' dir='ltr'><em>spec.</em></span> <span class='ocrx_word' id='word_1_253' title='bbox 810 2647 894 2685; x_wconf 90' lang='lat' dir='ltr'><em>pag.</em></span> <span class='ocrx_word' id='word_1_254' title='bbox 922 2636 1021 2673; x_wconf 84' lang='lat' dir='ltr'><strong>XXI.</strong></span> 
     </span>
     <span class='ocr_line' id='line_1_59' title="bbox 360 2687 1022 2737; baseline 0.008 -13"><span class='ocrx_word' id='word_1_255' title='bbox 360 2687 459 2724; x_wconf 84' lang='lat' dir='ltr'><em>Hinc</em></span> <span class='ocrx_word' id='word_1_256' title='bbox 498 2689 658 2737; x_wconf 88' lang='lat' dir='ltr'><em>sactum,</em></span> <span class='ocrx_word' id='word_1_257' title='bbox 708 2696 747 2727; x_wconf 91' lang='lat' dir='ltr'><em>ut</em></span> <span class='ocrx_word' id='word_1_258' title='bbox 783 2691 922 2728; x_wconf 89' lang='lat' dir='ltr'><em>Noster</em></span> <span class='ocrx_word' id='word_1_259' title='bbox 959 2705 1022 2729; x_wconf 90' lang='lat' dir='ltr'><em>eos</em></span> 
     </span>
     <span class='ocr_line' id='line_1_60' title="bbox 360 2747 1021 2797; baseline 0.011 -18"><span class='ocrx_word' id='word_1_260' title='bbox 360 2749 554 2794; x_wconf 76' lang='lat' dir='ltr'><em>tantopere</em></span> <span class='ocrx_word' id='word_1_261' title='bbox 575 2747 736 2795; x_wconf 89' lang='lat' dir='ltr'><em>miretur,</em></span> <span class='ocrx_word' id='word_1_262' title='bbox 767 2747 828 2797; x_wconf 89' lang='lat' dir='ltr'><em>qui</em></span> <span class='ocrx_word' id='word_1_263' title='bbox 848 2747 1021 2797; x_wconf 78' lang='lat' dir='ltr'><em>triplicem</em></span> 
     </span>
     <span class='ocr_line' id='line_1_61' title="bbox 363 2802 1019 2853; baseline 0.009 -17"><span class='ocrx_word' id='word_1_264' title='bbox 363 2805 481 2838; x_wconf 82' lang='lat' dir='ltr'><em>terrae</em></span> <span class='ocrx_word' id='word_1_265' title='bbox 502 2802 718 2841; x_wconf 86' lang='lat' dir='ltr'><em>divisionem</em></span> <span class='ocrx_word' id='word_1_266' title='bbox 738 2803 926 2853; x_wconf 86' lang='lat' dir='ltr'><em>aequalem</em></span> <span class='ocrx_word' id='word_1_267' title='bbox 947 2809 1019 2842; x_wconf 83' lang='lat' dir='ltr'><em>sta-</em></span> 
     </span>
     <span class='ocr_line' id='line_1_62' title="bbox 361 2858 508 2895; baseline 0.007 -2"><span class='ocrx_word' id='word_1_268' title='bbox 361 2858 508 2895; x_wconf 85' lang='lat' dir='ltr'><em>tuerint.</em></span> 
     </span>
    </p>
   </div>
   <div class='ocr_carea' id='block_1_17' title="bbox 1077 1283 1745 2914">
    <p class='ocr_par' dir='ltr' id='par_1_17' title="bbox 1077 1283 1745 2914">
     <span class='ocr_line' id='line_1_63' title="bbox 1081 1283 1743 1334; baseline 0.006 -14"><span class='ocrx_word' id='word_1_269' title='bbox 1081 1284 1141 1321; x_wconf 88' lang='lat' dir='ltr'><em>Cf.</em></span> <span class='ocrx_word' id='word_1_270' title='bbox 1161 1284 1332 1322; x_wconf 91' lang='lat' dir='ltr'><em>Bredow.</em></span> <span class='ocrx_word' id='word_1_271' title='bbox 1353 1284 1375 1320; x_wconf 90' lang='lat' dir='ltr'><em>l.</em></span> <span class='ocrx_word' id='word_1_272' title='bbox 1396 1283 1417 1320; x_wconf 91' lang='lat' dir='ltr'><em>l.</em></span> <span class='ocrx_word' id='word_1_273' title='bbox 1437 1283 1593 1321; x_wconf 86' lang='lat' dir='ltr'><em>Rennel.</em></span> <span class='ocrx_word' id='word_1_274' title='bbox 1615 1297 1650 1334; x_wconf 88' lang='lat' dir='ltr'><em>p.</em></span> <span class='ocrx_word' id='word_1_275' title='bbox 1662 1284 1743 1324; x_wconf 82' lang='lat'><em>366</em></span> 
     </span>
     <span class='ocr_line' id='line_1_64' title="bbox 1078 1338 1743 1391; baseline -0.002 -14"><span class='ocrx_word' id='word_1_276' title='bbox 1078 1344 1156 1377; x_wconf 83' lang='lat' dir='ltr'><em>not.</em></span> <span class='ocrx_word' id='word_1_277' title='bbox 1188 1340 1260 1377; x_wconf 87' lang='lat' dir='ltr'><em>Pro</em></span> <span class='ocrx_word' id='word_1_278' title='bbox 1283 1338 1520 1391; x_wconf 81' lang='grc' dir='ltr'>συμβαλέειν</span> <span class='ocrx_word' id='word_1_279' title='bbox 1537 1339 1743 1389; x_wconf 86' lang='lat' dir='ltr'><em>Schweigh.</em></span> 
     </span>
     <span class='ocr_line' id='line_1_65' title="bbox 1079 1394 1745 1447; baseline 0.002 -14"><span class='ocrx_word' id='word_1_280' title='bbox 1079 1397 1286 1447; x_wconf 87' lang='lat' dir='ltr'><em>suspicatur</em></span> <span class='ocrx_word' id='word_1_281' title='bbox 1319 1394 1579 1447; x_wconf 73' lang='grc' dir='ltr'>συμβαλλέειν</span> <span class='ocrx_word' id='word_1_282' title='bbox 1609 1397 1745 1447; x_wconf 88' lang='lat' dir='ltr'><em>(prae-</em></span> 
     </span>
     <span class='ocr_line' id='line_1_66' title="bbox 1079 1448 1745 1504; baseline 0.003 -14"><span class='ocrx_word' id='word_1_283' title='bbox 1079 1453 1175 1491; x_wconf 86' lang='lat' dir='ltr'><em>senti</em></span> <span class='ocrx_word' id='word_1_284' title='bbox 1196 1455 1404 1504; x_wconf 72' lang='lat' dir='ltr'><em>tempme),</em></span> <span class='ocrx_word' id='word_1_285' title='bbox 1435 1458 1474 1490; x_wconf 90' lang='lat' dir='ltr'><em>ut</em></span> <span class='ocrx_word' id='word_1_286' title='bbox 1500 1448 1745 1504; x_wconf 82' lang='grc' dir='ltr'>συμβαλλεό-</span> 
     </span>
     <span class='ocr_line' id='line_1_67' title="bbox 1080 1509 1661 1560; baseline -0.002 -12"><span class='ocrx_word' id='word_1_287' title='bbox 1080 1509 1255 1560; x_wconf 82' lang='grc' dir='ltr'><em>μενοςΙ,</em></span> <span class='ocrx_word' id='word_1_288' title='bbox 1286 1512 1361 1555; x_wconf 86' lang='grc'><em>68,</em></span> <span class='ocrx_word' id='word_1_289' title='bbox 1393 1510 1451 1546; x_wconf 90' lang='lat' dir='ltr'><em>ubi</em></span> <span class='ocrx_word' id='word_1_290' title='bbox 1474 1510 1547 1547; x_wconf 83' lang='lat' dir='ltr'><em>vid.</em></span> <span class='ocrx_word' id='word_1_291' title='bbox 1568 1514 1661 1548; x_wconf 87' lang='lat' dir='ltr'><em>nott.</em></span> 
     </span>
     <span class='ocr_line' id='line_1_68' title="bbox 1117 1561 1743 1634; baseline 0.002 -31.029"><span class='ocrx_word' id='word_1_292' title='bbox 1117 1561 1276 1634; x_wconf 83' lang='grc' dir='ltr'>Λιβύη</span> <span class='ocrx_word' id='word_1_293' title='bbox 1298 1564 1371 1614; x_wconf 82' lang='grc' dir='ltr'><em>μὲν</em></span> <span class='ocrx_word' id='word_1_294' title='bbox 1397 1562 1470 1619; x_wconf 61' lang='grc' dir='ltr'><em>γάρ</em></span> <span class='ocrx_word' id='word_1_295' title='bbox 1503 1566 1621 1616; x_wconf 82' lang='grc' dir='ltr'><strong><em>δηλοῖ</em></strong></span> <span class='ocrx_word' id='word_1_296' title='bbox 1646 1564 1743 1604; x_wconf 75' lang='grc' dir='ltr'><strong>ἑωυ-</strong></span> 
     </span>
     <span class='ocr_line' id='line_1_69' title="bbox 1077 1620 1742 1672; baseline -0.003 -12"><span class='ocrx_word' id='word_1_297' title='bbox 1077 1636 1174 1672; x_wconf 84' lang='grc' dir='ltr'><em>την,</em></span> <span class='ocrx_word' id='word_1_298' title='bbox 1208 1620 1328 1660; x_wconf 80' lang='grc' dir='ltr'>ἐοῦσα</span> <span class='ocrx_word' id='word_1_299' title='bbox 1349 1621 1601 1672; x_wconf 72' lang='grc' dir='ltr'><em>περίρρυτος]</em></span> <span class='ocrx_word' id='word_1_300' title='bbox 1620 1622 1742 1666; x_wconf 84' lang='lat' dir='ltr'><em>Quam</em></span> 
     </span>
     <span class='ocr_line' id='line_1_70' title="bbox 1079 1677 1742 1717; baseline 0.005 -3"><span class='ocrx_word' id='word_1_301' title='bbox 1079 1677 1254 1716; x_wconf 89' lang='lat' dir='ltr'><em>Valcken.</em></span> <span class='ocrx_word' id='word_1_302' title='bbox 1280 1679 1360 1715; x_wconf 89' lang='lat' dir='ltr'><em>eiiei</em></span> <span class='ocrx_word' id='word_1_303' title='bbox 1382 1679 1456 1715; x_wconf 89' lang='lat' dir='ltr'><em>vult</em></span> <span class='ocrx_word' id='word_1_304' title='bbox 1481 1691 1605 1716; x_wconf 89' lang='lat' dir='ltr'><em>vocem</em></span> <span class='ocrx_word' id='word_1_305' title='bbox 1638 1677 1742 1717; x_wconf 82' lang='grc' dir='ltr'><em>ἕωυ-</em></span> 
     </span>
     <span class='ocr_line' id='line_1_71' title="bbox 1078 1734 1741 1785; baseline -0.002 -13"><span class='ocrx_word' id='word_1_306' title='bbox 1078 1749 1174 1785; x_wconf 86' lang='grc' dir='ltr'><em>την,</em></span> <span class='ocrx_word' id='word_1_307' title='bbox 1218 1736 1341 1785; x_wconf 89' lang='lat' dir='ltr'><em>plures</em></span> <span class='ocrx_word' id='word_1_308' title='bbox 1363 1735 1410 1772; x_wconf 91' lang='lat' dir='ltr'><em>de</em></span> <span class='ocrx_word' id='word_1_309' title='bbox 1430 1740 1613 1772; x_wconf 83' lang='lat' dir='ltr'><em>structura</em></span> <span class='ocrx_word' id='word_1_310' title='bbox 1641 1734 1741 1772; x_wconf 87' lang='lat' dir='ltr'><em>verbi</em></span> 
     </span>
     <span class='ocr_line' id='line_1_72' title="bbox 1079 1791 1742 1841; baseline -0.005 -11"><span class='ocrx_word' id='word_1_311' title='bbox 1079 1791 1231 1841; x_wconf 77' lang='grc' dir='ltr'><strong><em>δηλοῦν</em></strong></span> <span class='ocrx_word' id='word_1_312' title='bbox 1271 1792 1430 1828; x_wconf 85' lang='lat' dir='ltr'><em>excitans</em></span> <span class='ocrx_word' id='word_1_313' title='bbox 1472 1791 1571 1828; x_wconf 91' lang='lat' dir='ltr'><em>locos</em></span> <span class='ocrx_word' id='word_1_314' title='bbox 1607 1791 1742 1829; x_wconf 82' lang='lat' dir='ltr'><em>similes</em></span> 
     </span>
     <span class='ocr_line' id='line_1_73' title="bbox 1078 1846 1743 1898; baseline 0.006 -14"><span class='ocrx_word' id='word_1_315' title='bbox 1078 1848 1142 1895; x_wconf 89' lang='lat' dir='ltr'><em>(cf.</em></span> <span class='ocrx_word' id='word_1_316' title='bbox 1162 1846 1294 1884; x_wconf 83' lang='lat' dir='ltr'><em>Matth.</em></span> <span class='ocrx_word' id='word_1_317' title='bbox 1317 1848 1383 1885; x_wconf 89' lang='lat' dir='ltr'><em>Gr.</em></span> <span class='ocrx_word' id='word_1_318' title='bbox 1407 1848 1473 1884; x_wconf 90' lang='lat' dir='ltr'><em>Gr.</em></span> <span class='ocrx_word' id='word_1_319' title='bbox 1494 1860 1580 1898; x_wconf 83' lang='lat' dir='ltr'><em>pag.</em></span> <span class='ocrx_word' id='word_1_320' title='bbox 1601 1848 1743 1896; x_wconf 87' lang='lat'>1077),</span> 
     </span>
     <span class='ocr_line' id='line_1_74' title="bbox 1080 1905 1742 1942; baseline -0.003 0"><span class='ocrx_word' id='word_1_321' title='bbox 1080 1917 1160 1942; x_wconf 90' lang='lat' dir='ltr'><em>eam</em></span> <span class='ocrx_word' id='word_1_322' title='bbox 1174 1905 1402 1942; x_wconf 82' lang='lat' dir='ltr'><em>retinendam</em></span> <span class='ocrx_word' id='word_1_323' title='bbox 1416 1917 1497 1942; x_wconf 89' lang='lat' dir='ltr'><em>esse</em></span> <span class='ocrx_word' id='word_1_324' title='bbox 1515 1905 1646 1942; x_wconf 89' lang='lat' dir='ltr'><em>merito</em></span> <span class='ocrx_word' id='word_1_325' title='bbox 1664 1909 1742 1941; x_wconf 84' lang='lat' dir='ltr'><em>sta-</em></span> 
     </span>
     <span class='ocr_line' id='line_1_75' title="bbox 1079 1960 1743 2010; baseline 0 -12"><span class='ocrx_word' id='word_1_326' title='bbox 1079 1961 1151 1998; x_wconf 85' lang='lat' dir='ltr'><em>tuit</em></span> <span class='ocrx_word' id='word_1_327' title='bbox 1170 1961 1377 2010; x_wconf 87' lang='lat' dir='ltr'><em>Schweigh.</em></span> <span class='ocrx_word' id='word_1_328' title='bbox 1409 1960 1583 2010; x_wconf 89' lang='lat' dir='ltr'><em>Namque</em></span> <span class='ocrx_word' id='word_1_329' title='bbox 1607 1961 1743 2007; x_wconf 82' lang='lat' dir='ltr'><em>Africa,</em></span> 
     </span>
     <span class='ocr_line' id='line_1_76' title="bbox 1077 2017 1743 2063; baseline 0.002 -9"><span class='ocrx_word' id='word_1_330' title='bbox 1077 2017 1167 2054; x_wconf 90' lang='lat' dir='ltr'><em>haec</em></span> <span class='ocrx_word' id='word_1_331' title='bbox 1186 2021 1241 2054; x_wconf 84' lang='lat' dir='ltr'><em>est</em></span> <span class='ocrx_word' id='word_1_332' title='bbox 1260 2017 1444 2054; x_wconf 92' lang='lat' dir='ltr'><em>Herodoti</em></span> <span class='ocrx_word' id='word_1_333' title='bbox 1462 2017 1664 2063; x_wconf 88' lang='lat' dir='ltr'><em>sententia,</em></span> <span class='ocrx_word' id='word_1_334' title='bbox 1703 2029 1743 2055; x_wconf 91' lang='lat' dir='ltr'><em>se</em></span> 
     </span>
     <span class='ocr_line' id='line_1_77' title="bbox 1078 2074 1741 2124; baseline 0 -14"><span class='ocrx_word' id='word_1_335' title='bbox 1078 2074 1194 2124; x_wconf 86' lang='lat' dir='ltr'><em>ipsam</em></span> <span class='ocrx_word' id='word_1_336' title='bbox 1216 2074 1353 2110; x_wconf 87' lang='lat' dir='ltr'><em>indicat</em></span> <span class='ocrx_word' id='word_1_337' title='bbox 1373 2074 1470 2123; x_wconf 78' lang='lat' dir='ltr'><em>aqua</em></span> <span class='ocrx_word' id='word_1_338' title='bbox 1496 2075 1741 2111; x_wconf 88' lang='lat' dir='ltr'><em>circumfluam</em></span> 
     </span>
     <span class='ocr_line' id='line_1_78' title="bbox 1078 2130 1742 2181; baseline -0.003 -14"><span class='ocrx_word' id='word_1_339' title='bbox 1078 2143 1180 2176; x_wconf 89' lang='lat' dir='ltr'><em>esse,</em></span> <span class='ocrx_word' id='word_1_340' title='bbox 1225 2131 1378 2180; x_wconf 71' lang='lat' dir='ltr'><em>excepta</em></span> <span class='ocrx_word' id='word_1_341' title='bbox 1421 2130 1466 2167; x_wconf 73' lang='lat' dir='ltr'><em>ea</em></span> <span class='ocrx_word' id='word_1_342' title='bbox 1504 2135 1630 2181; x_wconf 89' lang='lat' dir='ltr'><em>parte,</em></span> <span class='ocrx_word' id='word_1_343' title='bbox 1669 2130 1742 2179; x_wconf 75' lang='lat' dir='ltr'><em>qua</em></span> 
     </span>
     <span class='ocr_line' id='line_1_79' title="bbox 1077 2186 1742 2224; baseline -0.003 0"><span class='ocrx_word' id='word_1_344' title='bbox 1077 2187 1188 2224; x_wconf 88' lang='lat' dir='ltr'><em>Asiae</em></span> <span class='ocrx_word' id='word_1_345' title='bbox 1209 2186 1269 2222; x_wconf 90' lang='lat' dir='ltr'><em>illa</em></span> <span class='ocrx_word' id='word_1_346' title='bbox 1289 2191 1345 2224; x_wconf 89' lang='lat' dir='ltr'><em>est</em></span> <span class='ocrx_word' id='word_1_347' title='bbox 1364 2188 1588 2224; x_wconf 83' lang='lat' dir='ltr'><em>contermina</em></span> <span class='ocrx_word' id='word_1_348' title='bbox 1601 2191 1636 2224; x_wconf 89' lang='lat' dir='ltr'><em>et</em></span> <span class='ocrx_word' id='word_1_349' title='bbox 1655 2198 1742 2222; x_wconf 91' lang='lat' dir='ltr'><em>con-</em></span> 
     </span>
     <span class='ocr_line' id='line_1_80' title="bbox 1077 2242 1739 2293; baseline -0.003 -13"><span class='ocrx_word' id='word_1_350' title='bbox 1077 2244 1192 2292; x_wconf 88' lang='lat' dir='ltr'><em>tigua.</em></span> <span class='ocrx_word' id='word_1_351' title='bbox 1252 2242 1360 2280; x_wconf 91' lang='lat' dir='ltr'><em>Unde</em></span> <span class='ocrx_word' id='word_1_352' title='bbox 1377 2246 1505 2293; x_wconf 79' lang='lat' dir='ltr'><em>patet,</em></span> <span class='ocrx_word' id='word_1_353' title='bbox 1529 2243 1739 2292; x_wconf 78' lang='lat' dir='ltr'><em>Aegyptum</em></span> 
     </span>
     <span class='ocr_line' id='line_1_81' title="bbox 1078 2298 1741 2346; baseline -0.003 -10"><span class='ocrx_word' id='word_1_354' title='bbox 1078 2300 1125 2336; x_wconf 90' lang='lat' dir='ltr'><em>ab</em></span> <span class='ocrx_word' id='word_1_355' title='bbox 1153 2299 1345 2336; x_wconf 68' lang='lat' dir='ltr'><em>Herodoto</em></span> <span class='ocrx_word' id='word_1_356' title='bbox 1380 2299 1521 2346; x_wconf 79' lang='lat' dir='ltr'><em>Libyae</em></span> <span class='ocrx_word' id='word_1_357' title='bbox 1556 2298 1741 2335; x_wconf 87' lang='lat' dir='ltr'><em>accenseri</em></span> 
     </span>
     <span class='ocr_line' id='line_1_82' title="bbox 1079 2354 1740 2404; baseline 0 -12"><span class='ocrx_word' id='word_1_358' title='bbox 1079 2356 1346 2404; x_wconf 89' lang='lat' dir='ltr'><em>terminumque</em></span> <span class='ocrx_word' id='word_1_359' title='bbox 1380 2354 1490 2391; x_wconf 86' lang='lat' dir='ltr'><em>Asiae</em></span> <span class='ocrx_word' id='word_1_360' title='bbox 1530 2360 1567 2391; x_wconf 91' lang='lat' dir='ltr'><em>et</em></span> <span class='ocrx_word' id='word_1_361' title='bbox 1595 2355 1740 2392; x_wconf 86' lang='lat' dir='ltr'><em>Africae</em></span> 
     </span>
     <span class='ocr_line' id='line_1_83' title="bbox 1079 2410 1739 2460; baseline 0 -12"><span class='ocrx_word' id='word_1_362' title='bbox 1079 2412 1251 2448; x_wconf 84' lang='lat' dir='ltr'><em>constitui</em></span> <span class='ocrx_word' id='word_1_363' title='bbox 1287 2411 1452 2447; x_wconf 86' lang='lat' dir='ltr'><em>isthmum</em></span> <span class='ocrx_word' id='word_1_364' title='bbox 1474 2410 1739 2460; x_wconf 74' lang='lat' dir='ltr'><em>Aegyptiacum</em></span> 
     </span>
     <span class='ocr_line' id='line_1_84' title="bbox 1080 2467 1741 2516; baseline 0 -12"><span class='ocrx_word' id='word_1_365' title='bbox 1080 2468 1272 2516; x_wconf 85' lang='lat' dir='ltr'><em>sinumque</em></span> <span class='ocrx_word' id='word_1_366' title='bbox 1285 2467 1488 2503; x_wconf 84' lang='lat' dir='ltr'><em>Arabicum.</em></span> <span class='ocrx_word' id='word_1_367' title='bbox 1502 2467 1741 2504; x_wconf 82' lang='lat' dir='ltr'><em>Cf.Schlicht-</em></span> 
     </span>
     <span class='ocr_line' id='line_1_85' title="bbox 1080 2523 1740 2573; baseline 0.002 -14"><span class='ocrx_word' id='word_1_368' title='bbox 1080 2524 1190 2560; x_wconf 89' lang='lat' dir='ltr'><em>horst.</em></span> <span class='ocrx_word' id='word_1_369' title='bbox 1212 2523 1233 2559; x_wconf 95' lang='lat' dir='ltr'><em>l.</em></span> <span class='ocrx_word' id='word_1_370' title='bbox 1259 2523 1280 2559; x_wconf 93' lang='lat' dir='ltr'><em>l.</em></span> <span class='ocrx_word' id='word_1_371' title='bbox 1310 2537 1395 2573; x_wconf 86' lang='lat' dir='ltr'><em>pag.</em></span> <span class='ocrx_word' id='word_1_372' title='bbox 1423 2525 1484 2563; x_wconf 84' lang='lat'><em>16.</em></span> <span class='ocrx_word' id='word_1_373' title='bbox 1508 2526 1570 2564; x_wconf 86' lang='lat'><em>17.</em></span> <span class='ocrx_word' id='word_1_374' title='bbox 1603 2547 1653 2554; x_wconf 88' lang='lat'><em>—-</em></span> <span class='ocrx_word' id='word_1_375' title='bbox 1682 2524 1740 2562; x_wconf 91' lang='lat' dir='ltr'><em>De</em></span> 
     </span>
     <span class='ocr_line' id='line_1_86' title="bbox 1081 2578 1739 2629; baseline 0.002 -13"><span class='ocrx_word' id='word_1_376' title='bbox 1081 2584 1297 2628; x_wconf 85' lang='lat' dir='ltr'><em>argumento</em></span> <span class='ocrx_word' id='word_1_377' title='bbox 1323 2578 1388 2616; x_wconf 85' lang='lat' dir='ltr'><em>Cr.</em></span> <span class='ocrx_word' id='word_1_378' title='bbox 1420 2592 1568 2629; x_wconf 87' lang='lat' dir='ltr'><em>quoque</em></span> <span class='ocrx_word' id='word_1_379' title='bbox 1600 2580 1739 2617; x_wconf 89' lang='lat' dir='ltr'><em>consuli</em></span> 
     </span>
     <span class='ocr_line' id='line_1_87' title="bbox 1079 2635 1737 2685; baseline 0.005 -14"><span class='ocrx_word' id='word_1_380' title='bbox 1079 2635 1157 2672; x_wconf 76' lang='lat' dir='ltr'><em>vult</em></span> <span class='ocrx_word' id='word_1_381' title='bbox 1178 2636 1334 2672; x_wconf 75' lang='lat' dir='ltr'><em>Gesner.</em></span> <span class='ocrx_word' id='word_1_382' title='bbox 1358 2635 1414 2672; x_wconf 90' lang='lat' dir='ltr'><em>De</em></span> <span class='ocrx_word' id='word_1_383' title='bbox 1445 2638 1625 2685; x_wconf 71' lang='lat' dir='ltr'><em>navigatt.</em></span> <span class='ocrx_word' id='word_1_384' title='bbox 1649 2642 1737 2675; x_wconf 83' lang='lat' dir='ltr'><em>extr.</em></span> 
     </span>
     <span class='ocr_line' id='line_1_88' title="bbox 1079 2691 1737 2744; baseline 0 -15"><span class='ocrx_word' id='word_1_385' title='bbox 1079 2692 1147 2729; x_wconf 88' lang='lat' dir='ltr'><em>col.</em></span> <span class='ocrx_word' id='word_1_386' title='bbox 1179 2692 1288 2728; x_wconf 85' lang='lat' dir='ltr'><em>Herc.</em></span> <span class='ocrx_word' id='word_1_387' title='bbox 1313 2692 1353 2728; x_wconf 90' lang='lat' dir='ltr'><em>P.</em></span> <span class='ocrx_word' id='word_1_388' title='bbox 1379 2692 1392 2728; x_wconf 93' lang='lat' dir='ltr'><em>l</em></span> <span class='ocrx_word' id='word_1_389' title='bbox 1422 2691 1460 2742; x_wconf 59' lang='grc' dir='ltr'><em>ἓ.</em></span> <span class='ocrx_word' id='word_1_390' title='bbox 1486 2695 1510 2733; x_wconf 87' lang='grc'>6</span> <span class='ocrx_word' id='word_1_391' title='bbox 1540 2707 1624 2744; x_wconf 86' lang='lat' dir='ltr'><em>pag.</em></span> <span class='ocrx_word' id='word_1_392' title='bbox 1656 2694 1737 2733; x_wconf 81' lang='lat'><em>629</em></span> 
     </span>
     <span class='ocr_line' id='line_1_89' title="bbox 1080 2747 1712 2800; baseline 0.002 -15"><span class='ocrx_word' id='word_1_393' title='bbox 1080 2747 1269 2798; x_wconf 87' lang='lat' dir='ltr'><em>(Orphicc.</em></span> <span class='ocrx_word' id='word_1_394' title='bbox 1290 2748 1438 2797; x_wconf 84' lang='lat' dir='ltr'><em>Herm.)</em></span> <span class='ocrx_word' id='word_1_395' title='bbox 1460 2749 1539 2787; x_wconf 85' lang='lat' dir='ltr'><em>coll.</em></span> <span class='ocrx_word' id='word_1_396' title='bbox 1561 2763 1597 2800; x_wconf 86' lang='lat' dir='ltr'><em>p.</em></span> <span class='ocrx_word' id='word_1_397' title='bbox 1620 2752 1712 2790; x_wconf 86' lang='lat'><strong>607.</strong></span> 
     </span>
     <span class='ocr_line' id='line_1_90' title="bbox 1140 2801 1739 2856; baseline 0.002 -14"><span class='ocrx_word' id='word_1_398' title='bbox 1140 2801 1256 2842; x_wconf 70' lang='grc' dir='ltr'><em>Νεκῶ</em></span> <span class='ocrx_word' id='word_1_399' title='bbox 1281 2826 1327 2832; x_wconf 91' lang='lat'>-</span> <span class='ocrx_word' id='word_1_400' title='bbox 1351 2805 1650 2856; x_wconf 74' lang='grc' dir='ltr'>καταδέξαντος]</span> <span class='ocrx_word' id='word_1_401' title='bbox 1673 2806 1739 2856; x_wconf 83' lang='grc' dir='ltr'><em>βα-</em></span> 
     </span>
     <span class='ocr_line' id='line_1_91' title="bbox 1083 2859 1738 2914; baseline 0 -14"><span class='ocrx_word' id='word_1_402' title='bbox 1083 2859 1210 2907; x_wconf 76' lang='grc' dir='ltr'>σιλέος</span> <span class='ocrx_word' id='word_1_403' title='bbox 1231 2874 1311 2898; x_wconf 89' lang='lat' dir='ltr'><em>cum</em></span> <span class='ocrx_word' id='word_1_404' title='bbox 1325 2862 1443 2900; x_wconf 76' lang='lat' dir='ltr'><em>Gaisf.</em></span> <span class='ocrx_word' id='word_1_405' title='bbox 1461 2863 1559 2900; x_wconf 86' lang='lat' dir='ltr'><em>edidi</em></span> <span class='ocrx_word' id='word_1_406' title='bbox 1580 2876 1648 2914; x_wconf 88' lang='lat' dir='ltr'><em>pro</em></span> <span class='ocrx_word' id='word_1_407' title='bbox 1668 2863 1738 2914; x_wconf 81' lang='grc' dir='ltr'><em>βα-</em></span> 
     </span>
    </p>
   </div>
   <div class='ocr_carea' id='block_1_18' title="bbox 1875 0 1904 2564">
    <p class='ocr_par' dir='ltr' id='par_1_18' title="bbox 1875 0 1904 2564">
     <span class='ocr_line' id='line_1_92' title="bbox 1875 0 1904 2564; baseline 0 0"><span class='ocrx_word' id='word_1_408' title='bbox 1875 0 1904 2564; x_wconf 95' lang='lat' dir='ltr'><em> </em></span> 
     </span>
    </p>
   </div>
  </div>
 </body>
</html>
