1904 3304
684 247 1028 291 THALIA.
1087 248 1151 286 Ill.

1469 247 1553 287 109

287 366 340 408 τὰ
371 366 504 408 εἴκοσι
535 360 765 417 ὀργυιέων·
826 365 964 417 μῆκος
994 359 1038 402 δὲ
1069 360 1150 401 τοῦ
1179 355 1392 412 χώματος,
1429 355 1556 410 μέζον

258 443 279 475 6
294 436 373 479 δύο
405 437 605 479 σταδίων.

231 583 375 630 griisser
420 580 516 616 deun
560 580 649 616 zuei
690 578 894 615 Stadien.“

230 638 327 675 Add.
351 636 558 672 Pnnoflxal.
580 636 601 672 l.
632 650 717 684 pag.
738 634 776 675 4,
837 634 895 670 Ad

232 699 375 731 nostras
397 705 583 729 mensuras
615 694 643 728 si
669 693 757 729 haec
790 704 893 728 revo-

233 751 344 794 caris,
375 750 504 797 viginti
521 750 668 797 orgyiae
686 748 895 796 aequabunt

232 808 310 844 sere
344 807 420 844 112
456 806 570 855 pedes
604 805 784 840 Parisinos
821 804 895 840 sive

238 866 315 902 117
345 863 458 912 pedes
489 862 605 898 Rhen.
644 867 677 897 et
708 861 806 909 quod
835 873 896 896 ex-

235 919 362 962 currit,
393 919 465 953 duo
479 919 596 953 stadia
614 918 773 954 elliciunt
791 918 893 956 1139

234 976 347 1025 pedes
369 974 550 1010 Parisinos
577 987 604 1009 s.
635 973 784 1018 0,0499
818 972 895 1008 mil-

233 1032 308 1068 liar.
332 1044 458 1079 geogr.
505 1030 560 1066 'su
579 1031 651 1065 vid.
677 1030 712 1065 u
727 1043 813 1065 urm.
831 1029 852 1064 l.
874 1029 894 1064 l.

297 1088 437 1136 Τρίτον
472 1085 513 1124 δέ
554 1099 625 1134 σφι
655 1083 893 1137 ἕΞέργασι-αι]

234 1144 431 1188 Heraeum,
461 1156 490 1179 s.
511 1143 765 1192 amplissimum
785 1143 894 1178 luno-

233 1202 289 1237 nis
309 1202 482 1250 templum
506 1199 672 1247 intelligi,
702 1201 801 1235 cuius
824 1211 896 1234 una

235 1270 316 1294 cum
356 1256 499 1293 Dianae
535 1256 717 1305 Ephesiae
757 1255 896 1304 templo

237 1314 307 1349 iam
327 1325 436 1362 supra
457 1312 503 1358 ΙΙ,
527 1312 602 1351 148
632 1311 771 1348 Noster
796 1323 898 1347 men-

237 1370 372 1405 tionem
400 1369 557 1414 fecerat,
596 1369 774 1404 neminem
795 1368 899 1415 fugit.

238 1425 297 1462 De
321 1438 392 1472 quo
413 1424 548 1473 templo
569 1426 668 1472 quod
686 1425 899 1461 Herodotus

240 1482 381 1518 scribit:
424 1478 518 1530 νηὸς
541 1479 718 1531 μέγιστος
740 1477 901 1518 πάντων

238 1540 318 1575 τῶν
347 1535 460 1587 ἡμεῖς
479 1537 615 1585 ἴδμεν,
655 1538 692 1573 id
719 1550 762 1574 eo
785 1537 900 1585 magis

238 1594 368 1643 respici
401 1593 477 1629 vult
504 1593 690 1630 Thiersch.
712 1592 733 1628 l.
756 1593 776 1629 l.
813 1606 898 1642 pag.

241 1650 333 1695 185,
357 1650 527 1698 quoniam
548 1663 615 1687 nec
632 1650 901 1699 Aegyptiorum

238 1705 374 1756 templa
399 1706 618 1756 amplissima
644 1719 685 1742 ac
714 1706 901 1755 spatiosis-

241 1763 342 1808 sima,
371 1775 463 1811 quae
482 1763 560 1812 ipse
575 1763 717 1800 viderat
732 1763 902 1799 Herodo-

240 1824 320 1865 tus,
360 1832 404 1855 eo
433 1819 643 1856 eximantur.
708 1818 807 1855 Add.
840 1819 902 1862 ΙΙΙ,

244 1878 336 1916 123.
372 1875 413 1910 In
435 1875 570 1911 Heraei
592 1876 844 1923 magnitudine
864 1880 903 1912 et

244 1931 438 1980 splendore
486 1933 716 1968 consentiunt
763 1938 903 1969 veteres

244 1987 436 2035 scriptores
463 1988 603 2034 (Strab.
634 1987 719 2023 XIV
745 2001 782 2036 p.
810 1990 903 2034 637,

245 2055 273 2079 s.
294 2041 387 2082 944.
428 2043 584 2079 Pausan.
602 2043 682 2089 VH,
702 2044 726 2083 5
747 2042 783 2093 ἓ.
810 2048 846 2083 2.
867 2046 902 2082 6.

246 2100 360 2136 Cicer.
390 2099 424 2134 in
448 2100 549 2136 Verr.
579 2099 605 2144 l,
631 2102 696 2137 20.
735 2100 903 2149 Appulei.

244 2155 382 2192 Florid.
406 2155 435 2190 ll
459 2168 511 2191 nr.
535 2157 583 2195 15
607 2155 654 2191 T.
681 2155 692 2191 Ι
715 2169 798 2204 pag.
823 2156 904 2195 350

245 2211 411 2247 Elmenh.
437 2211 467 2247 ll
495 2224 581 2260 pag.
604 2211 655 2250 49
688 2212 904 2257 Oudend.);

246 2267 355 2304 hodie
383 2280 455 2303 non
478 2268 544 2303 nisi
571 2280 686 2317 pauca
712 2281 905 2317 superesse

243 2324 375 2360 rudera
426 2324 568 2361 lonicae
618 2331 820 2361 structurae
862 2337 905 2361 ex

243 2380 407 2416 Bedfort.
437 2381 534 2429 apud
563 2380 690 2416 Leake
723 2381 810 2417 Asia
841 2382 906 2417 mi-

244 2449 321 2472 nor.
353 2450 387 2485 p.
409 2436 490 2475 348
517 2442 621 2473 notat
643 2438 685 2473 C.
708 2438 753 2473 O.
774 2437 906 2474 Miiller

244 2491 394 2528 Handb.
420 2493 455 2528 d.
476 2492 662 2530 Archaeol.
689 2507 724 2542 p.
747 2492 814 2539 55,
845 2494 905 2530 ubi

245 2547 395 2596 longum
419 2549 528 2585 fuisse
559 2550 610 2585 ait
639 2551 813 2599 templum
842 2563 905 2599 pe-

249 2604 312 2640 des
328 2603 421 2649 346,
440 2605 552 2642 latum
574 2607 649 2645 189
673 2606 800 2655 pedes.
833 2607 905 2650 Qui

248 2658 344 2696 idem
381 2661 409 2695 si
449 2661 485 2697 in
532 2661 648 2698 locum
695 2663 906 2711 antiquioris

249 2715 373 2764 templi
392 2716 514 2753 Dorici
537 2718 605 2754 hoc
626 2718 803 2768 templum
827 2732 907 2755 suco

251 2772 399 2808 cessisse
419 2773 532 2810 videri
555 2776 700 2820 statuit,
731 2775 904 2823 Polycra-

250 2827 294 2862 tis
331 2828 562 2876 probabiliter
600 2835 785 2880 tempore,
835 2831 905 2867 alio

250 2886 369 2920 tamen
390 2882 469 2920 loco
490 2883 594 2935 (pag.
618 2888 692 2934 33)
725 2887 794 2924 hoc
814 2901 904 2937 opus

671 435 829 488 Τρίτον
861 432 905 475 δέ
936 443 1015 487 σφι
1047 429 1310 484 ἐξέργασται,
1351 426 1457 483 νηός
1487 426 1582 482 izi-1

951 575 1101 612 Rlloeco
1165 579 1203 611 et
1260 573 1460 611 Theodoro
1523 571 1617 607 circa

952 633 1098 681 Olyrnp.
1130 629 1449 667 XXxv—XLY
1479 628 1619 665 adscri-

953 689 1027 734 bit,
1064 689 1101 725 id
1122 701 1200 725 cum
1223 686 1401 724 Herodoti
1422 685 1540 722 verbis
1558 684 1616 721 vix

952 745 1132 781 conciliari
1145 745 1293 794 poterit.
1325 742 1506 779 Herodoti
1520 741 1615 778 enim

952 803 1083 838 verba:
1119 803 1189 838 τοῦ
1213 796 1448 850 α’ρχιτέκτων
1474 799 1610 848 πρῶ-

953 873 1039 904 τος
1082 856 1232 908 ἐγένετο
1275 855 1431 901 ‘Poizog
1483 855 1613 892 Φίλεω

954 915 1042 950 haec
1084 915 1244 950 indicare
1283 915 1469 955 videntur,
1519 924 1615 959 quae

952 972 1065 1021 ipsius
1094 970 1294 1007 'l'liierschii
1323 969 1344 1005 l.
1373 969 1393 1005 l.
1425 982 1508 1018 pag.
1535 966 1614 1007 185

952 1028 1071 1063 xerbis
1095 1028 1227 1063 referre
1256 1026 1452 1062 malumus:
1495 1024 1613 1070 „dass

952 1084 1121 1120 Rhoecus
1143 1084 1214 1120 den
1230 1083 1316 1119 Plan
1339 1081 1518 1131 gemacht,
1537 1080 1612 1116 und

954 1141 1025 1176 den
1056 1140 1134 1175 Bau
1167 1141 1384 1188 begonnen,
1422 1137 1516 1175 nach
1540 1137 1613 1173 ihm

955 1198 1043 1233 aber
1064 1198 1231 1241 Andere,
1271 1197 1361 1232 oder
1394 1195 1618 1242 wenigstens

955 1254 1012 1290 ein
1034 1252 1200 1289 Anderer
1220 1253 1282 1288 ihn
1302 1253 1523 1300 fortgesetzt
1545 1250 1619 1286 und

955 1308 1178 1346 vollendetf‘
1235 1309 1309 1345 Iam
1335 1322 1421 1345 vero
1441 1308 1619 1344 Rhoecum

956 1365 1051 1402 illum
1072 1367 1118 1401 ad
1139 1366 1398 1415 Olympiadum
1417 1366 1531 1411 initia,
1551 1364 1620 1412 igi-

957 1427 1015 1458 tur
1036 1424 1148 1458 multo
1181 1429 1265 1459 ante
1286 1422 1485 1471 Polycratis
1520 1425 1622 1457 aeta-

958 1484 1053 1525 tem,
1093 1480 1275 1528 pertinere
1302 1479 1457 1515 maxime
1487 1477 1622 1527 proba-

959 1535 1040 1571 bilis
1073 1542 1128 1572 est
1159 1536 1357 1579 sententia,
1399 1534 1622 1583 obloquente

958 1593 1124 1640 quamvis
1147 1592 1315 1628 Panofka
1334 1591 1507 1627 Samiorr.
1545 1590 1621 1627 Res

956 1661 1042 1698 pag·
1067 1648 1131 1687 51.
1153 1650 1218 1688 58.
1267 1649 1373 1684 Conf.
1399 1660 1508 1696 supra
1529 1650 1621 1682 nott.

959 1705 1005 1741 ad
1026 1705 1090 1750 ΙΙΙ,
1119 1704 1185 1744 41.
1235 1705 1363 1753 ltaque
1392 1703 1568 1754 templum
1598 1715 1620 1740 a

958 1761 1107 1798 Rhoeco
1124 1762 1256 1798 exstrui
1274 1765 1457 1810 coeptum,
1486 1763 1621 1810 postea

958 1819 1206 1854 crescentibus
1246 1818 1450 1854 Samiorum
1499 1817 1620 1861 rebus,

959 1875 1091 1911 sensim
1116 1874 1324 1923 sensimque
1343 1874 1544 1923 perfectum
1562 1873 1621 1909 fu-

959 1931 1030 1968 isse
1054 1935 1198 1980 putem,
1240 1937 1281 1967 ut
1302 1930 1505 1980 Polycratis
1531 1933 1624 1965 tcm-

960 2001 1072 2037 pore,
1118 2000 1189 2036 quo
1224 1988 1305 2036 ipso
1332 1988 1534 2023 Samiorum
1565 1998 1623 2022 res

961 2044 1116 2079 maxime
1150 2045 1316 2079 floruisse
1348 2042 1520 2080 credibile
1554 2047 1623 2088 est,

962 2099 1165 2135 absolutum
1186 2100 1297 2135 videri
1319 2100 1492 2148 potuerit.
1524 2097 1622 2134 Nam

962 2161 1045 2205 post
1056 2155 1256 2204 Polycratis
1276 2161 1435 2192 aetatem
1448 2154 1621 2204 templum

961 2213 1161 2261 perfectum
1182 2212 1293 2248 fuTsse
1315 2217 1354 2248 ut
1377 2212 1534 2258 credam,
1556 2211 1623 2247 mi-

962 2269 1058 2305 nime
1094 2268 1227 2304 adduci
1263 2281 1435 2317 possum,
1485 2269 1622 2318 quippe

962 2325 1166 2361 Samiorum
1193 2325 1301 2361 rebus
1329 2330 1416 2361 tunc
1449 2324 1623 2373 temporis

963 2381 1032 2417 iam
1056 2382 1176 2417 fractis
1197 2394 1238 2418 ac
1259 2382 1466 2418 deminutis.
1516 2380 1624 2417 Conf.

963 2437 1152 2475 T‘hiersch.
1174 2437 1194 2473 l.
1214 2438 1235 2474 l.
1273 2437 1352 2474 Nec
1379 2438 1482 2475 aliter
1503 2437 1624 2474 medio

962 2507 1065 2540 aevo,
1090 2495 1189 2542 quod
1214 2494 1353 2539 dicunt,
1391 2493 1528 2544 templa
1554 2492 1625 2538 illa,

964 2563 1058 2599 quae
1082 2551 1314 2596 admiramur,
1341 2550 1563 2600 amplissima
1584 2561 1626 2585 ac

966 2607 1260 2656 splendidissima
1288 2620 1354 2656 per
1374 2606 1511 2644 Italiam
1532 2606 1627 2642 Ger-

965 2664 1169 2701 maniamve
1208 2663 1401 2700 multorum
1450 2674 1626 2699 annorum

964 2720 1132 2768 adeoque
1170 2719 1370 2757 seculorum
1400 2732 1466 2768 per
1496 2720 1625 2755 decur*

964 2789 1040 2812 sum
1065 2781 1248 2813 exstructa
1276 2780 1312 2813 et
1340 2788 1385 2812 ne
1407 2776 1457 2812 sic
1479 2774 1625 2822 quidem

963 2833 1127 2881 perfecta
1162 2833 1295 2878 fuisse,
1348 2833 1428 2880 quis
1468 2835 1524 2867 est
1563 2830 1625 2878 qui

964 2887 1132 2925 nesciat?
1153 2910 1208 2914 —
1237 2888 1296 2925 De
1317 2887 1500 2933 donariis,
1531 2897 1626 2935 quae
