1904 3304
35 840 136 886 204

34 1334 133 1382 205
176 1332 223 1375 ἐν
252 1336 304 1389 τῇ
334 1334 389 1387 γῇ
419 1334 472 1386 τῇ
496 1331 701 1386 Βακτρίῃ.

470 227 1032 266 MELPOMENE.

1092 227 1152 264 IV.
1363 227 1447 267 639

181 339 295 395 πέδῳ
325 336 459 393 ταύτῃ
491 331 598 394 ἦλθε
627 336 744 391 παρὰ
771 334 1017 389 Ἀρυάνδεω
1049 335 1248 392 ἅγγελος,
1287 332 1445 378 α’ποκα-

154 420 175 451 5
187 412 295 454 λέων
333 406 505 458 αὐτούς.

181 479 335 526 ἐπόδιά
379 491 459 535 σφι
498 481 677 526 δοῦναι,
718 479 896 533 ἔτυχον·

567 410 611 451 οἱ
651 409 696 451 δὲ
730 407 895 461 Πέρσαι
930 408 1191 462 Κυρηναίων
1221 406 1448 462 δεηθέντες

957 477 1164 534 λαβόντες
1202 477 1249 521 δὲ
1286 480 1447 528 ταῦτα,

155 548 523 596 δάπαλλάσσοντο
564 551 604 601 ἐς
642 548 720 605 τὴν
753 551 989 603 Αἴγυπτον.
1046 547 1372 605 παραλαβόντες
1401 548 1505 590 δὲῖῡ

178 623 229 667 τό
262 623 463 666 ἐνθεῦτεν
494 619 658 671 αὐτούς
688 622 870 676 Λίβυες,
913 623 989 674 τῆς
1016 635 1060 662 τε
1092 620 1275 675 ἐσθῆτος
1305 621 1450 662 εἵνεκα

180 694 255 738 καὶ
296 697 372 749 τῆς
413 696 569 747 σκευῆς
616 691 720 742 τούς
767 690 1140 745 ὑπολειπομένους
1182 689 1329 734 αὐτῶν
1375 689 1448 733 καὶ

181 764 494 819 ἐπελκομένους
544 763 781 819 ἐφόνευον,

181 835 399 880 ἀπικέατο.

462 830 600 885 Οὗτος
641 832 664 877 ὁ
705 833 911 888 Περσέων
952 833 1134 887 στρατὸς
1174 837 1248 889 τῆς
1278 831 1444 887 Λιβύης

180 905 398 952 ἑκαστάτω
430 906 472 956 ἐς
501 904 797 957 Εὐεσπερίδας
836 898 965 957 ἦλθε.
1017 903 1121 954 τούς
1152 904 1197 947 δὲ
1227 900 1442 959 ἠνδραπο-

849 762 891 813 ές
938 761 962 804 ὃ
1012 763 1054 812 ές
1099 761 1178 818 τὴν
1221 765 1447 818 Αἴγυπτον

180 981 357 1022 δίσαντο
397 980 485 1019 τῶν
523 976 776 1030 Βαρκαίων,
826 972 1011 1024 τούτους
1041 975 1087 1017 δὲ
1117 974 1163 1016 ἐκ
1193 977 1269 1030 τῆς
1299 973 1442 1029 Αἰγύ-
1456 979 1500 1013 75

179 1065 292 1092 πτου
332 1046 638 1098 ἀνασπάστους
673 1044 882 1100 ἐποίησαν
919 1044 1038 1099 παρά
1078 1044 1277 1100 βασιλέα·
1320 1048 1448 1101 βασι-

180 1119 280 1171 λεὺς
322 1119 368 1162 δέ
413 1131 491 1174 σφι
530 1123 716 1173 Δαρεῖος
758 1116 890 1159 ἔδωκε
935 1118 1011 1171 τῆς
1052 1116 1268 1171 Βακτρίης
1306 1115 1448 1171 χώρης

151 1191 337 1246 Ξκώμην
367 1188 680 1243 ἐγκατοικῆσαι.
728 1189 770 1231 οἵ
800 1187 845 1230 δὲ
874 1191 926 1242 τῇ
953 1183 1077 1242 κώμῃ
1108 1184 1243 1243 ταύτῃ
1275 1186 1448 1242 οὔνομα

181 1261 331 1304 ἔθεντο
363 1258 565 1314 Βάρκην,
603 1257 712 1314 ἥπερ
751 1259 812 1301 ἔτι
847 1258 921 1300 καὶ
959 1256 1001 1308 ἐς
1031 1256 1103 1312 ἐμὲ
1133 1251 1188 1312 ἦν
1219 1256 1448 1312 οἰκευμένη

318 1461 350 1498 C
361 1473 429 1512 ap.
460 1461 587 1500 CCIV.

181 1515 220 1563 ἐς
243 1512 541 1569 Εὐεσπερίδας]
574 1518 658 1554 vid.
690 1520 784 1553 nott.

123 1574 172 1611 ad
199 1574 272 1621 lV,
304 1577 394 1614 171.
446 1575 558 1612 Unde
589 1574 783 1622 colligitur,

124 1630 334 1680 Cyrenaeos
349 1629 560 1680 Libyesque
570 1630 688 1667 Persis
708 1642 783 1666 nou

123 1687 236 1724 fuisse
260 1687 447 1734 subditos,
489 1700 643 1736 quorum
672 1686 782 1723 statio

122 1743 190 1780 fuit
209 1743 358 1780 Maroae
388 1744 471 1791 (ΙΙ,
503 1743 576 1794 30)
604 1745 641 1780 iu
659 1742 785 1792 Aegy-

123 1799 178 1849 pti
201 1799 347 1846 fiuibus,
371 1812 464 1848 quos
484 1801 529 1837 ab
548 1800 705 1848 Libyum
728 1802 785 1835 in·-

123 1855 347 1892 cursionibus
381 1860 597 1894 tutarentur.
650 1855 784 1904 Neque

125 1913 221 1948 enim
264 1911 417 1949 multum
455 1913 611 1950 valuisse
641 1912 786 1949 videtur

124 1967 239 2014 illud,
279 1969 379 2017 quod
413 1968 588 2017 Cambysi
624 1969 786 2016 itemque

124 2024 263 2070 Dario,
304 2029 342 2061 ut
369 2029 526 2062 testatur
554 2025 694 2062 Herod.
722 2023 785 2071 111,

128 2083 193 2122 13.
229 2083 279 2120 91
318 2081 415 2118 dona
443 2082 568 2118 tributi
597 2081 646 2118 ad
674 2081 788 2117 instar

125 2137 299 2174 miserunt
316 2138 414 2186 regis
430 2138 521 2175 iram
541 2137 730 2188 placaturi.

184 2189 462 2240 ἀνασπάστους
475 2192 684 2244 ἐποίησαν]
704 2192 786 2230 Ma-

126 2247 161 2287 le
177 2249 262 2287 olim
280 2245 538 2297 άναστάτους.
574 2250 671 2288 Nam
688 2249 787 2286 aliud

127 2310 184 2343 est
211 2301 433 2346 άνάστατον
463 2310 614 2353 ποιεῖν,
642 2307 689 2344 de
713 2318 786 2355 quo

128 2362 282 2400 diximus
305 2364 354 2401 ad
383 2363 420 2411 Ι,
451 2366 527 2411 76,
559 2363 658 2400 aliud
691 2357 787 2401 άνά-

131 2428 304 2459 σπαστον
324 2423 468 2467 ποιεῖν,
493 2420 593 2469 quod
616 2420 663 2456 de
682 2431 787 2457 ever-

131 2486 195 2512 sae
229 2477 327 2513 urbis
359 2477 567 2525 regionisve
595 2475 720 2513 incolis
750 2476 786 2512 in

130 2531 377 2580 captivitatem
423 2533 633 2582 alienasque
680 2532 786 2569 sedes

131 2587 297 2624 abductis
339 2588 394 2627 vel
432 2602 583 2640 prorsus
628 2588 787 2639 expulsis

130 2642 374 2694 relegatisque
401 2645 541 2683 dicitur.
578 2645 660 2681 Vid.
689 2649 785 2682 nott.

131 2700 181 2736 ad
214 2700 288 2747 ΙΙΙ,
325 2702 391 2741 93.
432 2702 485 2739 Ac
515 2701 636 2752 plures
666 2701 787 2738 istius·-

130 2756 231 2793 modi
267 2761 395 2804 gentes
425 2770 469 2795 ex
497 2758 567 2795 hoc
593 2758 787 2795 Persarum

132 2825 232 2850 more
255 2826 275 2850 e
293 2813 412 2863 patrio
432 2814 509 2850 solo
526 2814 697 2851 aliorsum
719 2814 785 2851 ab-

133 2868 260 2906 ductas
279 2874 443 2908 recenset
462 2870 597 2908 Ritter.
616 2869 787 2909 Vorhalle

767 1327 830 1372 Οὐ
861 1329 939 1384 μὲν
969 1326 1071 1372 οὐδὲ
1101 1326 1126 1383 ἡ
1154 1330 1365 1384 Φερετίμη
1396 1323 1444 1371 εὖ

841 1463 908 1496 etc.
938 1472 975 1509 p.
1005 1461 1069 1500 38.
1100 1461 1166 1499 39.
1207 1458 1413 1497 Herodotei
1437 1458 1507 1496 loci

841 1528 916 1551 non
936 1517 1134 1553 immemor.
1155 1537 1211 1543 —
1242 1515 1404 1566 βασιλέα
1424 1528 1504 1553 cum

841 1572 958 1608 Gaisf.
982 1573 1108 1621 scripsi
1132 1586 1198 1622 pro
1220 1573 1404 1623 βασιλῆα.

1041 1630 1071 1664 C
1085 1641 1153 1678 ap.
1186 1629 1297 1666 CCV.

901 1679 960 1722 Ου’
982 1681 1052 1734 μὲν
1076 1681 1169 1723 οὐδὲ
1190 1683 1219 1734 ἦ
1242 1685 1435 1736 Φερετίμη
1459 1679 1506 1724 εὖ

839 1737 913 1792 τήν
943 1737 1035 1790 ζόην
1062 1740 1293 1792 κατέπλεξε]
1329 1743 1351 1779 i.
1376 1755 1407 1779 e.
1431 1741 1506 1779 Ne·-

841 1810 905 1848 que
929 1801 1045 1839 tamen
1070 1799 1150 1835 bene
1167 1801 1277 1835 vitam
1289 1799 1434 1848 finivit,
1465 1802 1505 1835 ut

840 1856 1101 1904 interpretatur
1117 1854 1292 1892 Valcken.
1306 1856 1355 1891 ad
1367 1855 1414 1900 V,
1435 1856 1503 1901 92,

840 1911 904 1948 ubi
944 1915 1002 1947 est
1036 1909 1261 1950 διαπλέκειν
1298 1908 1368 1950 τόν
1400 1911 1504 1961 βίον,

840 1968 953 2003 vitam
981 1979 1087 2014 agere
1121 1980 1149 2004 s.
1171 1971 1351 2016 pertexere
1380 1969 1504 2014 vitam,

842 2025 935 2059 vitae
969 2023 1095 2067 telam3
1135 2028 1173 2059 ut
1202 2036 1290 2061 saue
1318 2036 1392 2060 non
1415 2023 1507 2060 mul-

843 2084 918 2116 tum
932 2079 1078 2117 differre
1093 2080 1261 2117 videatur
1272 2080 1317 2117 ab
1331 2093 1388 2126 eo,
1404 2080 1505 2129 quod

844 2136 1013 2172 continuo
1041 2135 1193 2184 legitur:
1225 2132 1406 2175 άπέθανε
1430 2151 1505 2175 κα-

843 2194 936 2238 κῶς.
966 2213 1023 2218 --
1062 2192 1134 2228 Pro
1164 2189 1236 2242 μὲν
1263 2207 1351 2231 cave
1379 2193 1506 2230 rescri-

843 2249 911 2286 bas
933 2243 1026 2298 μήν.
1059 2249 1141 2285 vid.
1166 2249 1213 2295 ΙΙ,
1248 2252 1339 2290 120.
1371 2249 1430 2286 Ad
1451 2249 1505 2286 lo-

845 2305 876 2341 ci
898 2309 1151 2353 argumentum
1182 2306 1250 2353 (ad
1269 2306 1370 2354 quod
1389 2306 1504 2355 perti-

843 2365 907 2399 net
929 2362 1059 2398 Suidas
1089 2375 1118 2399 s.
1139 2374 1172 2399 V.
1198 2358 1310 2401 εὐλαί
1328 2362 1341 2398 Ι
1362 2376 1396 2412 p.
1419 2361 1503 2403 894

843 2423 882 2455 et
902 2417 1086 2455 Heraclid.
1111 2418 1250 2456 Pontio.
1279 2432 1315 2468 p.
1329 2420 1353 2457 8
1373 2417 1503 2465 Koel.)

843 2474 933 2511 haec
959 2475 1056 2512 idem
1087 2474 1296 2512 Valcken.
1334 2475 1506 2522 „Crude-

844 2530 1000 2568 lissimae
1032 2531 1188 2568 mulieris
1209 2533 1322 2568 fatum
1342 2543 1414 2568 non
1436 2530 1504 2567 ini·

844 2587 973 2624 beuter
997 2592 1256 2625 commemorat
1281 2591 1318 2624 et
1341 2594 1380 2623 ut
1397 2587 1500 2635 inge-

842 2643 903 2679 nio
930 2656 995 2680 suo
1021 2644 1196 2681 malorum
1223 2656 1307 2681 osor
1329 2643 1501 2680 Herodo-

841 2703 901 2736 tus
924 2700 1150 2738 satisfaceret
1179 2705 1216 2738 et
1239 2704 1279 2736 ut
1306 2699 1499 2737 formidine

841 2768 985 2806 poenae
1002 2756 1156 2794 lectores
1171 2769 1193 2793 a
1208 2756 1340 2793 talibus
1360 2756 1501 2793 abster-

842 2816 963 2858 reret;
1002 2814 1156 2864 adparet
1179 2813 1313 2861 ubique
1337 2811 1499 2848 historici

843 2864 1038 2917 διάθεσις,
1068 2869 1185 2919 qualis
1209 2868 1388 2917 Dionysio
1411 2868 1499 2905 dici-

1501 824 1646 852 Barcacis
1685 825 1779 860 captis

1500 861 1584 885 vicus
1604 859 1636 885 in
1654 858 1779 885 Bactria

1501 893 1589 920 datur
1624 892 1662 920 ad
1696 892 1777 919 inco-

1500 926 1630 954 lendum.

1503 1325 1676 1354 Pher-etima
1706 1327 1781 1354 intc-

1504 1361 1543 1387 rit
1560 1361 1649 1388 foedo
1671 1362 1782 1392 morbo,
