1904 3304
392 219 477 260 368

780 216 1251 257 HERODOTI

389 328 464 372 καὶ
482 325 622 387 Ιὴλίου
653 325 868 377 ἀνατολὰς
898 325 1218 378 ἐςθάλασσαν·
1265 326 1337 369 διοὶ
1366 326 1591 382 θαλάσσης
1618 326 1665 369 δὲ

389 399 497 455 πρὸς
527 398 715 454 ἑσπέρην
735 399 958 448 πλέοντες,
990 400 1234 453 τριηκοστῷ
1252 397 1355 453 μηνὶ
1381 396 1664 441 ἀπικνέονται

389 469 433 520 ἐς
462 473 623 513 τοῦτον
653 469 730 512 τόν
758 472 930 524 χῶρον,
975 469 1084 512 ὅθεν
1125 466 1148 511 ὁ
1181 469 1432 523 Αἰγυπτίων
1461 468 1666 525 βασιλεύς

391 542 494 592 τούς
520 543 751 591 Φοίνικας,
779 540 881 591 τούς
898 539 1114 594 πρότερον
1144 538 1268 589 εἶπα,
1297 538 1515 582 ἀπέστειλε
1545 541 1722 592 περι-40

363 610 559 655 ὃπλιόειν
596 609 783 668 Λιβύην.
842 611 946 668 μετα
981 611 1027 655 δὲ
1067 610 1254 662 τούτους
1291 609 1663 664 περιπλώσαντας,

339 770 449 807 tribui
476 782 587 820 posse
616 773 746 819 negat,
785 769 851 807 sed
877 768 999 806 Hero-

339 827 450 871 doto,
483 827 556 875 qui,
586 839 700 877 prava
722 826 853 863 saeculi
875 827 930 862 sui
952 826 1000 863 de

339 883 429 921 mari
445 883 609 920 orientali
626 883 798 933 opinione
811 884 1000 932 deceptus,

339 941 387 976 ita
411 939 586 987 retulerit,
615 953 696 976 cum
715 939 811 975 illum
840 940 999 976 secundo

340 997 489 1033 ssumine
528 1009 644 1045 usque
684 997 731 1033 ad
766 1009 866 1033 mare
905 996 1001 1032 navi-

343 1065 449 1101 gasse
477 1053 661 1090 audiisset.
701 1052 801 1095 Quin
822 1053 864 1089 A.
889 1052 936 1088 G.
955 1052 1002 1088 de

343 1108 520 1157 Schiegei.
565 1109 612 1146 ob
651 1109 740 1145 haec
767 1110 868 1159 ipsa,
908 1121 1003 1157 quae

343 1170 472 1215 aperte
503 1165 596 1202 falsa
623 1165 720 1210 sint,
750 1178 894 1201 omnem
920 1177 1003 1200 nar-

343 1222 522 1258 rationem
544 1225 748 1271 suspectam
765 1221 841 1257 fieri
853 1225 1005 1257 conten-

343 1279 408 1314 dit.
459 1277 518 1314 Cf.
558 1277 691 1314 Berlin.
724 1276 1002 1314 Taschenbuch.

345 1335 453 1374 1829
482 1347 567 1384 pag.
603 1335 666 1372 18.
704 1332 795 1369 Mihi
825 1346 928 1370 secus
950 1334 1004 1369 vi-

343 1391 473 1433 detur‚·
504 1391 566 1439 qui
597 1390 644 1427 ob
672 1389 786 1426 levem
812 1389 907 1426 hunc
925 1389 1003 1427 He-

342 1447 462 1483 rodoti
481 1459 640 1484 errorem
662 1447 709 1483 de
726 1446 911 1497 scriptoris
930 1446 1003 1483 fide

342 1503 531 1554 ipsiusque
552 1503 794 1552 navigationis
813 1515 835 1539 a
852 1502 1004 1550 Scylace

343 1564 536 1609 susceptae
559 1560 710 1596 veritate
741 1560 906 1596 dubitare
936 1572 1004 1595 no-

340 1615 414 1653 lim.
442 1616 540 1652 Add.
562 1615 674 1652 Koes.
698 1615 718 1652 1.
731 1616 752 1652 l.
768 1629 852 1666 pag.
866 1618 919 1656 20
931 1620 1005 1652 not.

341 1672 464 1721 Atque
503 1673 737 1710 Herodotum
787 1673 833 1708 ab
872 1673 1004 1709 erroris

343 1729 491 1766 crimine
545 1729 689 1765 liberari
728 1741 837 1779 posse
878 1732 1005 1766 censet

343 1785 467 1823 wahl.
501 1785 718 1823 Erdbeschr.
766 1798 799 1821 v.
853 1785 1002 1824 Ostind.

345 1855 381 1893 p.
402 1841 505 1889 475,
534 1855 613 1879 cum
642 1842 689 1879 de
717 1842 898 1892 primitivo
926 1841 1004 1878 indi

345 1911 451 1936 cursu
475 1902 614 1935 tantum
640 1898 809 1946 loquatur
830 1898 888 1935 ille
912 1898 1003 1947 Scy-

345 1954 507 2004 lacisque
535 1955 806 2004 navigationem
832 1967 853 1991 a
873 1954 1005 2004 potiori

345 2011 549 2049 directione
579 2012 771 2049 describat.
830 2012 1005 2059 Gangem,

345 2081 419 2105 non
442 2067 574 2105 Indum
599 2068 711 2105 fuisse
744 2068 915 2114 fluvium,
946 2068 1008 2117 qui

345 2125 394 2162 ad
422 2125 598 2162 orientem
626 2125 817 2169 decurrat,
847 2125 1008 2175 suspica-

348 2185 408 2218 tus
448 2185 527 2219 erat
557 2181 734 2218 Dodwell.
766 2181 920 2219 Dissert.
961 2181 1009 2219 de

348 2237 488 2286 Scylac.
528 2236 565 2288 ἓ.
597 2240 632 2278 1.
682 2238 866 2275 Heerenio
897 2238 1008 2274 ldeen

347 2299 415 2332 etc.
446 2294 484 2340 1,
518 2301 539 2334 1
571 2305 657 2343 pag.
682 2294 764 2334 355
795 2294 1008 2331 Herodotus

348 2351 494 2387 videtur
531 2350 718 2400 posuisse:
769 2351 914 2386 fluvium
944 2348 1009 2386 In-

350 2406 433 2444 dum
454 2419 521 2456 pro
545 2407 656 2443 fluvio
677 2407 792 2443 Gureo
813 2419 839 2442 s.
860 2406 1008 2451 Knmeh‚

349 2476 458 2512 quem
484 2462 559 2500 scii.
579 2475 658 2499 cum
682 2462 772 2498 lndo
792 2463 1009 2500 confuderit.

349 2519 469 2558 Docto
520 2518 627 2555 Gallo
675 2519 823 2556 Dureau
879 2520 926 2556 de
976 2520 1010 2557 la

349 2575 463 2614 Malle
492 2575 514 2612 l.
542 2577 564 2612 l.
597 2588 681 2625 pag.
712 2577 764 2614 67
795 2580 871 2612 not.
901 2577 1010 2613 verba

350 2629 451 2682 πρός
477 2627 539 2682 ἠῶ
567 2645 606 2669 τε
635 2630 702 2669 καὶ
728 2630 843 2681 ἡλίου
867 2626 1010 2670 ἄνατο-

351 2686 422 2736 λοῖς
453 2689 615 2726 indicare
645 2689 818 2725 videntur
848 2690 1010 2725 orientem

353 2750 386 2783 et
429 2745 606 2783 meridiem
644 2758 783 2789 versus;
831 2757 925 2793 quae
961 2746 1009 2781 si:

354 2804 518 2840 orientem
534 2815 652 2839 versus
670 2802 904 2851 accipiantur,
926 2802 1012 2838 scri-

355 2860 533 2898 bendum:
589 2854 691 2911 πρός
728 2859 821 2912 Κοῇ
850 2857 941 2907 (sic)
972 2871 1011 2896 τε

1056 766 1123 806 καὶ
1143 765 1264 818 ἡλίου
1284 762 1480 812 α’νατολοῖς
1511 765 1578 812 (ad
1601 765 1725 802 Choem

1056 826 1227 871 fluvium,
1259 825 1320 873 qui
1349 824 1385 860 in
1408 823 1538 859 Indum
1562 823 1724 870 influat),

1056 888 1098 918 ut
1136 882 1289 919 evitetur
1327 879 1540 928 tautologia.
1601 878 1723 922 Quem

1057 939 1151 986 fugit
1185 950 1296 984 sane,
1328 949 1473 974 omnem
1505 935 1597 972 hanc
1625 934 1725 972 locu-

1058 995 1195 1031 tionem
1226 991 1327 1044 πρός
1356 988 1420 1043 ηἀἷ
1448 1007 1487 1030 τε
1517 990 1584 1030 καὶ
1605 989 1722 1041 ήλίου

1060 1046 1268 1097 α’νατολᾶς,
1296 1063 1390 1098 quae
1411 1049 1518 1087 etiam
1543 1049 1725 1098 reperitur

1059 1107 1100 1153 1,
1133 1107 1237 1152 204,
1268 1106 1427 1143 effictam
1457 1106 1570 1142 videri
1594 1117 1724 1141 secun-

1060 1163 1146 1199 dum
1178 1163 1410 1200 Homericam
1447 1159 1547 1212 πρός
1584 1156 1648 1211 ἠῶ
1682 1174 1723 1199 τε

1060 1214 1198 1268 ἠέλιόν
1238 1233 1278 1257 τε
1305 1218 1344 1254 ΙΙ.
1373 1218 1465 1264 ΧΙΙ,
1504 1218 1608 1261 239,
1649 1217 1724 1254 Od.

1059 1275 1158 1322 Xlu,
1179 1273 1260 1316 240
1282 1275 1418 1322 Hymn.
1440 1275 1475 1310 in
1496 1272 1614 1323 Apoll.
1629 1274 1724 1314 258.

1061 1332 1180 1377 4363
1211 1332 1283 1380 qua
1307 1332 1388 1381 ipsit
1404 1329 1662 1381 comprehendi
1685 1333 1724 1367 et

1059 1388 1237 1424 meridiem
1265 1392 1303 1425 et
1331 1389 1494 1424 orientem
1521 1399 1641 1423 versus
1665 1385 1726 1437 (ut

1060 1441 1162 1496 πρὸς
1197 1439 1351 1492 ζόφον,
1391 1445 1658 1493 septentrionem
1687 1447 1726 1480 et

1061 1502 1270 1538 occidentem
1309 1503 1448 1548 versus)
1492 1500 1614 1551 plures
1641 1499 1725 1537 olim

1061 1562 1291 1602 statuerunt,
1333 1557 1427 1595 inter
1463 1569 1555 1606 quos
1590 1569 1725 1606 nuper-

1063 1615 1150 1651 rime
1175 1613 1394 1650 Maltebrun.
1423 1613 1445 1649 1.
1469 1613 1491 1649 l.
1523 1614 1556 1650 11
1582 1627 1619 1663 p.
1642 1614 1726 1653 332

1063 1670 1142 1708 coil.
1185 1671 1353 1706 Brzoska
1382 1670 1490 1720 Spec.
1521 1669 1534 1705 1
1563 1670 1610 1707 de
1636 1682 1727 1718 geo-

1062 1726 1191 1776 graph.
1230 1725 1380 1774 Mythic.
1439 1725 1562 1776 (Lips.
1597 1726 1726 1772 1831)

1061 1796 1148 1834 pag.
1182 1785 1205 1822 9
1248 1787 1285 1819 et
1316 1783 1531 1831 Bernhardy
1557 1782 1602 1818 ad
1635 1781 1727 1819 Dio-

1062 1852 1142 1889 nys.
1167 1839 1314 1887 Perieg.
1346 1852 1405 1875 vs.
1429 1840 1511 1879 243
1533 1851 1618 1888 pag.
1644 1838 1726 1878 578

1062 1910 1114 1933 vs.
1142 1895 1224 1935 437
1242 1908 1326 1945 pag.
1350 1894 1444 1935 635.
1485 1893 1534 1931 At
1556 1900 1727 1932 accurata

1064 1952 1224 1989 locorum
1248 1952 1523 1990 Homericorum
1545 1952 1727 2001 interpre-

1063 2010 1207 2046 tatione
1226 2009 1312 2045 satis
1324 2009 1553 2058 perspicitur,
1572 2007 1638 2044 hac
1650 2009 1727 2045 for-

1065 2066 1162 2103 muia
1194 2065 1283 2102 nihil
1316 2065 1413 2102 aliud
1435 2065 1633 2113 significari
1658 2063 1728 2100 nisi

1067 2125 1230 2160 orientem
1260 2134 1391 2161 versus.
1453 2121 1559 2164 Quae
1590 2121 1728 2158 Grote-

1065 2180 1180 2227 sendi,
1210 2178 1357 2224 Ukerti‚
1389 2178 1531 2224 Zeunii,
1558 2177 1726 2226 Spohnii,

1067 2235 1245 2274 Nitzschii
1265 2235 1332 2282 (ad
1344 2235 1478 2283 Odyss.
1491 2233 1503 2270 l
1516 2247 1552 2284 p.
1567 2235 1622 2280 9),
1637 2232 1726 2270 aiio-

1066 2306 1144 2329 rum
1161 2292 1344 2329 sententia
1365 2291 1514 2339 egregie
1534 2286 1629 2326 nunc
1641 2302 1726 2339 pro-

1066 2350 1152 2386 bata
1192 2352 1250 2386 est
1278 2347 1446 2384 Voiekeri
1477 2346 1726 2396 disputatione

1067 2406 1103 2442 in
1132 2406 1281 2442 Homer.
1311 2404 1448 2452 Geogr.
1483 2400 1521 2453 ἓ,
1549 2405 1602 2444 27
1637 2414 1724 2454 pag.

1068 2463 1121 2503 43
1145 2474 1223 2510 seq.

1124 2514 1218 2562 τους
1233 2510 1426 2567 πρότερον
1451 2510 1558 2565 εἶπα]
1584 2515 1641 2552 Cf.
1666 2514 1728 2561 IV,

1069 2574 1134 2615 42.
1166 2573 1288 2609 Verba
1303 2568 1398 2622 μετὰ
1418 2569 1459 2609 δὲ
1476 2570 1642 2617 τούτους
1662 2586 1728 2609 πε-

1070 2625 1345 2678 ριπλώσαντας
1382 2628 1523 2666 valent:
1572 2627 1729 2678 confecta

1069 2687 1135 2723 hac
1176 2687 1423 2734 navigatione,
1463 2698 1489 2722 s.
1526 2685 1729 2736 posthanc

1068 2744 1346 2791 navigationem.
1386 2741 1445 2778 Ad
1469 2743 1634 2793 proxime
1670 2754 1728 2779 se-

1067 2800 1215 2849 quentia
1251 2800 1347 2836 conf.
1374 2798 1444 2845 111,
1483 2798 1538 2840 94
1567 2799 1629 2836 fin.
1661 2799 1726 2839 98.

1071 2859 1151 2898 102
1170 2856 1256 2906 ibiq.
1281 2859 1373 2892 nott.
