1904 3304
608 263 949 305 THAL1A‚
1008 263 1070 302 111.

1421 263 1477 302 89

205 375 288 420 οὐκ
318 375 372 419 ἂν
402 374 697 428 συνελάβοντο
724 379 804 418 τοῦ
835 371 1152 428 στρατεύματος
1181 373 1265 414 τοῦ
1290 370 1358 413 ἐπὶ
1388 370 1476 413 Σά-

174 452 292 501 Ξμον
329 444 487 502 ταύτης
532 448 691 489 εἵνεκεν
727 450 803 501 τῆς
842 447 989 500 αἰτίης.
1046 446 1132 486 νῦν
1162 442 1208 485 δὲ
1239 442 1342 493 αἰεὶ,
1385 440 1504 484 ἐπεί1
1537 448 1665 474 ⁰¹¹g¹¹¹⁹-

205 532 249 559 τε
279 516 451 560 ἔκτισαν
469 519 549 574 τήν
579 523 741 574 νῆσον,
771 517 852 559 εἰσὶ
872 513 1081 570 διάφοροι
1105 513 1247 563 ἐόντες
1265 512 1477 555 ἑωυτοῖσι.

204 587 374 631 τούτων
413 585 473 632 ὦν
510 591 672 632 εἵνεκεν
710 586 1085 642 ἀπεμνησικάκεον
1123 590 1237 627 τοῖσι
1268 586 1479 640 Σαμίοισι

175 661 255 701 3οῑ
285 662 538 713 Κορίνθιοι.
596 660 831 715 Ἀπέπεμπε
862 658 908 702 δὲ
938 658 979 707 ἐς
1012 656 1175 709 Σάρδις
1211 655 1280 699 ἐπ’
1319 657 1480 712 ἐκτομῇ
1539 664 1620 703 221

205 732 498 785 Περίανδρος,

564 737 654 775 τῶν
711 731 896 785 πρώτων
944 730 1234 782 Κερκυραίων
1283 727 1506 778 ἐπιλέξαςό

204 802 309 853 τούς
337 805 516 856 παῖδας,
547 801 884 859 τιμωρεύμενος·
915 799 1121 855 πρότεροι
1138 798 1221 856 γὰρ
1244 801 1287 842 οἱ
1309 802 1479 853 Κερκυ-

209 977 294 1017 ἒπεί
315 994 354 1017 τε
386 978 540 1017 ἔκτισαν
569 975 643 1028 τὴν
664 975 806 1028 νῆσον]

149 1035 207 1073 De
227 1041 404 1086 tempore,
418 1050 491 1085 quo
509 1035 649 1072 colonia
667 1036 701 1071 in
716 1036 809 1071 Cor-

150 1105 269 1140 cyram
305 1093 412 1129 suerit
446 1093 622 1137 deducta,
668 1096 808 1129 veteres

151 1149 393 1195 dissentiunt,
431 1162 585 1198 quorum
621 1150 720 1185 locos
755 1149 810 1184 in-

149 1210 327 1255 terpretes
344 1206 390 1241 ad
410 1206 443 1241 h.
464 1205 485 1241 l.
502 1205 661 1241 laudant.
694 1204 811 1241 Nam-

151 1275 223 1310 que
253 1262 432 1298 Eusebius
459 1260 647 1310 (Chronic.
670 1262 700 1297 II
723 1274 810 1310 pag.

155 1321 174 1357 1
185 1317 254 1365 19)
267 1319 335 1354 hoc
343 1319 454 1354 refert
466 1319 512 1353 ad
526 1318 670 1367 Olvmp.
680 1317 811 1360 XVIII,

156 1380 177 1414 1
200 1386 228 1410 s.
248 1376 329 1414 708
355 1386 387 1410 3.
406 1374 493 1410 Chr.
524 1374 659 1410 Strabo
688 1372 750 1423 (vl
774 1387 809 1423 1)-

154 1431 236 1471 269
259 1444 287 1466 s.
311 1430 411 1479 414)
445 1430 492 1466 ad
520 1430 667 1480 Olymp.
692 1430 756 1475 XI,
786 1432 812 1469 2

154 1499 183 1524 s.
206 1489 288 1527 735
315 1499 346 1523 a.
378 1487 462 1523 Chr.
493 1499 550 1531 n.;
582 1500 602 1523 e
627 1499 812 1523 marmorr.

153 1543 371 1579 Oxonienss.
388 1556 423 1592 p.
446 1542 499 1582 25
524 1542 813 1592 Epoch.XXXl[

153 1599 298 1649 Olymp.
318 1600 389 1645 vl,
414 1602 430 1638 1
460 1611 487 1635 S.
508 1601 588 1639 756
609 1612 641 1636 a.
664 1600 749 1636 Chr.
776 1612 813 1634 n.

153 1656 323 1692 constitui
353 1668 462 1706 posse
489 1662 612 1693 censet
641 1655 811 1694 Larcher.

152 1712 199 1750 T.
230 1712 298 1749 Vll
329 1725 414 1762 pag.
444 1712 537 1753 594.
590 1713 813 1749 Strabonem

151 1769 314 1818 sequitur
350 1768 687 1806 RaouI-Rochette
716 1769 812 1804 Hist.

152 1826 199 1862 de
229 1825 424 1861 I’Etabliss.
457 1826 492 1861 d.
524 1825 641 1862 coion.
675 1826 810 1874 Grecq.

152 1882 202 1917 III
228 1895 265 1930 p.
289 1883 379 1922 183.
412 1882 501 1927 185,
524 1882 674 1919 Eusebii
703 1883 811 1919 testi-

153 1939 275 1973 monio
305 1939 448 1974 reiecto.
509 1939 566 1974 Tu
598 1939 670 1974 vid.
701 1939 810 1975 etiam

155 1993 315 2030 Clinton.
347 1994 477 2030 Fastos
501 2007 522 2029 a
543 1995 701 2043 Kriiger.
726 2008 812 2031 con-

154 2062 268 2088 verss.
303 2051 337 2086 iu
366 2049 569 2099 Appendie.
599 2064 683 2100 pag.
716 2050 810 2090 418.

154 2106 342 2143 Sexcentis
362 2111 447 2156 post
475 2106 624 2143 'I'roiam
649 2119 812 2144 eversam

154 2162 258 2198 annis
289 2163 488 2212 Corcyram
518 2164 702 2200 conditam
733 2175 813 2200 esse

154 2223 282 2255 auctor
310 2226 366 2256 est
390 2219 565 2256 Timaeus
598 2234 657 2269 ap.
686 2219 811 2256 Schol.

153 2274 453 2324 Apollon.Rhod.
467 2277 527 2321 IV,
544 2278 662 2316 1216.
680 2276 814 2322 Quem,

154 2332 221 2368 nisi
234 2333 268 2367 in
281 2332 367 2381 ipsis
379 2332 495 2369 verbis
508 2334 691 2377 mendum,
709 2346 816 2380 egre-

155 2388 214 2436 gie
236 2388 376 2438 lapsum
395 2389 573 2435 existimo,
592 2403 670 2425 cum
690 2389 756 2425 hoc
771 2401 814 2425 ex

155 2444 288 2480 calculo
319 2445 461 2482 colonia
489 2446 649 2495 Cypselo
681 2450 715 2481 et
744 2445 815 2482 Pe-

156 2501 300 2537 riandro
329 2502 424 2539 soret
454 2503 647 2551 posterior.
703 2502 815 2544 Quod

156 2569 243 2592 vero
284 2559 413 2595 eodem
452 2558 606 2595 'I'imaeo
655 2564 815 2604 auctore,

159 2612 423 2660 Chersicrates‚
456 2615 516 2663 qui
550 2614 714 2651 coloniae
743 2616 816 2651 dux

159 2673 249 2712 erat,
278 2672 394 2718 patria
422 2672 468 2707 ob
495 2672 664 2708 infamiae
690 2677 815 2708 notam

160 2719 232 2768 (δι’
256 2721 431 2775 ἀτιμίαν)
453 2728 603 2765 cessisse
622 2728 746 2774 fertur,
778 2734 816 2764 ut

159 2793 258 2827 sanc,
286 2782 346 2829 qui
373 2783 479 2831 primi
503 2784 699 2832 Corcyram
726 2797 814 2821 con-

159 2837 333 2883 diderint,
354 2839 530 2875 Corintho
551 2840 644 2889 pulsi
662 2846 727 2877 aut
748 2854 815 2890 per

158 2894 226 2929 vim
253 2894 382 2931 cedere
413 2896 526 2931 coacti
558 2909 638 2934 esse
665 2897 815 2934 videan-

865 982 946 1023 turg
983 976 1067 1013 inde
1097 976 1337 1012 inveteratum
1367 973 1532 1011 coloniae

867 1035 990 1070 odium
1016 1033 1052 1069 in
1082 1030 1298 1081 metropolin
1330 1030 1429 1066 haud
1458 1031 1532 1066 scio

867 1105 913 1129 an
940 1090 1057 1140 repeti
1081 1093 1206 1137 queat.
1264 1088 1354 1124 Inde
1382 1100 1530 1136 quoque

867 1147 1158 1195 antiquissimum
1212 1157 1278 1194 per
1335 1144 1531 1180 Graeciam

866 1203 1042 1254 proelium
1088 1201 1217 1238 navale
1262 1201 1355 1237 inter
1392 1201 1531 1249 Corcy-

868 1273 973 1297 raeos
996 1264 1032 1296 et
1054 1258 1262 1296 Corinthios
1284 1258 1531 1303 commissum,

870 1321 963 1353 teste
978 1316 1185 1363 Thucydid.
1203 1314 1230 1359 Ι,
1254 1316 1317 1353 13.
1375 1313 1435 1350 Τυ
1457 1314 1530 1349 vid.

869 1372 1207 1409 Raoul-Rochette
1234 1370 1255 1406 l.
1277 1369 1297 1405 l.
1326 1384 1362 1420 p.
1386 1368 1465 1410 184
1494 1375 1531 1407 et

871 1443 966 1478 quae
998 1429 1044 1465 de
1067 1428 1231 1477 Corcyra
1262 1426 1414 1463 condita
1439 1427 1534 1463 exci-

870 1490 924 1522 tat
954 1485 999 1522 C.
1032 1484 1076 1521 F.
1109 1484 1299 1520 Hermann
1325 1482 1461 1519 Lehrb.
1497 1483 1535 1519 d.

871 1541 1020 1579 Griech.
1043 1540 1414 1577 Staatsalterthiimer.
1433 1538 1535 1590 §.86

873 1603 949 1635 not.
971 1601 1009 1638 7.

929 1652 1004 1693 εἰσὶ
1038 1648 1231 1704 διάφοροι
1265 1648 1396 1697 ἐόντες
1435 1649 1534 1689 {mv-

870 1711 994 1760 τοῖσι]
1046 1711 1099 1746 lta
1138 1723 1216 1747 cum
1257 1708 1462 1756 Schweigh.
1496 1712 1535 1745 et

873 1769 988 1805 Gaiss.
1016 1768 1134 1812 edidi,
1165 1779 1388 1815 quamquam
1410 1778 1456 1802 ne
1485 1766 1535 1801 sic

869 1825 1017 1875 quidem
1038 1824 1071 1860 h.
1094 1823 1114 1859 l.
1135 1828 1399 1872 perpurgatum
1421 1822 1535 1858 videri

868 1886 967 1919 recte
989 1885 1113 1918 monet
1136 1880 1253 1918 Gaisf.
1303 1879 1471 1927 Plerique
1493 1878 1536 1914 li-

868 1938 923 1975 bri
945 1942 1028 1988 post
1063 1936 1138 1975 εἰσὶ
1161 1938 1326 1973 inserunt
1354 1930 1536 1986 ἀλλήλοι-

870 2007 920 2041 σι,
943 1994 1043 2043 quod
1060 1994 1211 2031 retinuit
1227 1993 1415 2029 Matthiae.
1447 1991 1534 2028 Val-

869 2051 1097 2097 ckenaerius,
1127 2054 1271 2086 retenta
1296 2062 1386 2086 voce
1409 2043 1531 2097 α’λλή-

870 2109 971 2145 λοισι
990 2111 1025 2143 et
1036 2106 1266 2143 distinctione
1284 2106 1535 2154 brevioripost

872 2159 1061 2212 διάφοροι
1082 2162 1214 2212 posita,
1245 2165 1327 2211 post
1351 2160 1533 2199 ἑωυτοῖσι

873 2220 960 2256 addi
978 2219 1123 2256 volebat
1145 2217 1348 2269 συγγενέες
1368 2217 1425 2255 vel
1441 2215 1533 2267 ὁμο-

871 2275 1000 2327 γενέες
1021 2275 1077 2313 vel
1100 2275 1214 2312 simile
1237 2275 1345 2323 quid3
1376 2288 1534 2322 eumque

872 2338 1017 2370 secutus
1047 2333 1149 2368 Reiz.
1181 2332 1318 2379 (Praef.
1348 2344 1383 2381 p.
1412 2330 1534 2380 XIX),

869 2391 996 2438 utique
1027 2389 1176 2425 inseruit
1204 2386 1417 2439 συγγενέες.
1477 2387 1536 2424 Ad

870 2446 1108 2483 locutionem:
1142 2443 1217 2484 εἰσὶ
1229 2466 1283 2472 —-
1298 2441 1428 2490 ἐόντες
1439 2457 1535 2493 quae

872 2502 993 2539 attulit
1031 2501 1205 2539 Valcken.
1234 2501 1305 2548 IV,
1338 2502 1403 2542 46.
1439 2504 1533 2541 147.

876 2560 966 2599 175.
989 2559 1051 2605 Vl,
1070 2561 1136 2604 52,
1162 2572 1206 2595 ea
1223 2559 1340 2594 minus
1361 2558 1430 2594 huc
1453 2570 1537 2607 per-

872 2616 988 2652 tinere
1014 2616 1194 2652 videntur.
1255 2614 1377 2663 Magis
1407 2615 1536 2664 opinor

872 2672 941 2708 huc
971 2673 1055 2708 facit
1080 2672 1143 2718 111,
1172 2673 1274 2711 108:
1307 2671 1386 2710 ἔστι
1413 2670 1536 2709 ἐοῦσα

873 2723 999 2779 σοφή,
1019 2729 1079 2764 ubi
1100 2729 1171 2764 vid.
1192 2732 1284 2765 nott.
1299 2748 1351 2754 —
1381 2726 1440 2764 Ad
1456 2740 1537 2763 ver-

872 2785 919 2821 ba
959 2780 1146 2833 πρότεροι
1180 2805 1235 2811 —
1273 2778 1400 2835 ἦρξαν
1439 2784 1534 2820 conf.

872 2845 963 2877 nott.
986 2841 1034 2878 ad
1056 2841 1122 2886 III,
1149 2843 1199 2882 16
1220 2844 1259 2878 et
1285 2842 1332 2878 ad
1358 2839 1398 2886 ἐς
1416 2835 1535 2878 αὐτὸν

872 2901 967 2934 nott.
989 2897 1084 2945 adl,
1105 2897 1171 2938 41.

1534 372 1596 398 tiae
1630 371 1811 406 Corcyraeis

1535 414 1552 432 a
1574 406 1676 445 ‘prima
1705 406 1811 434 horum
