1904 3304
473 274 556 313 100

888 266 1350 306 HERODOTI

475 396 573 434 ριον
606 377 796 434 νόμισμα
826 376 1021 428 κόψαντα
1050 376 1214 419 πολλόν
1255 377 1490 431 μολίβδου,
1532 391 1740 431 καταχρυ-

475 449 675 494 σώσαντα
707 448 864 492 δοῦναί
893 458 992 501 σφι·
1032 445 1136 496 τοὺς
1167 446 1211 489 δὲ
1241 446 1519 501 δεξαμένους,
1554 446 1667 489 οὕτω
1689 444 1741 500 δὴ

470 519 834 564 ἀπαλλάσσεσθαι.

899 515 1072 572 Ταύτην
1111 517 1286 573 πρώτην
1326 519 1560 573 στρατηίην
1589 518 1632 568 ἐς
1661 515 1740 572 τὴν
1753 521 1796 556 35

472 591 616 646 Ἀσίην
645 587 984 644 Λακεδαιμόνιοι
1014 587 1200 642 Δωριέες
1231 586 1500 643 ἐποιήσαντο.

419 770 492 794 uno
511 756 657 792 abesset
677 754 821 798 codice,
866 753 902 790 in
921 752 1079 801 reliquos

420 813 563 849 codices
576 817 712 848 temere
723 810 910 861 irrepsisse
930 810 1081 845 arbitra-

420 874 519 906 retur
548 868 752 916 Sclnveigli.
784 880 803 903 e
831 866 988 911 scholio,
1018 877 1082 915 per

421 925 522 974 quod
538 925 618 973 quis
631 923 714 959 olim
732 924 948 959 locutionem
967 917 1084 973 λόγος

423 979 602 1032 ὥρμηται
612 980 792 1029 explicare
803 980 967 1015 voluerit.
984 978 1085 1014 ldem

421 1042 608 1087 comparat
630 1036 786 1082 Vll,89,
805 1036 865 1072 ubi
887 1040 944 1072 est
964 1031 1082 1083 φάτις

423 1091 601 1144 ὥρμηται
616 1091 720 1141 fama
743 1094 854 1137 exiit,
896 1093 1086 1135 emanavit,

417 1150 547 1201 fertur.
606 1149 788 1197 Equidem
814 1149 880 1184 huc
913 1147 1085 1184 orationis

424 1206 661 1250 abundantia,
684 1205 821 1254 quippe
838 1217 933 1252 quae
949 1205 995 1240 ab
1010 1204 1087 1240 He-

423 1263 545 1299 rodoti
567 1261 691 1298 indole
712 1273 784 1297 non
804 1260 919 1297 aliena
931 1266 1088 1306 est‚non

425 1319 605 1356 offendor.
639 1339 690 1344 ——
720 1317 779 1353 De
808 1329 896 1353 voce
923 1312 1088 1368 μάταιος

426 1375 521 1413 conf.
542 1377 632 1410 nott.
651 1373 699 1410 ad
724 1374 769 1418 ΙΙ,
794 1375 882 1413 118.

484 1425 660 1480 νόμισμα
693 1424 898 1479 κόψαντα]
942 1430 1024 1465 Hoc
1059 1429 1089 1464 si

425 1500 549 1525 verum
570 1491 647 1532 est,
686 1486 844 1522 omnium
871 1491 972 1523 certe
997 1486 1092 1521 anti-

428 1544 639 1593 quissimum
688 1548 858 1579 monetae
896 1546 1089 1589 corruptae

427 1599 656 1648 exemplum,
691 1611 735 1636 ex
753 1598 899 1647 Olymp.
921 1598 1036 1642 Lxll,
1063 1599 1089 1637 3

428 1669 456 1692 s.
475 1657 556 1696 530
579 1668 611 1691 a.
631 1654 764 1691 Chr.n.
783 1654 837 1690 vel
860 1654 993 1699 LXlll,
1016 1656 1041 1693 4
1063 1665 1090 1688 5.

429 1712 512 1752 525
533 1725 565 1748 a.
584 1711 715 1747 Chr.n.
738 1711 828 1756 (vid.
848 1716 938 1747 nott.
960 1710 1007 1746 ad
1030 1709 1091 1754 lll,

430 1770 517 1816 48).
561 1767 612 1804 Ac
629 1767 772 1803 Solonis
793 1768 938 1815 quidem
971 1770 1092 1803 aetate

430 1828 600 1861 monetae
620 1823 884 1872 corruptionem
917 1823 1005 1859 satis
1032 1836 1092 1858 co-

433 1881 573 1930 gnitam
601 1879 816 1929 legibusque
851 1880 1009 1916 severius
1038 1879 1093 1914 iu-

432 1936 624 1974 terdictam
661 1937 771 1973 fuisse
805 1949 824 1972 e
852 1935 1090 1973 Demosthen.

429 1994 470 2029 fit
487 1993 715 2029 manifestum
734 1992 874 2028 advers.
893 1992 1090 2029 Timocrat.

430 2050 467 2085 in
490 2049 552 2086 sin.
574 2062 659 2098 pag.
674 2050 767 2088 765.
782 2050 863 2089 766
881 2049 941 2085 ed.
954 2049 1092 2094 Reisk„

436 2117 511 2154 quo
541 2104 620 2141 loco
655 2106 748 2141 bene
775 2105 909 2150 utitur,
943 2109 1093 2140 notante

439 2161 520 2206 Cr„
550 2161 687 2197 Eckhel
707 2161 753 2197 I).
767 2160 803 2197 N
823 2161 990 2210 Prolegg.
1013 2174 1091 2209 cap.

434 2217 537 2263 XIX,
558 2230 593 2266 p.
613 2217 731 2253 CXlll
753 2217 831 2253 Vol.
853 2217 890 2263 l,
929 2218 989 2253 ubi
1012 2217 1094 2254 vide

434 2273 548 2323 plura.
607 2273 681 2309 lam
719 2273 864 2309 Solonis
902 2273 1094 2322 legislatio,

433 2329 507 2378 qun
535 2329 659 2364 mortis
691 2343 811 2378 poena
837 2330 873 2365 in
905 2343 1094 2366 numorum

435 2388 689 2433 corruptorum
730 2386 861 2421 crimen
900 2386 1095 2421 constituta

435 2444 534 2486 erat,
573 2440 697 2476 incidit
729 2442 764 2476 in
795 2455 926 2478 annum
954 2442 1035 2482 594
1064 2456 1095 2478 a.

437 2496 523 2533 Chr.
547 2509 582 2532 n.
607 2497 736 2542 (Cous.
769 2503 859 2533 nott.
891 2498 939 2533 ad
960 2498 986 2543 l,
1010 2500 1096 2545 30.)

439 2551 521 2590 Nec
565 2556 685 2589 tamen
741 2554 914 2589 eiusmodi
963 2567 1099 2603 poenas

440 2609 603 2657 quamvis
626 2622 789 2655 severas,
822 2611 1018 2658 quidquam
1035 2623 1097 2645 va-

438 2664 567 2710 luisse,
614 2665 708 2701 idem
746 2667 915 2701 udinouet
950 2666 1099 2702 Eckhel.

439 2719 562 2769 Atque
601 2720 781 2757 Herodoti
817 2735 964 2770 quoque
999 2723 1098 2758 locus

439 2776 664 2823 (observavit
696 2777 857 2813 Boeekh.
893 2780 926 2813 iu
957 2779 1096 2815 Oecon.

440 2832 571 2869 Athen.
593 2832 605 2868 l
625 2847 659 2882 p.
680 2834 746 2878 23,
777 2834 875 2869 cuius
897 2833 1011 2870 locum
1032 2835 1098 2871 ud-

439 2888 635 2940 scripserat
667 2887 757 2939 Cr.)
790 2894 847 2926 est
864 2890 1098 2938 documento,

1137 766 1245 801 quam
1266 752 1342 789 auri
1363 765 1481 801 egena
1499 752 1649 801 aurique
1665 763 1803 801 prope-

1138 810 1287 847 modum
1312 810 1422 846 inscia
1437 814 1512 845 tum
1529 808 1705 858 temporis
1724 809 1803 844 fue-

1138 868 1186 903 rit
1213 866 1387 910 Graecia,
1429 866 1457 901 si
1488 865 1699 914 Polycrates
1734 864 1803 901 hoe

1141 926 1251 960 modo
1271 923 1463 970 Spartanis
1488 923 1675 971 imponere
1697 924 1804 970 potu-

1142 981 1252 1025 isset,
1284 984 1347 1015 aut
1369 980 1398 1015 si
1427 979 1572 1014 omnino
1599 976 1804 1014 istiusmodi

1143 1035 1265 1072 fabula
1287 1036 1371 1071 oriri
1394 1048 1435 1071 ac
1460 1035 1586 1083 spargi
1606 1035 1802 1084 potuisset,

1141 1092 1350 1142 prm-sertim
1375 1104 1454 1127 cum
1478 1091 1614 1127 dudum
1637 1090 1673 1125 in
1685 1089 1805 1138 Lydia

1143 1148 1240 1184 aurei
1271 1149 1490 1184 cuderentur
1510 1147 1628 1192 numi,
1659 1146 1706 1183 de
1726 1146 1808 1194 qui-

1143 1206 1209 1241 bus
1232 1206 1277 1240 cf.
1298 1209 1389 1240 nott.
1411 1204 1458 1239 ad
1482 1203 1507 1248 Ι,
1525 1204 1591 1243 94,
1622 1203 1807 1239 Admonet

1143 1262 1239 1298 idem
1260 1260 1421 1297 Boeckh.
1447 1259 1468 1295 l.
1491 1260 1513 1295 l.
1536 1259 1565 1294 ll
1597 1271 1681 1308 pag.
1712 1259 1806 1304 138,

1144 1317 1205 1353 ubi
1223 1317 1268 1353 de
1280 1317 1359 1352 rudi
1375 1317 1640 1364 Spartanorum
1661 1318 1808 1351 moneta

1079 1389 1086 1393 ·
1144 1375 1263 1410 ferrea
1282 1373 1448 1418 disserit,
1492 1372 1731 1420 antiquissimi
1754 1372 1810 1406 in-

1145 1430 1309 1474 terdicti,
1353 1442 1426 1477 quo
1457 1429 1589 1465 nemini
1622 1429 1807 1477 Spartano

1144 1492 1291 1536 praeter
1308 1486 1461 1522 ferream
1483 1489 1667 1521 monetam
1688 1484 1806 1520 auris.

1146 1543 1291 1590 argenti
1336 1541 1425 1589 quid
1465 1541 1656 1590 possidere
1697 1540 1808 1576 licuit.

1147 1599 1254 1642 Quod
1287 1598 1403 1647 ipsum
1438 1597 1534 1632 omni
1574 1598 1650 1633 sere
1685 1602 1808 1633 aetate.

1148 1654 1352 1702 neglectum
1399 1654 1509 1689 fuisse
1556 1653 1632 1690 iure
1683 1656 1809 1689 monet

1149 1710 1308 1747 Boeckh.
1349 1709 1445 1746 Nam
1463 1711 1525 1758 qui
1546 1710 1691 1745 omnino
1711 1707 1811 1758 (mo-

1150 1768 1197 1803 do
1232 1779 1318 1803 vera
1348 1767 1441 1811 sint,
1484 1779 1578 1814 quae
1602 1765 1740 1802 Noster
1768 1776 1812 1801 ex

1149 1825 1245 1860 sama
1286 1824 1448 1869 rel'ert,)
1508 1823 1683 1871 Spartani
1723 1833 1811 1856 auro

1150 1893 1189 1916 se
1209 1879 1390 1928 corrumpi
1411 1879 1508 1928 passi
1527 1883 1663 1924 essent,
1686 1878 1715 1914 si
1735 1877 1811 1913 auri

1150 1935 1237 1972 nihil
1266 1936 1464 1984 quidquam
1494 1935 1684 1985 possidere
1705 1938 1813 1984 potu-

1148 1993 1263 2029 issent
1282 1990 1302 2027 ‘3

1207 2043 1354 2086 πολλόν
1377 2045 1586 2097 μολίβδου]
1618 2046 1811 2096 μολίβδου

1150 2105 1298 2155 scripsi,
1339 2110 1378 2140 ut
1403 2103 1437 2149 l,
1472 2105 1572 2148 186,
1611 2103 1672 2139 nbi
1702 2104 1811 2140 etiam

1151 2161 1380 2198 Gaissm-dins
1409 2161 1459 2196 sic
1485 2159 1665 2205 exhibuit,
1696 2159 1757 2208 qui
1778 2158 1811 2194 h.

1151 2218 1174 2254 l.
1197 2218 1298 2254 (ledit
1318 2211 1530 2266 μολύβδου.
1575 2215 1685 2258 Quod
1707 2215 1811 2253 dedi—

1152 2287 1230 2311 mus
1271 2274 1402 2322 probut
1439 2272 1566 2321 l'oppo
1596 2272 1643 2307 ad
1668 2272 1813 2320 Thucy-

1155 2331 1228 2366 did.
1252 2329 1287 2374 l,
1314 2331 1366 2369 93
1395 2342 1429 2377 p.
1462 2330 1539 2368 198
1563 2328 1623 2365 ed.
1648 2329 1812 2373 Gervin.,

1155 2392 1189 2423 ct
1203 2386 1339 2422 dudum
1361 2390 1469 2420 autea
1483 2384 1621 2421 Sallier.
1636 2385 1684 2421 ad
1696 2385 1811 2421 Moer.

1154 2457 1189 2493 p.
1215 2443 1307 2482 256.
1348 2440 1403 2476 Tu
1421 2441 1491 2476 vid.
1513 2441 1620 2477 etiam
1650 2441 1812 2478 Piersou.

1154 2499 1201 2534 ad
1233 2498 1384 2535 Moerid.
1417 2497 1437 2533 l.
1465 2496 1485 2533 l.
1515 2496 1733 2546 wesseling.
1766 2497 1815 2533 ad

1156 2554 1306 2590 Diodor.
1329 2554 1373 2599 ll,
1399 2556 1462 2597 10,
1487 2553 1623 2589 Duker.
1645 2558 1680 2590 et
1701 2553 1815 2590 Goel-

1155 2610 1217 2647 ler.
1238 2610 1284 2647 ad
1304 2609 1510 2658 Thucydid.
1535 2609 1555 2645 l.
1578 2608 1598 2645 Ι.

1220 2662 1376 2710 Ταύτην
1397 2661 1558 2714 πρώτην
1586 2662 1812 2715 στρατηΐην]

1155 2723 1227 2759 Pro
1258 2718 1422 2773 πρώτην
1451 2723 1571 2773 plures
1596 2721 1674 2758 libri
1715 2718 1813 2771 τήν,-

1154 2778 1258 2815 mule.
1323 2778 1390 2814 Est
1420 2780 1514 2815 enim
1546 2791 1693 2815 sensus:
1732 2790 1813 2813 mem

1154 2835 1246 2870 hum:
1287 2837 1437 2884 primum
1481 2835 1732 2884 expeditionem
1775 2835 1814 2869 in

1153 2892 1274 2927 Asiam
1300 2894 1487 2942 suscqn'sse
1510 2892 1696 2935 dicuntur,
1735 2902 1814 2927 eum
