1904 3304
441 269 525 310 492

839 264 1308 307 HERODOTI

441 374 638 432 ποιήσετε
665 377 820 423 ταῦτα,
847 371 968 428 ἡμεῖς
999 373 1078 429 μὲν
1106 372 1364 430 πιεζόμενοι,
1398 375 1428 432 ἦ
1452 376 1698 433 ἐκλείψομεν

413 447 526 502 4τὴν
554 443 721 501 χώρην,
762 442 790 498 ἢ
817 444 1041 499 μένοντες,

442 515 526 571 γαρ
570 514 800 568 πάθωμεν,

1090 442 1300 503 ὁμολογίῃ
1342 446 1604 502 χρησόμεθα.
1658 448 1699 489 τί
1763 452 1844 492 333

854 515 912 570 μὴ
951 514 1232 569 βουλομένων
1269 514 1414 570 ὑμέων
1450 517 1697 572 τιμωρέειν;

415 584 559 640 ὄὙμῖν
589 584 634 626 δὲ
666 584 794 628 οὐδὲν
822 584 892 628 ἐπὶ
920 584 1062 640 τούτῳ
1094 585 1211 628 ἔσται
1239 585 1542 641 ἐλαφρότερον.
1599 587 1724 643 ἤκειΙ

441 655 526 711 γάρ
557 654 769 712 ὁΠέρσης
799 654 930 699 οὐδέν
958 672 999 698 τι
1027 659 1195 711 μᾶλλον
1224 655 1294 698 ἐπ’
1324 655 1457 712 ἡμέας
1484 658 1512 713 ἦ
1542 656 1595 701 οὐ
1625 659 1698 701 καὶ

442 727 510 770 ἐπὶ
548 725 699 781 ὑμέας·
753 725 856 769 οὐδέ
887 728 931 769 οἱ
958 725 1213 782 καταχρήσει
1249 723 1381 782 ἡμέας
1410 736 1700 780 καταστρεψα-

415 806 436 840 6
446 797 580 854 μένῳ,
609 795 754 851 ὑμέων
785 796 1029 852 ἀπέχεσθαι.
1077 796 1184 853 μέγα
1209 797 1254 840 δὲ
1273 794 1379 852 ὑμῖν
1398 796 1541 851 λόγων
1564 801 1699 842 τῶνδε

441 866 685 924 μαρτύριον
724 868 900 923 ἐρέομεν
914 884 923 893 ·

987 869 1024 912 εἰ
1069 869 1153 924 γὰρ
1201 867 1272 911 ἐπ’
1318 866 1450 923 ἡμέας
1496 866 1727 923 μούνους5

443 937 746 994 ἐστρατηλάτεε
777 937 800 982 ὁ
833 939 1024 996 Πέρσης,
1065 942 1269 983 τίσασθαι
1297 942 1373 994 τῆς
1402 936 1569 992 πρόσθε
1600 940 1700 982 δου-

443 1010 631 1065 λοσύνης
661 1008 953 1066 βουλόμενος,
996 1014 1106 1066 χρῆν
1136 1010 1272 1054 αὐτὸν
1301 1009 1477 1052 πάντων
1511 1013 1599 1052 τῶν
1630 1009 1701 1052 ἄλ-

443 1086 531 1124 λων
560 1079 846 1135 ἆπεχόμενον,
880 1081 995 1124 οὕτω
1023 1083 1132 1124 ἰέναι
1158 1082 1225 1124 ἐπὶ
1255 1080 1334 1135 τήν
1363 1079 1591 1136 ἡμετέρην·
1628 1080 1701 1122 καὶ

444 1151 499 1194 ἂν
528 1150 685 1206 ἐδήλου
714 1155 836 1198 πᾶσι,
884 1148 943 1202 ὥς
973 1151 1042 1195 ἐπὶ
1071 1152 1255 1202 Σκύθας
1284 1151 1479 1202 ἐλαύνει,
1516 1150 1587 1193 καὶ
1618 1148 1701 1193 οὐκ

415 1223 514 1266 7ἐπὶ
548 1222 653 1272 τούς
697 1222 869 1272 ἄλλους.

939 1225 1023 1264 νῦν
1065 1222 1108 1264 δὲ
1146 1222 1236 1265 ἐπεί
1275 1238 1318 1264 τε
1356 1220 1533 1275 τάχιστα
1577 1219 1698 1274 διέβη
1716 1226 1756 1258 10

444 1292 572 1348 τήνδε
600 1292 680 1348 τήν
707 1291 910 1348 ἤπειρον,
949 1291 1056 1342 τούς
1092 1293 1173 1335 αἰεὶ
1211 1292 1410 1347 ἐμποδών
1447 1290 1702 1347 γινομένους

444 1362 678 1418 ἡμεροῦται
704 1363 891 1413 πάντας·
929 1362 1032 1413 τούς
1053 1379 1096 1406 τε
1118 1363 1169 1418 δή
1193 1362 1350 1415 ἄλλους
1380 1364 1462 1418 ἔχει
1490 1359 1566 1404 ὑπ’
1598 1359 1702 1403 έωυ-

445 1438 506 1492 τῷ
541 1432 751 1489 Θρήϊκας,
789 1434 863 1478 καὶ
892 1433 944 1489 δὴ
975 1434 1048 1478 καὶ
1078 1433 1182 1486 τούς
1210 1433 1314 1492 ἡμῖν
1352 1433 1502 1485 ἐόντας
1530 1436 1702 1489 πλησιο-

389 1659 466 1698 Att.
512 1658 550 1710 ἓ.
593 1657 648 1700 44
693 1659 818 1708 ibique
855 1658 975 1696 Koen.
1009 1661 1046 1696 et

390 1717 534 1754 Schaef.
553 1728 638 1766 pag.
661 1718 751 1756 103.
780 1712 838 1752 Ad
856 1709 1046 1766 καταχρή-

393 1784 450 1812 σει
471 1773 543 1810 vid.
562 1773 600 1820 1,
630 1772 709 1812 164
728 1772 852 1821 ibique
872 1775 960 1808 nott.

447 1884 634 1923 τίσασθαι
672 1884 742 1932 τῆς
775 1879 927 1933 πρόσθε
956 1884 1046 1922 δου-

393 1939 564 1990 λοσύνης
590 1936 856 1991 βουλόμενος]
898 1940 956 1977 De
982 1953 1048 1988 ge-

393 1998 493 2034 nitivi
512 2001 695 2033 structura
716 1997 810 2032 conf.
831 1996 960 2033 Matth.
982 1996 1048 2034 Gr.

395 2054 461 2090 Gr.
488 2050 525 2102 ᾗ.
543 2054 626 2093 368
646 2065 679 2088 a.
720 2052 803 2095 Quo
823 2053 952 2089 eodem
972 2065 1050 2089 mo-

394 2111 442 2146 do
460 2108 704 2146 Alexandrum
723 2109 774 2145 ait
789 2109 918 2146 Ritter.
934 2108 1049 2145 Erdk.

394 2166 427 2202 11
457 2179 494 2215 p.
521 2167 602 2206 839
633 2165 764 2201 Persas
789 2177 870 2201 esse
900 2177 1051 2213 aggres-

395 2235 498 2268 sum,
534 2226 575 2257 ut
599 2221 746 2257 iniurias
778 2221 861 2257 olim
888 2234 910 2258 a
936 2221 1050 2258 Dario

395 2277 512 2314 illatas
532 2277 710 2313 Buddhae
741 2277 980 2320 sectatonibus
1003 2277 1052 2314 ad

395 2332 553 2381 Volgam
588 2333 833 2369 habitantibus
862 2333 1052 2371 ulciscere-

396 2394 466 2426 tur.
498 2388 649 2439 Propius
672 2388 739 2425 huc
757 2393 937 2438 spectant,
957 2402 1052 2437 quae

397 2444 615 2483 Dahlmann.
645 2444 783 2481 Herod.
813 2457 849 2494 p.
876 2447 953 2485 160
975 2458 1052 2494 seq.

398 2500 561 2552 protulit,
581 2512 699 2537 veram
718 2499 801 2537 belli
819 2513 961 2537 causam
979 2514 1054 2538 non

399 2557 571 2594 ultionem
594 2557 703 2592 fuisse
732 2561 852 2601 ratus,
883 2558 948 2593 sed
972 2557 1053 2605 glo-

399 2614 472 2650 riae
504 2611 772 2662 comparandae
797 2613 971 2661 regnique
990 2627 1054 2650 au-

400 2669 511 2718 gendi
553 2669 722 2704 studium.
787 2668 919 2716 Neque
968 2683 1052 2706 vero

400 2737 640 2774 quaecunque
678 2724 725 2761 de
762 2725 994 2773 expeditione
1031 2738 1053 2762 a

400 2781 513 2819 Dario
554 2784 720 2829 suscepta
765 2780 821 2816 hic
862 2786 1053 2818 narrantur

402 2836 540 2886 (qualia
577 2849 625 2872 sc.
654 2836 864 2872 Herodotus
899 2837 944 2872 ab
975 2837 1051 2874 aliis

402 2894 584 2944 accepisse
602 2892 785 2942 fundoque
795 2892 974 2930 audivisse
984 2906 1053 2944 pu-

1101 1658 1236 1697 tandus
1274 1659 1368 1707 est),
1407 1670 1452 1695 ea
1490 1669 1637 1708 prorsus
1673 1668 1758 1695 vera

1102 1728 1182 1753 esse
1199 1715 1295 1752 idem
1317 1714 1518 1752 contendit.
1548 1714 1605 1751 De
1626 1725 1697 1762 qua
1719 1726 1759 1750 re

1103 1772 1253 1821 singulis
1280 1772 1451 1820 deinceps
1481 1770 1682 1808 videbimus
1703 1768 1757 1805 lo-

1102 1829 1177 1873 cis3
1223 1832 1264 1863 ut
1295 1828 1383 1875 quid
1407 1827 1454 1863 de
1477 1826 1656 1863 Herodoti
1685 1826 1758 1863 fide

1102 1884 1249 1920 omnino
1277 1883 1514 1920 statuendum
1541 1883 1610 1929 sit,
1644 1894 1759 1932 appa-

1104 1944 1195 1977 reat.
1227 1960 1279 1968 -
1321 1938 1381 1975 Ad
1409 1940 1509 1989 χρῆν
1536 1939 1630 1975 conf.
1665 1941 1758 1974 nott.

1106 1997 1154 2033 ad
1174 1996 1210 2041 Ι,
1234 1994 1287 2035 40
1305 1995 1350 2031 ob
1370 1995 1509 2045 ellipsin
1528 1994 1675 2031 voculae
1695 1990 1759 2032 ὅν.

1164 2050 1274 2102 διέβη
1311 2046 1432 2101 τήνδε
1460 2047 1536 2101 τήν
1567 2047 1758 2101 ἤπειρον]

1106 2108 1289 2157 Europam
1314 2107 1503 2156 intelligit,
1533 2107 1681 2145 alteram
1702 2119 1760 2143 or-

1107 2166 1162 2202 bis
1191 2169 1368 2201 terrarum
1387 2169 1542 2214 partem.
1580 2164 1651 2208 Qui
1673 2163 1760 2199 sim-

1106 2221 1234 2272 plicem
1264 2222 1374 2257 verbo
1402 2218 1513 2284 διέβη
1544 2220 1600 2257 hic
1630 2219 1761 2256 adiecit

1108 2277 1375 2322 accusativum
1412 2277 1441 2312 is
1468 2289 1575 2325 supra
1597 2275 1758 2323 scripsit:

1109 2333 1319 2384 διαβέβηκε
1347 2347 1394 2378 ες
1420 2328 1536 2382 τήνδε
1553 2328 1626 2380 τὴν
1647 2328 1760 2380 ἤπει-

1109 2404 1201 2439 ρον,
1234 2389 1312 2426 coll.
1334 2389 1389 2435 V,
1424 2391 1486 2428 12.
1521 2387 1617 2433 V,lll
1649 2389 1701 2426 62
1724 2390 1761 2424 ct

1110 2446 1198 2492 Vll,
1229 2447 1302 2492 20,
1331 2445 1390 2481 ubi
1416 2456 1459 2481 ex
1486 2456 1557 2479 uno
1578 2443 1761 2479 Saucrosti

1109 2502 1199 2538 libro
1236 2500 1478 2551 praepositio,
1523 2512 1617 2548 quac
1653 2499 1760 2547 vulgo

1110 2558 1233 2603 abest,
1263 2569 1356 2593 nunc
1377 2556 1503 2592 addita
1524 2560 1588 2592 est.
1608 2576 1664 2582 —
1702 2555 1761 2592 Ad

1110 2614 1298 2661 sequeutia
1317 2612 1428 2649 verba
1445 2608 1537 2656 τούς
1557 2610 1632 2649 αἰεὶ
1645 2610 1762 2661 ἐμπο-

1111 2666 1190 2708 δών
1222 2683 1255 2706 κ.
1283 2683 1312 2705 τ.
1341 2670 1372 2704 λ.
1402 2667 1496 2704 eins.
1515 2668 1646 2704 Suialas
1673 2680 1701 2703 s.
1727 2680 1759 2703 v.

1109 2719 1294 2775 ἐμποδών
1318 2724 1330 2759 l
1350 2737 1383 2773 p.
1405 2726 1498 2764 728.
1536 2724 1594 2760 Ad
1615 2724 1760 2760 verbum

1108 2780 1323 2831 ἡμεροῦται
1342 2779 1487 2829 (pacat)
1510 2780 1664 2817 Nchsel.
1682 2779 1760 2816 lau-

1109 2839 1171 2875 dat
1200 2836 1253 2883 V,
1284 2839 1323 2875 2.
1366 2836 1503 2873 Philon.
1534 2837 1605 2872 vit.
1628 2835 1759 2874 Mos.1

1108 2907 1144 2944 p.
1169 2895 1249 2934 606
1267 2891 1312 2930 D.
1342 2891 1506 2941 Aesch)l.
1528 2892 1678 2929 Eumen.
1698 2889 1760 2932 14.
