<?xml version="1.0" encoding="UTF-8"?>
<!DOCTYPE html PUBLIC "-//W3C//DTD XHTML 1.0 Transitional//EN"
    "http://www.w3.org/TR/xhtml1/DTD/xhtml1-transitional.dtd">
<html xmlns="http://www.w3.org/1999/xhtml" xml:lang="en" lang="en">
 <head>
  <title>
</title>
<meta http-equiv="Content-Type" content="text/html;charset=utf-8" />
  <meta name='ocr-system' content='tesseract 3.04.00' />
  <meta name='ocr-capabilities' content='ocr_page ocr_carea ocr_par ocr_line ocrx_word'/>
</head>
<body>
  <div class='ocr_page' id='page_1' title='image "./musaeherodoto02hero/musaeherodoto02hero_0676.png"; bbox 0 0 1904 3304; ppageno 0'>
   <div class='ocr_carea' id='block_1_1' title="bbox 240 270 1277 310">
    <p class='ocr_par' dir='ltr' id='par_1_1' title="bbox 240 270 1277 310">
     <span class='ocr_line' id='line_1_1' title="bbox 240 270 1277 310; baseline 0 -1"><span class='ocrx_word' id='word_1_1' title='bbox 240 270 324 310; x_wconf 81' lang='lat'>668</span> <span class='ocrx_word' id='word_1_2' title='bbox 703 270 1277 310; x_wconf 88' lang='lat' dir='ltr'>EXCURSUSIX</span> 
     </span>
    </p>
   </div>
   <div class='ocr_carea' id='block_1_2' title="bbox 232 382 1754 2943">
    <p class='ocr_par' dir='ltr' id='par_1_2' title="bbox 232 382 1754 2943">
     <span class='ocr_line' id='line_1_2' title="bbox 240 382 1750 433; baseline 0.004 -14"><span class='ocrx_word' id='word_1_3' title='bbox 240 394 384 420; x_wconf 90' lang='lat' dir='ltr'>omnem</span> <span class='ocrx_word' id='word_1_4' title='bbox 407 382 501 420; x_wconf 86' lang='lat' dir='ltr'>hanc</span> <span class='ocrx_word' id='word_1_5' title='bbox 520 383 767 421; x_wconf 84' lang='lat' dir='ltr'>narrationem</span> <span class='ocrx_word' id='word_1_6' title='bbox 788 383 835 421; x_wconf 88' lang='lat' dir='ltr'>de</span> <span class='ocrx_word' id='word_1_7' title='bbox 852 383 1106 433; x_wconf 83' lang='lat' dir='ltr'>Phoenicibus,</span> <span class='ocrx_word' id='word_1_8' title='bbox 1124 383 1287 423; x_wconf 90' lang='lat' dir='ltr'>Neconis</span> <span class='ocrx_word' id='word_1_9' title='bbox 1306 385 1404 423; x_wconf 87' lang='lat' dir='ltr'>iussu</span> <span class='ocrx_word' id='word_1_10' title='bbox 1423 387 1579 425; x_wconf 88' lang='lat' dir='ltr'>Africam</span> <span class='ocrx_word' id='word_1_11' title='bbox 1599 386 1750 425; x_wconf 85' lang='lat' dir='ltr'>circum-</span> 
     </span>
     <span class='ocr_line' id='line_1_3' title="bbox 239 450 1752 504; baseline 0.003 -16"><span class='ocrx_word' id='word_1_12' title='bbox 239 450 518 500; x_wconf 75' lang='lat' dir='ltr'>navigantibu8‚</span> <span class='ocrx_word' id='word_1_13' title='bbox 555 452 592 488; x_wconf 89' lang='lat' dir='ltr'>in</span> <span class='ocrx_word' id='word_1_14' title='bbox 626 451 775 489; x_wconf 87' lang='lat' dir='ltr'>dubium</span> <span class='ocrx_word' id='word_1_15' title='bbox 805 456 997 501; x_wconf 88' lang='lat' dir='ltr'>vocarent,</span> <span class='ocrx_word' id='word_1_16' title='bbox 1034 465 1103 491; x_wconf 92' lang='lat' dir='ltr'>nec</span> <span class='ocrx_word' id='word_1_17' title='bbox 1128 455 1205 492; x_wconf 81' lang='lat' dir='ltr'>veri</span> <span class='ocrx_word' id='word_1_18' title='bbox 1232 454 1322 504; x_wconf 89' lang='lat' dir='ltr'>quid</span> <span class='ocrx_word' id='word_1_19' title='bbox 1352 454 1396 490; x_wconf 81' lang='lat' dir='ltr'>iis</span> <span class='ocrx_word' id='word_1_20' title='bbox 1424 455 1620 503; x_wconf 85' lang='lat' dir='ltr'>contineri,</span> <span class='ocrx_word' id='word_1_21' title='bbox 1655 467 1752 504; x_wconf 88' lang='lat' dir='ltr'>quae</span> 
     </span>
     <span class='ocr_line' id='line_1_4' title="bbox 237 517 1754 572; baseline 0.002 -17"><span class='ocrx_word' id='word_1_22' title='bbox 237 517 452 556; x_wconf 90' lang='lat' dir='ltr'>Herodotus</span> <span class='ocrx_word' id='word_1_23' title='bbox 479 522 515 556; x_wconf 81' lang='lat' dir='ltr'>et</span> <span class='ocrx_word' id='word_1_24' title='bbox 542 520 604 569; x_wconf 92' lang='lat' dir='ltr'>qui</span> <span class='ocrx_word' id='word_1_25' title='bbox 633 532 714 558; x_wconf 92' lang='lat' dir='ltr'>eum</span> <span class='ocrx_word' id='word_1_26' title='bbox 739 524 959 569; x_wconf 89' lang='lat' dir='ltr'>sequantur,</span> <span class='ocrx_word' id='word_1_27' title='bbox 1001 521 1048 558; x_wconf 93' lang='lat' dir='ltr'>de</span> <span class='ocrx_word' id='word_1_28' title='bbox 1071 521 1140 559; x_wconf 90' lang='lat' dir='ltr'>hac</span> <span class='ocrx_word' id='word_1_29' title='bbox 1158 522 1392 571; x_wconf 84' lang='lat' dir='ltr'>navigatione</span> <span class='ocrx_word' id='word_1_30' title='bbox 1411 522 1606 560; x_wconf 87' lang='lat' dir='ltr'>memoriae</span> <span class='ocrx_word' id='word_1_31' title='bbox 1627 522 1754 572; x_wconf 89' lang='lat' dir='ltr'>prodi-</span> 
     </span>
     <span class='ocr_line' id='line_1_5' title="bbox 239 587 1751 640; baseline 0.002 -17"><span class='ocrx_word' id='word_1_32' title='bbox 239 587 381 632; x_wconf 86' lang='lat' dir='ltr'>derint,</span> <span class='ocrx_word' id='word_1_33' title='bbox 415 588 701 634; x_wconf 79' lang='lat' dir='ltr'>contenderent,</span> <span class='ocrx_word' id='word_1_34' title='bbox 732 589 946 638; x_wconf 88' lang='lat' dir='ltr'>praesertim</span> <span class='ocrx_word' id='word_1_35' title='bbox 972 602 1051 626; x_wconf 91' lang='lat' dir='ltr'>cum</span> <span class='ocrx_word' id='word_1_36' title='bbox 1077 589 1192 626; x_wconf 88' lang='lat' dir='ltr'>nullus</span> <span class='ocrx_word' id='word_1_37' title='bbox 1213 590 1305 627; x_wconf 88' lang='lat' dir='ltr'>alius</span> <span class='ocrx_word' id='word_1_38' title='bbox 1323 590 1478 640; x_wconf 85' lang='lat' dir='ltr'>scriptor</span> <span class='ocrx_word' id='word_1_39' title='bbox 1497 593 1680 637; x_wconf 89' lang='lat' dir='ltr'>vetustus,</span> <span class='ocrx_word' id='word_1_40' title='bbox 1721 589 1751 626; x_wconf 84' lang='lat' dir='ltr'>si</span> 
     </span>
     <span class='ocr_line' id='line_1_6' title="bbox 238 655 1751 705; baseline 0.001 -13"><span class='ocrx_word' id='word_1_41' title='bbox 238 655 284 692; x_wconf 87' lang='lat' dir='ltr'>ab</span> <span class='ocrx_word' id='word_1_42' title='bbox 307 655 500 692; x_wconf 90' lang='lat' dir='ltr'>Herodoto</span> <span class='ocrx_word' id='word_1_43' title='bbox 523 667 679 704; x_wconf 90' lang='lat' dir='ltr'>eumque</span> <span class='ocrx_word' id='word_1_44' title='bbox 699 657 934 704; x_wconf 82' lang='lat' dir='ltr'>sequentibus</span> <span class='ocrx_word' id='word_1_45' title='bbox 956 657 1186 702; x_wconf 85' lang='lat' dir='ltr'>discesseris,</span> <span class='ocrx_word' id='word_1_46' title='bbox 1216 657 1323 694; x_wconf 90' lang='lat' dir='ltr'>huius</span> <span class='ocrx_word' id='word_1_47' title='bbox 1346 657 1397 694; x_wconf 89' lang='lat' dir='ltr'>rei</span> <span class='ocrx_word' id='word_1_48' title='bbox 1421 658 1646 705; x_wconf 88' lang='lat' dir='ltr'>meminerit,</span> <span class='ocrx_word' id='word_1_49' title='bbox 1674 669 1751 694; x_wconf 88' lang='lat' dir='ltr'>ma-</span> 
     </span>
     <span class='ocr_line' id='line_1_7' title="bbox 237 723 1751 772; baseline 0.001 -12"><span class='ocrx_word' id='word_1_50' title='bbox 237 724 332 760; x_wconf 87' lang='lat' dir='ltr'>xime</span> <span class='ocrx_word' id='word_1_51' title='bbox 354 723 515 772; x_wconf 87' lang='lat' dir='ltr'>quamvis</span> <span class='ocrx_word' id='word_1_52' title='bbox 538 723 804 771; x_wconf 90' lang='lat' dir='ltr'>memorabilis,</span> <span class='ocrx_word' id='word_1_53' title='bbox 844 737 912 762; x_wconf 90' lang='lat' dir='ltr'>nec</span> <span class='ocrx_word' id='word_1_54' title='bbox 938 725 1085 762; x_wconf 89' lang='lat' dir='ltr'>omnino</span> <span class='ocrx_word' id='word_1_55' title='bbox 1106 725 1305 763; x_wconf 83' lang='lat' dir='ltr'>Ptolemaei</span> <span class='ocrx_word' id='word_1_56' title='bbox 1327 724 1479 762; x_wconf 74' lang='lat' dir='ltr'>Pliniive</span> <span class='ocrx_word' id='word_1_57' title='bbox 1507 728 1627 762; x_wconf 86' lang='lat' dir='ltr'>aetate</span> <span class='ocrx_word' id='word_1_58' title='bbox 1645 724 1751 762; x_wconf 90' lang='lat' dir='ltr'>ullam</span> 
     </span>
     <span class='ocr_line' id='line_1_8' title="bbox 241 790 1754 842; baseline 0.001 -15"><span class='ocrx_word' id='word_1_59' title='bbox 241 790 346 828; x_wconf 91' lang='lat' dir='ltr'>huius</span> <span class='ocrx_word' id='word_1_60' title='bbox 368 790 610 840; x_wconf 84' lang='lat' dir='ltr'>expeditionis</span> <span class='ocrx_word' id='word_1_61' title='bbox 633 791 798 827; x_wconf 86' lang='lat' dir='ltr'>notitiam</span> <span class='ocrx_word' id='word_1_62' title='bbox 824 793 899 830; x_wconf 88' lang='lat' dir='ltr'>sive</span> <span class='ocrx_word' id='word_1_63' title='bbox 924 793 1134 831; x_wconf 87' lang='lat' dir='ltr'>memoriam</span> <span class='ocrx_word' id='word_1_64' title='bbox 1157 794 1340 830; x_wconf 87' lang='lat' dir='ltr'>exstitisse</span> <span class='ocrx_word' id='word_1_65' title='bbox 1362 791 1532 830; x_wconf 88' lang='lat' dir='ltr'>credibile</span> <span class='ocrx_word' id='word_1_66' title='bbox 1555 792 1619 839; x_wconf 82' lang='lat' dir='ltr'>sit,</span> <span class='ocrx_word' id='word_1_67' title='bbox 1656 791 1754 842; x_wconf 89' lang='lat' dir='ltr'>ipse—</span> 
     </span>
     <span class='ocr_line' id='line_1_9' title="bbox 241 858 1753 910; baseline -0.001 -13"><span class='ocrx_word' id='word_1_68' title='bbox 241 873 314 910; x_wconf 89' lang='lat' dir='ltr'>que</span> <span class='ocrx_word' id='word_1_69' title='bbox 333 861 469 897; x_wconf 89' lang='lat' dir='ltr'>Strabo</span> <span class='ocrx_word' id='word_1_70' title='bbox 493 859 535 910; x_wconf 92' lang='grc' dir='ltr'>(Ι</span> <span class='ocrx_word' id='word_1_71' title='bbox 561 871 649 909; x_wconf 84' lang='lat' dir='ltr'>pag.</span> <span class='ocrx_word' id='word_1_72' title='bbox 673 860 726 898; x_wconf 75' lang='lat'>32</span> <span class='ocrx_word' id='word_1_73' title='bbox 747 872 774 895; x_wconf 77' lang='lat' dir='ltr'>S.</span> <span class='ocrx_word' id='word_1_74' title='bbox 794 859 848 899; x_wconf 90' lang='lat'>57</span> <span class='ocrx_word' id='word_1_75' title='bbox 867 858 938 908; x_wconf 91' lang='lat' dir='ltr'>A.)</span> <span class='ocrx_word' id='word_1_76' title='bbox 960 859 1117 898; x_wconf 86' lang='lat' dir='ltr'>Africam</span> <span class='ocrx_word' id='word_1_77' title='bbox 1140 861 1259 898; x_wconf 90' lang='lat' dir='ltr'>adhuc</span> <span class='ocrx_word' id='word_1_78' title='bbox 1280 861 1621 910; x_wconf 83' lang='lat' dir='ltr'>circumnavigatam</span> <span class='ocrx_word' id='word_1_79' title='bbox 1642 860 1753 897; x_wconf 87' lang='lat' dir='ltr'>fuisse</span> 
     </span>
     <span class='ocr_line' id='line_1_10' title="bbox 241 926 1754 977; baseline -0.001 -12"><span class='ocrx_word' id='word_1_80' title='bbox 241 932 377 977; x_wconf 80' lang='lat' dir='ltr'>neget,</span> <span class='ocrx_word' id='word_1_81' title='bbox 416 941 495 964; x_wconf 94' lang='lat' dir='ltr'>cum</span> <span class='ocrx_word' id='word_1_82' title='bbox 524 939 650 964; x_wconf 90' lang='lat' dir='ltr'>omnes</span> <span class='ocrx_word' id='word_1_83' title='bbox 678 926 949 976; x_wconf 85' lang='lat' dir='ltr'>impedimentis</span> <span class='ocrx_word' id='word_1_84' title='bbox 975 928 1125 967; x_wconf 88' lang='lat' dir='ltr'>obiectis</span> <span class='ocrx_word' id='word_1_85' title='bbox 1151 930 1270 967; x_wconf 90' lang='lat' dir='ltr'>redire</span> <span class='ocrx_word' id='word_1_86' title='bbox 1295 929 1429 967; x_wconf 87' lang='lat' dir='ltr'>fuerint</span> <span class='ocrx_word' id='word_1_87' title='bbox 1460 928 1587 966; x_wconf 89' lang='lat' dir='ltr'>coacti.</span> <span class='ocrx_word' id='word_1_88' title='bbox 1647 927 1754 971; x_wconf 86' lang='lat' dir='ltr'>Quae</span> 
     </span>
     <span class='ocr_line' id='line_1_11' title="bbox 240 993 1752 1046; baseline -0.001 -13"><span class='ocrx_word' id='word_1_89' title='bbox 240 1000 364 1033; x_wconf 89' lang='lat' dir='ltr'>tamen</span> <span class='ocrx_word' id='word_1_90' title='bbox 381 996 461 1046; x_wconf 89' lang='lat' dir='ltr'>ipsa</span> <span class='ocrx_word' id='word_1_91' title='bbox 484 1008 558 1032; x_wconf 90' lang='lat' dir='ltr'>non</span> <span class='ocrx_word' id='word_1_92' title='bbox 579 993 745 1032; x_wconf 82' lang='lat' dir='ltr'>sufficere</span> <span class='ocrx_word' id='word_1_93' title='bbox 765 995 812 1031; x_wconf 91' lang='lat' dir='ltr'>ad</span> <span class='ocrx_word' id='word_1_94' title='bbox 833 1007 977 1033; x_wconf 84' lang='lat' dir='ltr'>omnem</span> <span class='ocrx_word' id='word_1_95' title='bbox 996 997 1180 1034; x_wconf 88' lang='lat' dir='ltr'>Herodoti</span> <span class='ocrx_word' id='word_1_96' title='bbox 1200 997 1445 1034; x_wconf 85' lang='lat' dir='ltr'>narrationem</span> <span class='ocrx_word' id='word_1_97' title='bbox 1465 995 1752 1040; x_wconf 85' lang='lat' dir='ltr'>convellendam,</span> 
     </span>
     <span class='ocr_line' id='line_1_12' title="bbox 239 1061 1754 1115; baseline -0.001 -15"><span class='ocrx_word' id='word_1_98' title='bbox 239 1063 356 1113; x_wconf 90' lang='lat' dir='ltr'>quivis</span> <span class='ocrx_word' id='word_1_99' title='bbox 383 1063 576 1112; x_wconf 83' lang='lat' dir='ltr'>intelligit3</span> <span class='ocrx_word' id='word_1_100' title='bbox 616 1067 651 1100; x_wconf 88' lang='lat' dir='ltr'>et</span> <span class='ocrx_word' id='word_1_101' title='bbox 681 1063 793 1112; x_wconf 90' lang='lat' dir='ltr'>ipsius</span> <span class='ocrx_word' id='word_1_102' title='bbox 818 1064 1027 1100; x_wconf 88' lang='lat' dir='ltr'>recentioris</span> <span class='ocrx_word' id='word_1_103' title='bbox 1058 1064 1190 1102; x_wconf 88' lang='lat' dir='ltr'>aetatis</span> <span class='ocrx_word' id='word_1_104' title='bbox 1222 1063 1336 1102; x_wconf 89' lang='lat' dir='ltr'>simile</span> <span class='ocrx_word' id='word_1_105' title='bbox 1361 1065 1565 1115; x_wconf 85' lang='lat' dir='ltr'>exemplum</span> <span class='ocrx_word' id='word_1_106' title='bbox 1601 1061 1754 1114; x_wconf 89' lang='lat' dir='ltr'>protulit</span> 
     </span>
     <span class='ocr_line' id='line_1_13' title="bbox 238 1129 1752 1182; baseline -0.002 -13"><span class='ocrx_word' id='word_1_107' title='bbox 238 1130 393 1169; x_wconf 88' lang='lat' dir='ltr'>Rennel.</span> <span class='ocrx_word' id='word_1_108' title='bbox 412 1130 435 1168; x_wconf 93' lang='lat' dir='ltr'>l.</span> <span class='ocrx_word' id='word_1_109' title='bbox 454 1130 476 1168; x_wconf 92' lang='lat' dir='ltr'>l.</span> <span class='ocrx_word' id='word_1_110' title='bbox 496 1143 581 1181; x_wconf 86' lang='lat' dir='ltr'>pag.</span> <span class='ocrx_word' id='word_1_111' title='bbox 605 1131 697 1170; x_wconf 84' lang='lat'>703.</span> <span class='ocrx_word' id='word_1_112' title='bbox 722 1129 816 1170; x_wconf 80' lang='lat'>704.</span> <span class='ocrx_word' id='word_1_113' title='bbox 876 1131 953 1168; x_wconf 90' lang='lat' dir='ltr'>Sed</span> <span class='ocrx_word' id='word_1_114' title='bbox 974 1132 1116 1169; x_wconf 90' lang='lat' dir='ltr'>addunt</span> <span class='ocrx_word' id='word_1_115' title='bbox 1133 1131 1244 1182; x_wconf 91' lang='lat' dir='ltr'>ipsius</span> <span class='ocrx_word' id='word_1_116' title='bbox 1262 1132 1399 1169; x_wconf 81' lang='lat' dir='ltr'>itineris</span> <span class='ocrx_word' id='word_1_117' title='bbox 1416 1134 1491 1170; x_wconf 79' lang='lat' dir='ltr'>sive</span> <span class='ocrx_word' id='word_1_118' title='bbox 1514 1130 1752 1181; x_wconf 79' lang='lat' dir='ltr'>navigationis</span> 
     </span>
     <span class='ocr_line' id='line_1_14' title="bbox 238 1198 1751 1249; baseline -0.001 -13"><span class='ocrx_word' id='word_1_119' title='bbox 238 1198 496 1243; x_wconf 78' lang='lat' dir='ltr'>difficultates,</span> <span class='ocrx_word' id='word_1_120' title='bbox 539 1198 647 1234; x_wconf 88' lang='lat' dir='ltr'>maris</span> <span class='ocrx_word' id='word_1_121' title='bbox 677 1198 830 1244; x_wconf 89' lang='lat' dir='ltr'>fluctus,</span> <span class='ocrx_word' id='word_1_122' title='bbox 868 1202 1058 1236; x_wconf 90' lang='lat' dir='ltr'>ventorum</span> <span class='ocrx_word' id='word_1_123' title='bbox 1095 1199 1189 1246; x_wconf 87' lang='lat' dir='ltr'>vim,</span> <span class='ocrx_word' id='word_1_124' title='bbox 1225 1198 1329 1236; x_wconf 88' lang='lat' dir='ltr'>litora</span> <span class='ocrx_word' id='word_1_125' title='bbox 1358 1199 1596 1249; x_wconf 90' lang='lat' dir='ltr'>periculorum</span> <span class='ocrx_word' id='word_1_126' title='bbox 1629 1198 1751 1249; x_wconf 89' lang='lat' dir='ltr'>plena,</span> 
     </span>
     <span class='ocr_line' id='line_1_15' title="bbox 236 1264 1752 1316; baseline -0.001 -12"><span class='ocrx_word' id='word_1_127' title='bbox 236 1268 357 1313; x_wconf 87' lang='lat' dir='ltr'>vada,</span> <span class='ocrx_word' id='word_1_128' title='bbox 388 1266 576 1316; x_wconf 90' lang='lat' dir='ltr'>scopulos,</span> <span class='ocrx_word' id='word_1_129' title='bbox 607 1264 676 1301; x_wconf 91' lang='lat' dir='ltr'>alia</span> <span class='ocrx_word' id='word_1_130' title='bbox 697 1264 735 1300; x_wconf 91' lang='lat' dir='ltr'>id</span> <span class='ocrx_word' id='word_1_131' title='bbox 761 1277 898 1313; x_wconf 79' lang='lat' dir='ltr'>genus3</span> <span class='ocrx_word' id='word_1_132' title='bbox 927 1266 1130 1315; x_wconf 91' lang='lat' dir='ltr'>mirumque</span> <span class='ocrx_word' id='word_1_133' title='bbox 1148 1267 1308 1316; x_wconf 90' lang='lat' dir='ltr'>denique</span> <span class='ocrx_word' id='word_1_134' title='bbox 1330 1267 1443 1304; x_wconf 85' lang='lat' dir='ltr'>videri</span> <span class='ocrx_word' id='word_1_135' title='bbox 1462 1267 1608 1314; x_wconf 86' lang='lat' dir='ltr'>dicunt,</span> <span class='ocrx_word' id='word_1_136' title='bbox 1638 1265 1752 1316; x_wconf 91' lang='lat' dir='ltr'>quod,</span> 
     </span>
     <span class='ocr_line' id='line_1_16' title="bbox 236 1331 1751 1385; baseline 0 -14"><span class='ocrx_word' id='word_1_137' title='bbox 236 1347 331 1384; x_wconf 92' lang='lat' dir='ltr'>quae</span> <span class='ocrx_word' id='word_1_138' title='bbox 349 1337 427 1370; x_wconf 92' lang='lat' dir='ltr'>tum</span> <span class='ocrx_word' id='word_1_139' title='bbox 448 1333 582 1370; x_wconf 91' lang='lat' dir='ltr'>fuerint</span> <span class='ocrx_word' id='word_1_140' title='bbox 601 1332 765 1378; x_wconf 88' lang='lat' dir='ltr'>detecta,</span> <span class='ocrx_word' id='word_1_141' title='bbox 795 1331 894 1369; x_wconf 92' lang='lat' dir='ltr'>nullo</span> <span class='ocrx_word' id='word_1_142' title='bbox 916 1333 1070 1383; x_wconf 87' lang='lat' dir='ltr'>amplius</span> <span class='ocrx_word' id='word_1_143' title='bbox 1089 1334 1295 1384; x_wconf 86' lang='lat' dir='ltr'>posteritati</span> <span class='ocrx_word' id='word_1_144' title='bbox 1317 1335 1449 1372; x_wconf 86' lang='lat' dir='ltr'>suerint</span> <span class='ocrx_word' id='word_1_145' title='bbox 1471 1334 1549 1370; x_wconf 90' lang='lat' dir='ltr'>usui</span> <span class='ocrx_word' id='word_1_146' title='bbox 1567 1334 1751 1385; x_wconf 90' lang='lat' dir='ltr'>ipsiusque</span> 
     </span>
     <span class='ocr_line' id='line_1_17' title="bbox 237 1401 1752 1452; baseline -0.001 -12"><span class='ocrx_word' id='word_1_147' title='bbox 237 1401 481 1452; x_wconf 85' lang='lat' dir='ltr'>expeditionis</span> <span class='ocrx_word' id='word_1_148' title='bbox 506 1401 682 1438; x_wconf 87' lang='lat' dir='ltr'>memoria</span> <span class='ocrx_word' id='word_1_149' title='bbox 708 1404 783 1437; x_wconf 86' lang='lat' dir='ltr'>tam</span> <span class='ocrx_word' id='word_1_150' title='bbox 809 1401 880 1437; x_wconf 86' lang='lat' dir='ltr'>cito</span> <span class='ocrx_word' id='word_1_151' title='bbox 911 1402 1082 1439; x_wconf 86' lang='lat' dir='ltr'>excidere</span> <span class='ocrx_word' id='word_1_152' title='bbox 1110 1403 1283 1452; x_wconf 87' lang='lat' dir='ltr'>potuerit.</span> <span class='ocrx_word' id='word_1_153' title='bbox 1342 1402 1470 1452; x_wconf 90' lang='lat' dir='ltr'>ltaque</span> <span class='ocrx_word' id='word_1_154' title='bbox 1499 1402 1557 1440; x_wconf 87' lang='lat' dir='ltr'>vel</span> <span class='ocrx_word' id='word_1_155' title='bbox 1583 1401 1680 1452; x_wconf 83' lang='lat' dir='ltr'>vulgi</span> <span class='ocrx_word' id='word_1_156' title='bbox 1708 1413 1752 1439; x_wconf 83' lang='lat' dir='ltr'>ex</span> 
     </span>
     <span class='ocr_line' id='line_1_18' title="bbox 232 1467 1751 1515; baseline -0.001 -8"><span class='ocrx_word' id='word_1_157' title='bbox 232 1470 332 1507; x_wconf 82' lang='lat' dir='ltr'>fama</span> <span class='ocrx_word' id='word_1_158' title='bbox 351 1467 409 1506; x_wconf 89' lang='lat' dir='ltr'>vel</span> <span class='ocrx_word' id='word_1_159' title='bbox 436 1470 671 1506; x_wconf 89' lang='lat' dir='ltr'>sacerdotum</span> <span class='ocrx_word' id='word_1_160' title='bbox 690 1468 884 1506; x_wconf 85' lang='lat' dir='ltr'>Herodoto</span> <span class='ocrx_word' id='word_1_161' title='bbox 909 1470 1021 1507; x_wconf 89' lang='lat' dir='ltr'>verba</span> <span class='ocrx_word' id='word_1_162' title='bbox 1039 1470 1207 1506; x_wconf 90' lang='lat' dir='ltr'>dantium</span> <span class='ocrx_word' id='word_1_163' title='bbox 1228 1469 1318 1508; x_wconf 89' lang='lat' dir='ltr'>haec</span> <span class='ocrx_word' id='word_1_164' title='bbox 1340 1470 1488 1508; x_wconf 88' lang='lat' dir='ltr'>fluxisse</span> <span class='ocrx_word' id='word_1_165' title='bbox 1509 1469 1751 1515; x_wconf 88' lang='lat' dir='ltr'>contendunt,</span> 
     </span>
     <span class='ocr_line' id='line_1_19' title="bbox 234 1534 1751 1589; baseline -0.001 -14"><span class='ocrx_word' id='word_1_166' title='bbox 234 1550 313 1575; x_wconf 91' lang='lat' dir='ltr'>cum</span> <span class='ocrx_word' id='word_1_167' title='bbox 333 1537 396 1586; x_wconf 87' lang='lat' dir='ltr'>qui</span> <span class='ocrx_word' id='word_1_168' title='bbox 415 1536 486 1574; x_wconf 92' lang='lat' dir='ltr'>tale</span> <span class='ocrx_word' id='word_1_169' title='bbox 504 1536 691 1573; x_wconf 89' lang='lat' dir='ltr'>consilium</span> <span class='ocrx_word' id='word_1_170' title='bbox 711 1536 858 1573; x_wconf 87' lang='lat' dir='ltr'>omnino</span> <span class='ocrx_word' id='word_1_171' title='bbox 880 1534 1144 1587; x_wconf 83' lang='lat' dir='ltr'>Aegyptiorum</span> <span class='ocrx_word' id='word_1_172' title='bbox 1172 1550 1235 1575; x_wconf 87' lang='lat' dir='ltr'>rex</span> <span class='ocrx_word' id='word_1_173' title='bbox 1262 1539 1452 1589; x_wconf 87' lang='lat' dir='ltr'>concipere</span> <span class='ocrx_word' id='word_1_174' title='bbox 1480 1538 1665 1589; x_wconf 88' lang='lat' dir='ltr'>potuerit,</span> <span class='ocrx_word' id='word_1_175' title='bbox 1695 1537 1751 1573; x_wconf 88' lang='lat' dir='ltr'>in-</span> 
     </span>
     <span class='ocr_line' id='line_1_20' title="bbox 234 1604 1752 1655; baseline -0.001 -13"><span class='ocrx_word' id='word_1_176' title='bbox 234 1605 349 1654; x_wconf 88' lang='lat' dir='ltr'>telligi</span> <span class='ocrx_word' id='word_1_177' title='bbox 364 1609 543 1654; x_wconf 90' lang='lat' dir='ltr'>nequeat,</span> <span class='ocrx_word' id='word_1_178' title='bbox 574 1617 695 1654; x_wconf 90' lang='lat' dir='ltr'>neque</span> <span class='ocrx_word' id='word_1_179' title='bbox 719 1605 827 1642; x_wconf 90' lang='lat' dir='ltr'>etiam</span> <span class='ocrx_word' id='word_1_180' title='bbox 847 1607 1011 1655; x_wconf 89' lang='lat' dir='ltr'>tempus,</span> <span class='ocrx_word' id='word_1_181' title='bbox 1052 1607 1153 1655; x_wconf 91' lang='lat' dir='ltr'>quod</span> <span class='ocrx_word' id='word_1_182' title='bbox 1183 1606 1232 1642; x_wconf 93' lang='lat' dir='ltr'>ad</span> <span class='ocrx_word' id='word_1_183' title='bbox 1262 1606 1368 1643; x_wconf 84' lang='lat' dir='ltr'>istam</span> <span class='ocrx_word' id='word_1_184' title='bbox 1401 1606 1669 1655; x_wconf 86' lang='lat' dir='ltr'>expeditionem</span> <span class='ocrx_word' id='word_1_185' title='bbox 1697 1604 1752 1641; x_wconf 92' lang='lat' dir='ltr'>in-</span> 
     </span>
     <span class='ocr_line' id='line_1_21' title="bbox 234 1671 1751 1723; baseline 0.001 -14"><span class='ocrx_word' id='word_1_186' title='bbox 234 1676 392 1710; x_wconf 85' lang='lat' dir='ltr'>sumtum</span> <span class='ocrx_word' id='word_1_187' title='bbox 421 1672 535 1710; x_wconf 85' lang='lat' dir='ltr'>fuisse</span> <span class='ocrx_word' id='word_1_188' title='bbox 555 1674 711 1710; x_wconf 86' lang='lat' dir='ltr'>traditur</span> <span class='ocrx_word' id='word_1_189' title='bbox 735 1671 900 1709; x_wconf 88' lang='lat' dir='ltr'>sufficere</span> <span class='ocrx_word' id='word_1_190' title='bbox 919 1673 1089 1723; x_wconf 89' lang='lat' dir='ltr'>potuerit.</span> <span class='ocrx_word' id='word_1_191' title='bbox 1149 1673 1255 1717; x_wconf 88' lang='lat' dir='ltr'>Quae</span> <span class='ocrx_word' id='word_1_192' title='bbox 1282 1687 1368 1711; x_wconf 92' lang='lat' dir='ltr'>num</span> <span class='ocrx_word' id='word_1_193' title='bbox 1393 1673 1577 1711; x_wconf 84' lang='lat' dir='ltr'>sufficiant</span> <span class='ocrx_word' id='word_1_194' title='bbox 1603 1674 1651 1710; x_wconf 90' lang='lat' dir='ltr'>ad</span> <span class='ocrx_word' id='word_1_195' title='bbox 1673 1673 1751 1710; x_wconf 88' lang='lat' dir='ltr'>He-</span> 
     </span>
     <span class='ocr_line' id='line_1_22' title="bbox 235 1739 1752 1789; baseline -0.001 -12"><span class='ocrx_word' id='word_1_196' title='bbox 235 1741 355 1777; x_wconf 92' lang='lat' dir='ltr'>rodoti</span> <span class='ocrx_word' id='word_1_197' title='bbox 373 1741 618 1778; x_wconf 90' lang='lat' dir='ltr'>testimonium</span> <span class='ocrx_word' id='word_1_198' title='bbox 643 1741 939 1789; x_wconf 80' lang='lat' dir='ltr'>infringendum,</span> <span class='ocrx_word' id='word_1_199' title='bbox 976 1740 1047 1776; x_wconf 88' lang='lat' dir='ltr'>iam</span> <span class='ocrx_word' id='word_1_200' title='bbox 1069 1740 1278 1788; x_wconf 84' lang='lat' dir='ltr'>videamus,</span> <span class='ocrx_word' id='word_1_201' title='bbox 1316 1741 1364 1778; x_wconf 95' lang='lat' dir='ltr'>ad</span> <span class='ocrx_word' id='word_1_202' title='bbox 1386 1753 1429 1778; x_wconf 91' lang='lat' dir='ltr'>ea</span> <span class='ocrx_word' id='word_1_203' title='bbox 1453 1740 1555 1778; x_wconf 90' lang='lat' dir='ltr'>simul</span> <span class='ocrx_word' id='word_1_204' title='bbox 1576 1739 1752 1789; x_wconf 86' lang='lat' dir='ltr'>ablegan-</span> 
     </span>
     <span class='ocr_line' id='line_1_23' title="bbox 235 1807 1751 1859; baseline -0.002 -14"><span class='ocrx_word' id='word_1_205' title='bbox 235 1812 314 1855; x_wconf 86' lang='lat' dir='ltr'>tes,</span> <span class='ocrx_word' id='word_1_206' title='bbox 354 1819 449 1856; x_wconf 90' lang='lat' dir='ltr'>quae</span> <span class='ocrx_word' id='word_1_207' title='bbox 477 1807 515 1844; x_wconf 92' lang='lat' dir='ltr'>in</span> <span class='ocrx_word' id='word_1_208' title='bbox 540 1810 637 1844; x_wconf 89' lang='lat' dir='ltr'>notis</span> <span class='ocrx_word' id='word_1_209' title='bbox 670 1808 718 1844; x_wconf 91' lang='lat' dir='ltr'>ad</span> <span class='ocrx_word' id='word_1_210' title='bbox 740 1807 884 1856; x_wconf 85' lang='lat' dir='ltr'>singula</span> <span class='ocrx_word' id='word_1_211' title='bbox 906 1807 1088 1844; x_wconf 89' lang='lat' dir='ltr'>Herodoti</span> <span class='ocrx_word' id='word_1_212' title='bbox 1107 1808 1221 1845; x_wconf 88' lang='lat' dir='ltr'>verba</span> <span class='ocrx_word' id='word_1_213' title='bbox 1243 1809 1521 1859; x_wconf 85' lang='lat' dir='ltr'>adscripsimus:</span> <span class='ocrx_word' id='word_1_214' title='bbox 1552 1807 1690 1857; x_wconf 87' lang='lat' dir='ltr'>quippe</span> <span class='ocrx_word' id='word_1_215' title='bbox 1708 1817 1751 1844; x_wconf 82' lang='lat' dir='ltr'>ex</span> 
     </span>
     <span class='ocr_line' id='line_1_24' title="bbox 234 1874 1752 1925; baseline -0.001 -13"><span class='ocrx_word' id='word_1_216' title='bbox 234 1888 388 1924; x_wconf 87' lang='lat' dir='ltr'>quorum</span> <span class='ocrx_word' id='word_1_217' title='bbox 412 1875 505 1911; x_wconf 89' lang='lat' dir='ltr'>iusta</span> <span class='ocrx_word' id='word_1_218' title='bbox 525 1874 826 1924; x_wconf 87' lang='lat' dir='ltr'>interpretatione</span> <span class='ocrx_word' id='word_1_219' title='bbox 853 1878 965 1923; x_wconf 90' lang='lat' dir='ltr'>atque</span> <span class='ocrx_word' id='word_1_220' title='bbox 987 1874 1250 1924; x_wconf 83' lang='lat' dir='ltr'>intelligentia,</span> <span class='ocrx_word' id='word_1_221' title='bbox 1293 1876 1380 1925; x_wconf 90' lang='lat' dir='ltr'>quid</span> <span class='ocrx_word' id='word_1_222' title='bbox 1399 1876 1446 1914; x_wconf 89' lang='lat' dir='ltr'>de</span> <span class='ocrx_word' id='word_1_223' title='bbox 1476 1875 1626 1924; x_wconf 83' lang='lat' dir='ltr'>singulis</span> <span class='ocrx_word' id='word_1_224' title='bbox 1645 1874 1752 1912; x_wconf 86' lang='lat' dir='ltr'>dubi-</span> 
     </span>
     <span class='ocr_line' id='line_1_25' title="bbox 234 1941 1750 1993; baseline 0 -14"><span class='ocrx_word' id='word_1_225' title='bbox 234 1942 432 1979; x_wconf 87' lang='lat' dir='ltr'>tationibus</span> <span class='ocrx_word' id='word_1_226' title='bbox 464 1942 697 1978; x_wconf 86' lang='lat' dir='ltr'>iudicandum</span> <span class='ocrx_word' id='word_1_227' title='bbox 730 1943 798 1989; x_wconf 90' lang='lat' dir='ltr'>sit,</span> <span class='ocrx_word' id='word_1_228' title='bbox 838 1941 964 1979; x_wconf 89' lang='lat' dir='ltr'>melius</span> <span class='ocrx_word' id='word_1_229' title='bbox 992 1943 1150 1992; x_wconf 80' lang='lat' dir='ltr'>perspici</span> <span class='ocrx_word' id='word_1_230' title='bbox 1179 1943 1310 1993; x_wconf 84' lang='lat' dir='ltr'>possit.</span> <span class='ocrx_word' id='word_1_231' title='bbox 1380 1943 1451 1980; x_wconf 91' lang='lat' dir='ltr'>Hic</span> <span class='ocrx_word' id='word_1_232' title='bbox 1478 1944 1515 1980; x_wconf 90' lang='lat' dir='ltr'>in</span> <span class='ocrx_word' id='word_1_233' title='bbox 1544 1942 1750 1980; x_wconf 76' lang='lat' dir='ltr'>universum</span> 
     </span>
     <span class='ocr_line' id='line_1_26' title="bbox 235 2009 1751 2060; baseline 0.001 -14"><span class='ocrx_word' id='word_1_234' title='bbox 235 2009 417 2060; x_wconf 88' lang='lat' dir='ltr'>quaedam</span> <span class='ocrx_word' id='word_1_235' title='bbox 437 2010 664 2060; x_wconf 86' lang='lat' dir='ltr'>proferamus</span> <span class='ocrx_word' id='word_1_236' title='bbox 677 2038 688 2056; x_wconf 92' lang='lat'>,</span> <span class='ocrx_word' id='word_1_237' title='bbox 719 2010 830 2046; x_wconf 91' lang='lat' dir='ltr'>ducta</span> <span class='ocrx_word' id='word_1_238' title='bbox 848 2021 891 2046; x_wconf 88' lang='lat' dir='ltr'>ex</span> <span class='ocrx_word' id='word_1_239' title='bbox 913 2009 1221 2059; x_wconf 87' lang='lat' dir='ltr'>disputationibus</span> <span class='ocrx_word' id='word_1_240' title='bbox 1244 2023 1367 2047; x_wconf 86' lang='lat' dir='ltr'>eorum</span> <span class='ocrx_word' id='word_1_241' title='bbox 1386 2011 1563 2056; x_wconf 78' lang='lat' dir='ltr'>virorum,</span> <span class='ocrx_word' id='word_1_242' title='bbox 1601 2010 1664 2060; x_wconf 82' lang='lat' dir='ltr'>qui</span> <span class='ocrx_word' id='word_1_243' title='bbox 1683 2022 1751 2047; x_wconf 92' lang='lat' dir='ltr'>no-</span> 
     </span>
     <span class='ocr_line' id='line_1_27' title="bbox 235 2077 1749 2130; baseline 0.001 -16"><span class='ocrx_word' id='word_1_244' title='bbox 235 2081 309 2114; x_wconf 85' lang='lat' dir='ltr'>stra</span> <span class='ocrx_word' id='word_1_245' title='bbox 333 2081 369 2114; x_wconf 87' lang='lat' dir='ltr'>et</span> <span class='ocrx_word' id='word_1_246' title='bbox 396 2080 539 2127; x_wconf 90' lang='lat' dir='ltr'>patrum</span> <span class='ocrx_word' id='word_1_247' title='bbox 564 2077 741 2115; x_wconf 92' lang='lat' dir='ltr'>memoria</span> <span class='ocrx_word' id='word_1_248' title='bbox 757 2077 940 2114; x_wconf 87' lang='lat' dir='ltr'>Herodoti</span> <span class='ocrx_word' id='word_1_249' title='bbox 959 2089 1106 2114; x_wconf 88' lang='lat' dir='ltr'>causam</span> <span class='ocrx_word' id='word_1_250' title='bbox 1127 2082 1384 2130; x_wconf 88' lang='lat' dir='ltr'>susceperunt,</span> <span class='ocrx_word' id='word_1_251' title='bbox 1420 2079 1603 2128; x_wconf 87' lang='lat' dir='ltr'>fidemque</span> <span class='ocrx_word' id='word_1_252' title='bbox 1625 2078 1749 2116; x_wconf 87' lang='lat' dir='ltr'>Hero-</span> 
     </span>
     <span class='ocr_line' id='line_1_28' title="bbox 233 2144 1750 2196; baseline 0.001 -14"><span class='ocrx_word' id='word_1_253' title='bbox 233 2145 312 2182; x_wconf 92' lang='lat' dir='ltr'>doti</span> <span class='ocrx_word' id='word_1_254' title='bbox 334 2145 371 2181; x_wconf 92' lang='lat' dir='ltr'>in</span> <span class='ocrx_word' id='word_1_255' title='bbox 397 2144 465 2181; x_wconf 91' lang='lat' dir='ltr'>hac</span> <span class='ocrx_word' id='word_1_256' title='bbox 493 2145 704 2183; x_wconf 88' lang='lat' dir='ltr'>narratione</span> <span class='ocrx_word' id='word_1_257' title='bbox 732 2146 871 2196; x_wconf 91' lang='lat' dir='ltr'>optime</span> <span class='ocrx_word' id='word_1_258' title='bbox 898 2145 991 2183; x_wconf 90' lang='lat' dir='ltr'>tueri</span> <span class='ocrx_word' id='word_1_259' title='bbox 1017 2146 1246 2184; x_wconf 89' lang='lat' dir='ltr'>studuerunt.</span> <span class='ocrx_word' id='word_1_260' title='bbox 1305 2147 1405 2184; x_wconf 91' lang='lat' dir='ltr'>Inter</span> <span class='ocrx_word' id='word_1_261' title='bbox 1433 2159 1526 2196; x_wconf 90' lang='lat' dir='ltr'>quos</span> <span class='ocrx_word' id='word_1_262' title='bbox 1555 2146 1750 2196; x_wconf 88' lang='lat' dir='ltr'>praecipue</span> 
     </span>
     <span class='ocr_line' id='line_1_29' title="bbox 232 2212 1751 2266; baseline 0.001 -16"><span class='ocrx_word' id='word_1_263' title='bbox 232 2212 447 2250; x_wconf 87' lang='lat' dir='ltr'>nominandi</span> <span class='ocrx_word' id='word_1_264' title='bbox 469 2217 554 2250; x_wconf 92' lang='lat' dir='ltr'>sunt</span> <span class='ocrx_word' id='word_1_265' title='bbox 572 2213 728 2251; x_wconf 89' lang='lat' dir='ltr'>Gesner.</span> <span class='ocrx_word' id='word_1_266' title='bbox 748 2213 846 2251; x_wconf 88' lang='lat' dir='ltr'>Diss.</span> <span class='ocrx_word' id='word_1_267' title='bbox 867 2214 914 2251; x_wconf 90' lang='lat' dir='ltr'>de</span> <span class='ocrx_word' id='word_1_268' title='bbox 931 2213 1107 2261; x_wconf 83' lang='lat' dir='ltr'>navigatt.</span> <span class='ocrx_word' id='word_1_269' title='bbox 1127 2218 1228 2251; x_wconf 87' lang='lat' dir='ltr'>extra</span> <span class='ocrx_word' id='word_1_270' title='bbox 1245 2213 1398 2252; x_wconf 91' lang='lat' dir='ltr'>column.</span> <span class='ocrx_word' id='word_1_271' title='bbox 1421 2214 1529 2252; x_wconf 91' lang='lat' dir='ltr'>Herc.</span> <span class='ocrx_word' id='word_1_272' title='bbox 1548 2214 1588 2252; x_wconf 91' lang='lat' dir='ltr'>P.</span> <span class='ocrx_word' id='word_1_273' title='bbox 1609 2215 1625 2252; x_wconf 92' lang='lat'>1</span> <span class='ocrx_word' id='word_1_274' title='bbox 1642 2226 1751 2266; x_wconf 82' lang='lat' dir='ltr'>prae-</span> 
     </span>
     <span class='ocr_line' id='line_1_30' title="bbox 233 2278 1752 2333; baseline -0.001 -15"><span class='ocrx_word' id='word_1_275' title='bbox 233 2280 338 2331; x_wconf 88' lang='lat' dir='ltr'>cipue</span> <span class='ocrx_word' id='word_1_276' title='bbox 362 2278 400 2331; x_wconf 60' lang='grc' dir='ltr'>ἓ.</span> <span class='ocrx_word' id='word_1_277' title='bbox 431 2282 456 2320; x_wconf 88' lang='grc'>6</span> <span class='ocrx_word' id='word_1_278' title='bbox 488 2294 592 2330; x_wconf 87' lang='lat' dir='ltr'>seqq.</span> <span class='ocrx_word' id='word_1_279' title='bbox 632 2281 801 2332; x_wconf 87' lang='lat' dir='ltr'>Orphicc.</span> <span class='ocrx_word' id='word_1_280' title='bbox 835 2282 894 2319; x_wconf 89' lang='lat' dir='ltr'>ed.</span> <span class='ocrx_word' id='word_1_281' title='bbox 918 2281 1122 2319; x_wconf 86' lang='lat' dir='ltr'>Hermann.</span> <span class='ocrx_word' id='word_1_282' title='bbox 1180 2282 1336 2320; x_wconf 88' lang='lat' dir='ltr'>Rennel.</span> <span class='ocrx_word' id='word_1_283' title='bbox 1365 2282 1387 2320; x_wconf 90' lang='lat' dir='ltr'>l.</span> <span class='ocrx_word' id='word_1_284' title='bbox 1407 2282 1430 2319; x_wconf 92' lang='lat' dir='ltr'>l.</span> <span class='ocrx_word' id='word_1_285' title='bbox 1455 2295 1542 2333; x_wconf 85' lang='lat' dir='ltr'>pag.</span> <span class='ocrx_word' id='word_1_286' title='bbox 1569 2283 1651 2324; x_wconf 85' lang='lat'>685</span> <span class='ocrx_word' id='word_1_287' title='bbox 1674 2293 1752 2331; x_wconf 88' lang='lat' dir='ltr'>seq.</span> 
     </span>
     <span class='ocr_line' id='line_1_31' title="bbox 235 2340 1749 2400; baseline -0.002 -12"><span class='ocrx_word' id='word_1_288' title='bbox 235 2350 316 2391; x_wconf 81' lang='lat'>693</span> <span class='ocrx_word' id='word_1_289' title='bbox 340 2361 445 2398; x_wconf 88' lang='lat' dir='ltr'>seqq.</span> <span class='ocrx_word' id='word_1_290' title='bbox 485 2340 642 2388; x_wconf 85' lang='lat' dir='ltr'>Heeren.</span> <span class='ocrx_word' id='word_1_291' title='bbox 664 2349 776 2387; x_wconf 86' lang='lat' dir='ltr'>Ideen</span> <span class='ocrx_word' id='word_1_292' title='bbox 801 2352 869 2387; x_wconf 84' lang='lat' dir='ltr'>etc.</span> <span class='ocrx_word' id='word_1_293' title='bbox 889 2348 926 2396; x_wconf 87' lang='grc' dir='ltr'>Ι,</span> <span class='ocrx_word' id='word_1_294' title='bbox 957 2352 982 2389; x_wconf 83' lang='lat'><strong>2</strong></span> <span class='ocrx_word' id='word_1_295' title='bbox 1002 2361 1087 2399; x_wconf 84' lang='lat' dir='ltr'>pag.</span> <span class='ocrx_word' id='word_1_296' title='bbox 1111 2350 1160 2389; x_wconf 85' lang='lat'>81</span> <span class='ocrx_word' id='word_1_297' title='bbox 1184 2362 1287 2400; x_wconf 90' lang='lat' dir='ltr'>seqq.</span> <span class='ocrx_word' id='word_1_298' title='bbox 1308 2355 1346 2389; x_wconf 90' lang='lat' dir='ltr'>et</span> <span class='ocrx_word' id='word_1_299' title='bbox 1364 2351 1476 2389; x_wconf 88' lang='lat' dir='ltr'>Koes.</span> <span class='ocrx_word' id='word_1_300' title='bbox 1496 2350 1532 2386; x_wconf 90' lang='lat' dir='ltr'>in</span> <span class='ocrx_word' id='word_1_301' title='bbox 1551 2349 1749 2400; x_wconf 86' lang='lat' dir='ltr'>scriptione</span> 
     </span>
     <span class='ocr_line' id='line_1_32' title="bbox 232 2415 1750 2469; baseline -0.002 -14"><span class='ocrx_word' id='word_1_302' title='bbox 232 2415 426 2469; x_wconf 88' lang='lat' dir='ltr'>peculiari,</span> <span class='ocrx_word' id='word_1_303' title='bbox 464 2428 560 2465; x_wconf 88' lang='lat' dir='ltr'>quae</span> <span class='ocrx_word' id='word_1_304' title='bbox 585 2417 655 2454; x_wconf 94' lang='lat' dir='ltr'>hoc</span> <span class='ocrx_word' id='word_1_305' title='bbox 684 2418 752 2454; x_wconf 91' lang='lat' dir='ltr'>sub</span> <span class='ocrx_word' id='word_1_306' title='bbox 776 2416 882 2454; x_wconf 88' lang='lat' dir='ltr'>titulo</span> <span class='ocrx_word' id='word_1_307' title='bbox 912 2417 1067 2467; x_wconf 87' lang='lat' dir='ltr'>prodiit:</span> <span class='ocrx_word' id='word_1_308' title='bbox 1108 2416 1358 2467; x_wconf 87' lang='lat' dir='ltr'>„Disquisitio</span> <span class='ocrx_word' id='word_1_309' title='bbox 1385 2420 1432 2457; x_wconf 93' lang='lat' dir='ltr'>de</span> <span class='ocrx_word' id='word_1_310' title='bbox 1455 2419 1529 2457; x_wconf 88' lang='lat' dir='ltr'>fide</span> <span class='ocrx_word' id='word_1_311' title='bbox 1554 2417 1750 2463; x_wconf 90' lang='lat' dir='ltr'>Herodoti,</span> 
     </span>
     <span class='ocr_line' id='line_1_33' title="bbox 233 2483 1748 2534; baseline -0.001 -13"><span class='ocrx_word' id='word_1_312' title='bbox 233 2497 309 2534; x_wconf 89' lang='lat' dir='ltr'>qua</span> <span class='ocrx_word' id='word_1_313' title='bbox 327 2483 496 2534; x_wconf 89' lang='lat' dir='ltr'>perhibet</span> <span class='ocrx_word' id='word_1_314' title='bbox 518 2484 719 2522; x_wconf 89' lang='lat' dir='ltr'>Phoenices</span> <span class='ocrx_word' id='word_1_315' title='bbox 741 2484 899 2521; x_wconf 85' lang='lat' dir='ltr'>Africam</span> <span class='ocrx_word' id='word_1_316' title='bbox 921 2485 1075 2522; x_wconf 85' lang='lat' dir='ltr'>navibus</span> <span class='ocrx_word' id='word_1_317' title='bbox 1093 2484 1353 2524; x_wconf 88' lang='lat' dir='ltr'>circumvectos</span> <span class='ocrx_word' id='word_1_318' title='bbox 1377 2499 1479 2534; x_wconf 90' lang='lat' dir='ltr'>esse,</span> <span class='ocrx_word' id='word_1_319' title='bbox 1517 2496 1598 2522; x_wconf 87' lang='lat' dir='ltr'>cum</span> <span class='ocrx_word' id='word_1_320' title='bbox 1624 2495 1748 2521; x_wconf 87' lang='lat' dir='ltr'>recen-</span> 
     </span>
     <span class='ocr_line' id='line_1_34' title="bbox 233 2550 1748 2603; baseline -0.001 -14"><span class='ocrx_word' id='word_1_321' title='bbox 233 2552 366 2590; x_wconf 90' lang='lat' dir='ltr'>tiorum</span> <span class='ocrx_word' id='word_1_322' title='bbox 391 2564 501 2601; x_wconf 91' lang='lat' dir='ltr'>super</span> <span class='ocrx_word' id='word_1_323' title='bbox 523 2551 590 2589; x_wconf 92' lang='lat' dir='ltr'>hac</span> <span class='ocrx_word' id='word_1_324' title='bbox 618 2565 658 2590; x_wconf 89' lang='lat' dir='ltr'>re</span> <span class='ocrx_word' id='word_1_325' title='bbox 686 2552 877 2590; x_wconf 90' lang='lat' dir='ltr'>sententiis</span> <span class='ocrx_word' id='word_1_326' title='bbox 899 2552 1102 2590; x_wconf 84' lang='lat' dir='ltr'>excussiS.“</span> <span class='ocrx_word' id='word_1_327' title='bbox 1159 2553 1331 2603; x_wconf 87' lang='lat' dir='ltr'>Gotting.</span> <span class='ocrx_word' id='word_1_328' title='bbox 1355 2553 1474 2596; x_wconf 79' lang='lat'>1805.</span> <span class='ocrx_word' id='word_1_329' title='bbox 1496 2550 1532 2592; x_wconf 81' lang='grc'>4.</span> <span class='ocrx_word' id='word_1_330' title='bbox 1569 2550 1748 2589; x_wconf 83' lang='lat' dir='ltr'>Rennelio</span> 
     </span>
     <span class='ocr_line' id='line_1_35' title="bbox 236 2618 1749 2671; baseline -0.001 -14"><span class='ocrx_word' id='word_1_331' title='bbox 236 2620 443 2658; x_wconf 87' lang='lat' dir='ltr'>adsentitur</span> <span class='ocrx_word' id='word_1_332' title='bbox 462 2619 668 2657; x_wconf 89' lang='lat' dir='ltr'>Larcherus</span> <span class='ocrx_word' id='word_1_333' title='bbox 689 2621 753 2666; x_wconf 92' lang='lat' dir='ltr'>(in</span> <span class='ocrx_word' id='word_1_334' title='bbox 772 2624 864 2657; x_wconf 90' lang='lat' dir='ltr'>nott.</span> <span class='ocrx_word' id='word_1_335' title='bbox 892 2621 940 2657; x_wconf 88' lang='lat' dir='ltr'>ad</span> <span class='ocrx_word' id='word_1_336' title='bbox 959 2620 1141 2658; x_wconf 88' lang='lat' dir='ltr'>Herodot.</span> <span class='ocrx_word' id='word_1_337' title='bbox 1167 2621 1190 2660; x_wconf 92' lang='lat' dir='ltr'>l.</span> <span class='ocrx_word' id='word_1_338' title='bbox 1216 2621 1266 2671; x_wconf 91' lang='lat' dir='ltr'>l.)</span> <span class='ocrx_word' id='word_1_339' title='bbox 1288 2623 1449 2671; x_wconf 90' lang='lat' dir='ltr'>itemque</span> <span class='ocrx_word' id='word_1_340' title='bbox 1468 2619 1617 2657; x_wconf 91' lang='lat' dir='ltr'>Dureau</span> <span class='ocrx_word' id='word_1_341' title='bbox 1643 2619 1690 2657; x_wconf 91' lang='lat' dir='ltr'>de</span> <span class='ocrx_word' id='word_1_342' title='bbox 1713 2618 1749 2656; x_wconf 90' lang='lat' dir='ltr'>la</span> 
     </span>
     <span class='ocr_line' id='line_1_36' title="bbox 236 2687 1748 2740; baseline -0.001 -14"><span class='ocrx_word' id='word_1_343' title='bbox 236 2687 351 2726; x_wconf 90' lang='lat' dir='ltr'>Malle</span> <span class='ocrx_word' id='word_1_344' title='bbox 373 2687 610 2737; x_wconf 84' lang='lat' dir='ltr'>Geographie</span> <span class='ocrx_word' id='word_1_345' title='bbox 636 2687 815 2738; x_wconf 85' lang='lat' dir='ltr'>physique</span> <span class='ocrx_word' id='word_1_346' title='bbox 839 2688 888 2725; x_wconf 84' lang='lat' dir='ltr'>de</span> <span class='ocrx_word' id='word_1_347' title='bbox 913 2687 948 2724; x_wconf 93' lang='lat' dir='ltr'>la</span> <span class='ocrx_word' id='word_1_348' title='bbox 974 2701 1050 2725; x_wconf 89' lang='lat' dir='ltr'>mer</span> <span class='ocrx_word' id='word_1_349' title='bbox 1079 2689 1181 2727; x_wconf 88' lang='lat' dir='ltr'>noire</span> <span class='ocrx_word' id='word_1_350' title='bbox 1210 2694 1278 2727; x_wconf 89' lang='lat' dir='ltr'>etc.</span> <span class='ocrx_word' id='word_1_351' title='bbox 1305 2701 1390 2740; x_wconf 85' lang='lat' dir='ltr'>pag.</span> <span class='ocrx_word' id='word_1_352' title='bbox 1417 2690 1471 2729; x_wconf 90' lang='lat'>70</span> <span class='ocrx_word' id='word_1_353' title='bbox 1498 2691 1597 2735; x_wconf 89' lang='lat' dir='ltr'>not.,</span> <span class='ocrx_word' id='word_1_354' title='bbox 1636 2690 1748 2736; x_wconf 87' lang='lat' dir='ltr'>atque</span> 
     </span>
     <span class='ocr_line' id='line_1_37' title="bbox 238 2753 1747 2806; baseline -0.001 -13"><span class='ocrx_word' id='word_1_355' title='bbox 238 2756 347 2793; x_wconf 89' lang='lat' dir='ltr'>etiam</span> <span class='ocrx_word' id='word_1_356' title='bbox 374 2755 647 2805; x_wconf 89' lang='lat' dir='ltr'>quodammodo</span> <span class='ocrx_word' id='word_1_357' title='bbox 680 2755 812 2792; x_wconf 86' lang='lat' dir='ltr'>Ukert.</span> <span class='ocrx_word' id='word_1_358' title='bbox 842 2755 981 2805; x_wconf 88' lang='lat' dir='ltr'>Geogr.</span> <span class='ocrx_word' id='word_1_359' title='bbox 1007 2756 1042 2793; x_wconf 90' lang='lat' dir='ltr'>d.</span> <span class='ocrx_word' id='word_1_360' title='bbox 1061 2756 1126 2793; x_wconf 91' lang='lat' dir='ltr'>Gr.</span> <span class='ocrx_word' id='word_1_361' title='bbox 1155 2762 1193 2795; x_wconf 89' lang='lat' dir='ltr'>et</span> <span class='ocrx_word' id='word_1_362' title='bbox 1216 2757 1324 2795; x_wconf 69' lang='lat' dir='ltr'>Rom.</span> <span class='ocrx_word' id='word_1_363' title='bbox 1351 2756 1388 2805; x_wconf 89' lang='grc' dir='ltr'>Ι,</span> <span class='ocrx_word' id='word_1_364' title='bbox 1414 2758 1433 2795; x_wconf 93' lang='grc'><strong>1</strong></span> <span class='ocrx_word' id='word_1_365' title='bbox 1462 2767 1548 2806; x_wconf 84' lang='lat' dir='ltr'>pag.</span> <span class='ocrx_word' id='word_1_366' title='bbox 1567 2753 1621 2795; x_wconf 88' lang='lat'>46</span> <span class='ocrx_word' id='word_1_367' title='bbox 1647 2766 1747 2803; x_wconf 80' lang='lat' dir='ltr'>seq-3</span> 
     </span>
     <span class='ocr_line' id='line_1_38' title="bbox 238 2822 1748 2874; baseline -0.002 -13"><span class='ocrx_word' id='word_1_368' title='bbox 238 2824 460 2874; x_wconf 85' lang='lat' dir='ltr'>argumentis</span> <span class='ocrx_word' id='word_1_369' title='bbox 483 2823 577 2860; x_wconf 91' lang='lat' dir='ltr'>enim</span> <span class='ocrx_word' id='word_1_370' title='bbox 597 2836 619 2860; x_wconf 95' lang='lat' dir='ltr'>a</span> <span class='ocrx_word' id='word_1_371' title='bbox 638 2822 819 2861; x_wconf 89' lang='lat' dir='ltr'>Rennelio</span> <span class='ocrx_word' id='word_1_372' title='bbox 842 2822 1014 2874; x_wconf 90' lang='lat' dir='ltr'>prolatis,</span> <span class='ocrx_word' id='word_1_373' title='bbox 1052 2824 1163 2861; x_wconf 91' lang='lat' dir='ltr'>modo</span> <span class='ocrx_word' id='word_1_374' title='bbox 1181 2836 1275 2874; x_wconf 91' lang='lat' dir='ltr'>quae</span> <span class='ocrx_word' id='word_1_375' title='bbox 1293 2823 1350 2862; x_wconf 91' lang='lat' dir='ltr'>ille</span> <span class='ocrx_word' id='word_1_376' title='bbox 1371 2823 1539 2860; x_wconf 90' lang='lat' dir='ltr'>sumserit</span> <span class='ocrx_word' id='word_1_377' title='bbox 1566 2822 1748 2873; x_wconf 84' lang='lat' dir='ltr'>accipian-</span> 
     </span>
     <span class='ocr_line' id='line_1_39' title="bbox 237 2889 1746 2943; baseline -0.002 -14"><span class='ocrx_word' id='word_1_378' title='bbox 237 2895 320 2941; x_wconf 90' lang='lat' dir='ltr'>tur,</span> <span class='ocrx_word' id='word_1_379' title='bbox 349 2893 438 2930; x_wconf 88' lang='lat' dir='ltr'>satis</span> <span class='ocrx_word' id='word_1_380' title='bbox 466 2891 614 2943; x_wconf 87' lang='lat' dir='ltr'>probari</span> <span class='ocrx_word' id='word_1_381' title='bbox 641 2892 712 2938; x_wconf 91' lang='lat' dir='ltr'>ait,</span> <span class='ocrx_word' id='word_1_382' title='bbox 751 2891 830 2930; x_wconf 88' lang='lat' dir='ltr'>fieri</span> <span class='ocrx_word' id='word_1_383' title='bbox 853 2894 1009 2943; x_wconf 76' lang='lat' dir='ltr'>potuisse</span> <span class='ocrx_word' id='word_1_384' title='bbox 1036 2892 1148 2930; x_wconf 88' lang='lat' dir='ltr'>talem</span> <span class='ocrx_word' id='word_1_385' title='bbox 1175 2892 1465 2942; x_wconf 81' lang='lat' dir='ltr'>navigationem,</span> <span class='ocrx_word' id='word_1_386' title='bbox 1506 2889 1672 2940; x_wconf 88' lang='lat' dir='ltr'>quamvis</span> <span class='ocrx_word' id='word_1_387' title='bbox 1699 2901 1746 2926; x_wconf 88' lang='lat' dir='ltr'>an</span> 
     </span>
    </p>
   </div>
  </div>
 </body>
</html>
