1904 3304
318 973 384 1018 66

113 1037 271 1067 Graterem
322 1038 386 1065 vini
449 1045 460 1060 ν

112 1068 283 1108 praefectus
306 1072 387 1108 quie-

436 231 523 272 4⁰8

827 226 1295 268 HERODOTI

437 339 494 396 ἢν
530 338 609 395 μὲν
645 333 676 394 ᾖ
711 336 866 394 πένης,
906 334 931 380 ὁ
974 337 1020 381 δὲ
1060 337 1219 390 ἔξωθεν
1259 335 1486 394 ὠμοβοέην
1517 335 1689 393 μούνην

439 410 701 464 περιτείνας,
740 408 855 451 οὕτω
883 411 1053 464 χρᾶται·

1104 407 1160 463 ἢν
1196 409 1243 452 δὲ
1279 404 1308 464 ᾗ
1344 410 1576 460 πλούσιος,
1610 409 1690 466 τὴν

439 481 519 537 μὲν
548 477 773 535 ὠμοβοέην
801 479 1048 534 περιτείνει,
1083 479 1248 522 ἔσωθεν
1277 479 1323 522 δὲ
1352 480 1691 535 περιχρυσώσας,

411 550 562 593 Βοῦτω
600 553 756 604 χρᾶται
791 550 998 607 ποτηρίῳ.

1067 552 1241 592 ποιεῦσι
1280 549 1326 592 δὲ
1361 554 1492 593 τοῦτο
1529 553 1603 595 καὶ
1641 550 1745 594 έκ25

439 624 526 664 τῶν
556 620 753 675 οἰκηίων,
796 619 853 677 ἦν
890 632 971 676 σφι
1007 620 1217 676 διάφοροι
1252 620 1481 675 γένωνται,
1528 622 1600 665 καὶ
1638 620 1694 677 ἢν

411 688 705 746 4ἐπικρατήσῃ
736 689 875 735 αὐτοῦ
903 691 1019 745 παροέ
1050 695 1111 748 τῷ
1139 691 1317 745 βασιλέϊ.

1376 692 1526 742 ξείνων
1565 692 1611 735 δέ
1651 692 1694 734 οἱ

439 760 659 806 ἐλθόντων
685 767 774 806 τῶν
803 761 859 805 ἂν
887 761 1020 818 λόγον
1039 762 1257 819 ποιέηται,
1286 761 1364 812 τοὶς
1385 761 1575 817 κεφαλὰς
1593 759 1694 804 ταύ-

439 849 516 883 τας
545 833 810 888 παραφέρει,
848 834 922 876 καὶ
953 833 1153 889 ἐπιλέγει,
1196 834 1256 884 ὥς
1293 835 1336 877 οἱ
1366 831 1506 882 ἐόντες
1536 831 1696 886 οίκήϊοι

439 902 632 959 πόλεμον
667 902 1024 959 προσεθήκαντο,
1064 905 1137 947 καί
1175 916 1321 960 σφεων
1352 903 1496 955 αὐτὸς.
1518 900 1698 956 έπεκρά-
1761 922 1842 963 311

441 986 563 1030 τησε,
592 972 756 1029 ταύτην
787 972 1091 1031 ἀνδραγαθίην
1121 975 1330 1031 λέγοντες.

443 1211 524 1249 τῶν
578 1205 629 1248 ὄῖν
673 1206 792 1263 λόγον
836 1209 1043 1262 ποιέηται]

389 1267 505 1306 Deest
529 1266 677 1303 subiecti
698 1269 759 1316 qui
783 1268 911 1304 dicitur
929 1269 1046 1305 nomi-

389 1323 530 1361 nativus
546 1323 656 1372 plane
674 1327 715 1360 ut
737 1323 782 1371 ΙΙ,
801 1323 867 1365 74.
879 1327 931 1364 70
944 1353 955 1371 ,
986 1324 1047 1361 ubi

390 1379 464 1416 vid.
489 1382 579 1415 nott.
598 1378 670 1428 lV,
700 1382 753 1420 67
784 1380 820 1416 in
839 1380 902 1417 fin.
941 1381 1048 1424 Quae

391 1435 554 1486 proxime
573 1436 794 1473 antecedunt
812 1437 942 1474 verba:
979 1434 1047 1474 καὶ

391 1488 444 1542 ἢν
467 1487 708 1545 ἕπικρατηση
730 1487 855 1531 αὐτοῦ
870 1506 977 1542 παρα
996 1493 1052 1546 τῷ

394 1545 567 1612 βασιλέϊ,
598 1547 620 1583 i.
651 1561 683 1585 e.
711 1552 816 1597 atque
837 1549 979 1597 quando
998 1560 1053 1584 re-

393 1606 452 1653 gis
480 1603 611 1640 indicae
637 1603 728 1640 alter
756 1604 860 1641 alteri
891 1606 929 1641 in
954 1607 1053 1654 pote-

395 1663 520 1696 statem
546 1663 596 1695 est
625 1660 801 1706 traclztus,
840 1664 936 1698 recte
958 1660 1053 1697 Miot

396 1717 448 1753 sic
479 1714 618 1753 Gallice
647 1716 827 1753 reddidit:
868 1718 1054 1766 „qui-ont

398 1773 452 1809 e'te‘
482 1772 584 1808 remis
611 1784 653 1808 en
680 1772 754 1808 leur
777 1775 923 1822 pouvoz‘r
938 1786 1008 1822 pm·
1025 1772 1056 1809 Ie

399 1830 575 1877 iugement
603 1828 651 1865 (Ιιι
671 1830 758 1865 r0i“
788 1833 825 1865 et
845 1830 881 1865 in
902 1834 1057 1866 annota-

400 1886 499 1922 tione
526 1888 648 1921 tuetur
672 1884 765 1921 hanc
784 1885 1057 1935 interpretatio-

402 1954 484 1978 nem
501 1944 629 1977 contra
640 1939 811 1978 Larcheri
827 1954 980 1978 errores.
1014 1942 1056 1978 In

403 1997 559 2034 eundem
588 2009 734 2033 sensum
764 1997 852 2034 haec
882 1998 1058 2047 expressit

404 2052 515 2090 Italus
534 2053 723 2102 interpres,
761 2051 892 2101 Lange
912 2054 961 2090 sic
980 2066 1060 2090 ver-

404 2108 531 2146 naculo
560 2121 727 2146 sermone
757 2108 845 2146 haee
878 2110 1060 2147 reddidit:

404 2164 508 2212 „und
543 2177 641 2201 wenn
670 2177 707 2200 er
733 2164 795 2201 ibn
828 2166 1061 2202 iiberwunden

405 2222 468 2258 leat
486 2234 546 2257 vor
564 2221 638 2257 clem
650 2220 831 2268 Kiinz'gef‘
860 2222 983 2259 Minus
1005 2235 1063 2260 re-

406 2282 487 2324 cte,
553 2278 634 2314 mezi
678 2277 824 2325 quidem
873 2279 1063 2316 sententia.

405 2332 576 2382 Namque
604 2329 712 2383 παροὶ
740 2334 797 2384 τῷ
818 2332 973 2383 βασιλέϊ
989 2347 1062 2371 non

406 2387 509 2426 aliter
552 2390 627 2426 fere
665 2374 916 2438 accipiendum
953 2395 1064 2439 atque

407 2444 478 2491 ΙΙΙ,
504 2446 598 2484 16οε
629 2459 735 2507 παρα
759 2446 914 2499 Λαρείω
935 2448 1063 2499 κριτῇ.

463 2495 820 2550 προσεθήκαντο]
813 2514 835 2537 1.
859 2515 891 2539 e.
912 2505 1063 2539 sumta-

409 2560 506 2603 runt,
536 2558 745 2593 exalarunt.
781 2557 838 2593 Cf.
857 2558 1062 2605 V11‚229.

411 2614 537 2664 μῆνιν
563 2611 836 2663 προσθέσθαι,
868 2626 941 2661 quo
963 2619 1065 2651 utro-

410 2696 482 2733 que
507 2683 585 2721 loco
608 2684 701 2720 inter
717 2699 815 2735 προς
834 2689 869 2722 et
886 2700 961 2736 προ
985 2685 1066 2722 libri

410 2740 531 2790 scripti
555 2741 739 2777 fluctuant.
772 2741 830 2778 De
850 2753 924 2789 qua
943 2742 1068 2778 consu-

412 2796 513 2834 sione
535 2796 629 2835 conf.
654 2796 792 2833 Duker.
821 2797 869 2833 ad
899 2797 934 2833 T
939 2797 1065 2845 hucyd.

413 2852 488 2900 ΙΙΙ,
525 2851 578 2893 44
612 2852 689 2890 coll.
719 2852 859 2891 Herod.
890 2852 962 2902 Vl,
999 2856 1065 2893 21.

1377 974 1514 1025 ’Ἀπαξ
1545 973 1590 1018 δὲ
1619 975 1700 1016 τοῦ
1711 978 1756 1013 31

444 1048 649 1089 ενιαυτοῦ
680 1042 864 1088 ἑκάστου
894 1043 916 1089 ὁ
947 1045 1187 1103 νομάρχης,
1225 1047 1403 1097 ἕκαστος
1432 1046 1478 1089 ἐν
1505 1048 1566 1102 τῷ
1596 1042 1701 1087 ἑωυ-

1101 1231 1156 1240 -·
1185 1210 1383 1250 Articulum
1410 1208 1484 1261 τήν
1507 1213 1594 1248 ante
1615 1204 1759 1260 ἄνδρα·

1101 1269 1254 1322 γαθίην
1271 1281 1351 1306 cum
1366 1271 1515 1305 recentt.
1531 1266 1615 1304 edd.
1630 1265 1759 1303 abieci.

1298 1340 1408 1389 Cap.
1433 1337 1562 1375 LXVI.

1162 1394 1186 1437 o‘
1204 1392 1430 1446 νομάρχης]
1462 1394 1520 1431 Cf.
1542 1393 1611 1441 1V,
1633 1395 1697 1434 62.
1716 1411 1763 1420 —-

1105 1451 1150 1490 In
1180 1466 1283 1501 seqq.
1311 1465 1331 1490 e
1357 1450 1569 1489 Florentino
1602 1450 1765 1487 duobus-

1108 1522 1180 1558 que
1201 1509 1278 1546 aliis
1297 1507 1469 1545 Parisinis
1488 1507 1592 1544 dedi:
1629 1521 1678 1545 το
1691 1509 1707 1544 ῖ
1718 1516 1765 1544 σι

1110 1562 1252 1616 ἄνδρες
1289 1561 1470 1613 πολέμιοι
1505 1557 1765 1612 ἀραιρημένοι

1112 1619 1223 1666 ε’ωσι,
1251 1621 1311 1657 ubi
1331 1633 1397 1670 pro
1416 1622 1517 1657 τοῖσι
1534 1614 1669 1666 vulgo
1659 1614 1765 1664 όσοις

1110 1673 1186 1727 (b),-
1228 1675 1362 1713 Aldina
1399 1680 1436 1713 et
1463 1674 1643 1711 Sancrofti
1676 1673 1766 1711 liber

1107 1729 1195 1773 ὁσοι
1208 1729 1257 1782 δη
1269 1749 1278 1780 ;
1294 1732 1390 1769 unde
1401 1731 1765 1779 Schweighaeuserus

1111 1790 1275 1839 reposuit
1320 1791 1457 1826 τοῖσι
1494 1783 1562 1825 ἂν
1603 1787 1670 1834 (ob
1710 1799 1768 1824 se·

1112 1858 1228 1895 quens
1277 1843 1411 1891 ἕωσι),
1457 1856 1566 1893 quem
1605 1843 1769 1891 sequitur

1114 1901 1297 1938 Gaisford.
1326 1913 1407 1937 cum
1429 1895 1479 1938 ἂν
1500 1905 1536 1937 et
1554 1895 1604 1949 δή
1625 1898 1768 1948 saepius

1113 1959 1149 1995 in
1162 1958 1281 1994 Codd.
1291 1956 1555 1994 confundantur
1572 1959 1666 1993 teste
1677 1954 1770 1991 Por-

1115 2027 1207 2051 sono
1238 2015 1273 2050 in
1301 2013 1439 2050 Tractt.
1471 2025 1557 2063 pag.
1587 2013 1676 2052 182.
1719 2010 1770 2048 At

1115 2069 1277 2107 voculam
1299 2064 1362 2115 ἂν,
1392 2068 1488 2106 nullo
1505 2068 1594 2105 libro
1612 2067 1770 2114 allatam,

1116 2127 1276 2164 inserere
1302 2125 1424 2162 nolim.
1463 2125 1522 2162 Cf.
1552 2123 1622 2171 lv,
1651 2122 1705 2162 46
1734 2126 1772 2160 et

1116 2183 1212 2219 infra
1227 2182 1324 2219 hoc
1315 2195 1394 2232 ipso
1413 2181 1448 2218 in
1468 2181 1599 2231 capite,
1626 2179 1687 2216 ubi
1706 2191 1772 2214 vo·

1117 2238 1232 2276 culam
1263 2233 1315 2276 ἂν
1341 2238 1377 2274 ἰιι
1403 2238 1521 2275 verbis
1550 2232 1636 2276 όσοι
1660 2230 1737 2273 δὲ
1720 2248 1771 2273 αν

1119 2290 1252 2333 αὐτων
1289 2293 1497 2337 Mediceus,
1538 2291 1770 2328 Florentinus

1117 2352 1265 2414 duoque
1305 2349 1363 2386 alii
1402 2350 1574 2386 omittunt
1610 2347 1772 2396 indeque

1117 2407 1195 2457 ipse
1226 2405 1404 2442 Matthiae
1439 2406 1475 2441 ἰη
1511 2404 1673 2442 editione
1707 2416 1774 2441 sua

1119 2463 1248 2499 omisit.
1266 2461 1324 2499 De
1335 2463 1448 2498 forma
1460 2456 1772 2511 εἷραιρημένοιοΐ.

1119 2524 1209 2556 nott.
1229 2518 1319 2562 adl,
1343 2520 1432 2557 191
1461 2517 1528 2554 ΑΙιι
1543 2517 1651 2555 codd
1664 2512 1775 2554 οἷναι-

1121 2571 1306 2623 ρημὲιόι,
1351 2574 1448 2611 unde
1485 2573 1775 2622 SchweighaeuS.

1123 2635 1271 2668 auctore
1306 2629 1360 2678 (in
1381 2630 1468 2667 Lex.
1492 2630 1631 2666 Herod.
1653 2628 1668 2665 1
1686 2641 1773 2679 pag.

1126 2687 1197 2733 15)
1227 2684 1283 2722 vel
1315 2686 1582 2723 rescribendum
1606 2680 1775 2737 ἀναραι-

1124 2739 1289 2791 ρημένοι
1317 2742 1359 2789 (i.
1392 2755 1422 2780 e.
1450 2744 1555 2779 occisi
1581 2742 1682 2789 sunt)
1716 2740 1775 2778 vel

1125 2793 1384 2849 ἀραιρημένοι
1400 2799 1649 2836 reddendum:
1680 2798 1777 2848 capti

1126 2858 1227 2902 sunt,
1257 2856 1563 2905 statuendamque
1583 2857 1702 2905 captos
1729 2853 1774 2890 ab
