1904 3304
646 172 993 214 THALIA.
1053 176 1117 214 111.

1423 180 1508 219 213

234 288 319 328 τῶν
356 283 593 340 εἰρημένων
622 283 792 328 τούτων
823 285 902 337 τάς
940 285 1106 341 χώρας,
1156 284 1229 328 διά
1261 285 1507 342 διασφάγος

234 354 444 410 ἀγόμενος
485 354 665 410 ἑκάστης
707 355 938 400 ἑκάστοισι.

587 425 835 471 πεπόνθασι
875 427 1056 471 τοιόνδε.

205 431 226 466 4
240 427 384 482 Πέρσῃ
427 426 529 471 εἰσὶ.

1009 357 1099 399 ἐπεί
1138 372 1182 399 τε
1226 356 1272 400 δὲ
1315 357 1404 401 ὑπὸ
1446 363 1561 416 τῷ75

1132 427 1217 478 Τὰς
1258 429 1506 484 διασφάγας

231 501 318 540 τῶν
342 495 509 551 οὐρέων
534 497 732 553 ἐνδείμας
762 496 784 541 ὁ
815 497 1042 554 βασιλεύς,
1077 496 1216 550 πύλας
1247 496 1314 541 ἐπ’
1343 497 1503 556 ἑκάστῃ

231 568 441 624 διασφάγι
482 569 653 625 ἔστησε·

717 567 1088 625 άποκεκληιμένου
1130 569 1175 612 δὲ
1217 572 1299 612 τοῦ
1340 568 1504 621 ὕδατος

229 644 303 696 τῆς
326 639 547 692 διεξόδου,
575 640 623 684 τὸ
646 642 798 684 πεδίον
826 641 875 683 τὸ
906 638 1028 690 ἐντὸς
1058 643 1147 683 τῶν
1179 638 1348 695 οὐρέων
1377 638 1504 683 πέλα·

227 728 304 767 γος
341 712 524 766 γίνεται,
563 709 812 762 ενδιδόντος
842 727 923 766 μεν
953 714 1031 753 τοῦ
1061 716 1289 767 ποταμοῦ,
1332 711 1560 767 ε’χοντοςὸο

199 781 277 825 ὅδε
309 780 481 838 ου’δαμη
513 781 723 837 ἐξήλυσιν.

787 783 912 824 οὑτοι
944 775 1028 832 ὦν,
1072 783 1119 824 οὶ
1143 798 1222 837 περ
1255 782 1502 837 ἔμπροσθεν

225 853 421 897 ειόθεσαν
450 858 639 909 χρᾶσθαι
668 856 729 911 τῷ
759 851 903 904 ὕδατι,
943 850 1024 895 οὐκ
1055 853 1223 907 ἔχοντες
1255 853 1374 910 αὐτῷ
1402 859 1500 909 χρᾶ·

197 930 353 975 6σθαι,
391 929 603 982 συμφορῇ
643 924 806 981 μεγάλῃ
849 923 1142 979 διαχρέωνται.
1201 924 1280 967 τὸν
1309 925 1389 979 μὲν
1417 925 1501 980 γὰρ

226 1000 414 1052 χειμῶνα
442 994 512 1039 ὕει
548 1008 628 1051 σφι
659 995 682 1039 ὁ
713 996 840 1048 θεὸς,
883 994 1026 1049 ὤσπερ
1066 994 1139 1037 καὶ
1176 1000 1292 1038 τοῖσι
1330 993 1501 1039 ἄλλοισι

226 1065 524 1121 ἀνθρώποισι·
567 1071 648 1111 τοῦ
680 1068 726 1112 δὲ
755 1068 910 1121 θέρεος
941 1068 1193 1121 σπείροντες
1222 1068 1400 1124 μελίνην
1429 1068 1556 1111 καὶ85

195 1136 443 1193 7σήσαμον,
485 1141 742 1196 χρηίσκοντο
782 1142 841 1195 τῷ
878 1137 1019 1181 ὕδατι.

1091 1138 1224 1182 επεάν
1262 1137 1323 1182 ὠν
1362 1138 1499 1194 μηδέν

224 1219 305 1264 σφι
325 1211 625 1260 παραδίδωται
645 1213 726 1253 τοῦ
747 1208 928 1259 ὕδατος,
959 1206 1162 1259 ἐλθόντες
1186 1209 1229 1259 ἐς
1257 1226 1362 1261 τους
1387 1210 1498 1264 Πέρ-

226 1291 304 1330 σας
335 1279 459 1322 αὐτοί
486 1296 528 1323 τε
560 1281 633 1324 καὶ
660 1285 883 1335 γυναῖκες,
926 1277 1104 1330 στάντες
1127 1278 1236 1322 κατὰ
1260 1280 1336 1331 τάς
1353 1281 1498 1335 θύρας

197 1356 307 1394 svm}
353 1351 574 1407 βασιλέος,
632 1356 771 1408 βοῶσι
816 1349 1073 1405 ω’ρυόμενοι.

1142 1349 1165 1394 ὁ
1206 1350 1250 1394 δὲ
1291 1350 1498 1407 βασιλεὺς

223 1426 337 1465 τοῖσι
368 1421 609 1477 δεομένοισι
641 1421 785 1466 αὐτῶν
816 1420 999 1477 μάλιστα
1029 1421 1267 1465 ἐντέλλεται
1304 1422 1554 1478 άνοίγειν9ο

222 1492 297 1542 τὰς
315 1492 454 1542 πύλας
475 1491 550 1543 τὰς
574 1493 614 1544 ἐς
633 1498 766 1537 τοῦτο
796 1493 1034 1549 φερούσας
1073 1492 1204 1537 ἐπεάν
1222 1494 1268 1537 δὲ
1290 1493 1496 1548 διάκορος

221 1561 323 1620 ἡγῆ
351 1562 497 1619 σφέων
523 1563 699 1621 γένηται
721 1567 912 1610 πίνουσα
933 1563 980 1609 τό
1012 1562 1155 1619 ὕδωρ,
1188 1560 1315 1608 αὗται
1341 1564 1420 1621 μὲν
1450 1567 1497 1609 αἱ

223 1741 414 1793 συμφορῇ
445 1760 499 1766 —
543 1738 826 1791 διαχρέωνται]

164 1796 247 1833 Vid.
282 1797 344 1842 III,
365 1799 415 1836 41
451 1796 540 1845 ibiq.
568 1803 658 1833 nott.
683 1819 737 1824 -
768 1796 828 1833 Ad

167 1853 278 1889 verba
297 1847 358 1890 ῧει
371 1873 425 1880 -
438 1850 460 1890 ὁ
473 1848 564 1897 θεός
580 1854 674 1890 conf.
693 1853 826 1891 Matth.

166 1908 232 1944 Gr.
265 1908 331 1945 Gr.
364 1920 449 1958 pag.
476 1910 557 1949 590
590 1915 626 1947 et
660 1915 754 1948 nott.
780 1911 828 1948 ad

165 1964 306 2001 Herod.
331 1964 377 2011 11,
403 1966 466 2004 13.

222 2020 386 2071 μελίνην
416 2018 483 2058 καὶ
515 2016 710 2071 σήσαμον]
742 2024 828 2061 Με-

163 2076 253 2126 λίνη
279 2076 456 2114 Panicum
488 2077 687 2114 miliaceum
717 2077 825 2115 Linn.

163 2133 280 2171 Nobis
312 2138 388 2181 est,
419 2134 483 2170 der
511 2136 677 2183 gemeine
705 2134 825 2172 Hirse.

161 2189 220 2227 De
240 2203 369 2226 sesamo
388 2191 482 2227 conf.
504 2195 595 2227 nott.
618 2191 666 2228 ad
689 2190 715 2237 l,
731 2193 824 2232 193.

162 2246 235 2283 Pro
256 2247 491 2297 χρηΐσκοντο
513 2247 719 2295 Schweigh.
747 2260 824 2284 ma-

162 2301 261 2340 lebat
298 2303 574 2355 χρηΐοκονται,
608 2309 649 2340 ut
680 2304 824 2341 Portus.

164 2380 208 2385 —
236 2359 293 2396 Ad
304 2360 574 2411 παραδίδωται
584 2360 823 2398 confiMatth.

163 2415 228 2452 Gr.
251 2415 316 2453 Gr.
344 2429 429 2466 pag.
452 2415 545 2457 408·

220 2471 342 2521 βοῶσι
363 2467 601 2523 ω’ρυόμενοι]
621 2466 823 2523 [ἐρύεσθαι

164 2526 210 2563 de
243 2527 335 2578 lupis
368 2529 518 2578 aliisque
555 2530 641 2567 feris
674 2530 823 2580 proprie

164 2582 313 2629 dieitur,
342 2598 425 2621 mox
464 2599 551 2623 vero
587 2586 636 2623 ad
675 2587 821 2635 quosvis

164 2650 272 2675 sonos
311 2640 540 2679 indistinctos
571 2642 822 2691 clamoresque

163 2694 364 2732 inconditos
389 2699 616 2736 transfertur.
665 2698 724 2736 Cf.
743 2700 822 2737 He·

163 2751 243 2787 rod.
266 2752 327 2798 lv,
350 2753 414 2793 75.
439 2751 603 2792 Ammon.
634 2756 681 2793 de
701 2756 820 2793 differ.

162 2808 312 2845 vocabb.
335 2812 373 2846 et
395 2821 490 2858 quae
506 2811 707 2850 Creuzerus
734 2813 824 2851 citat

886 1740 923 1777 in
951 1739 1089 1778 Melett.
1120 1740 1138 1777 Ι
1166 1753 1251 1791 pag.
1274 1743 1321 1782 11
1342 1744 1418 1779 not.
1449 1739 1549 1780 Add.

884 1796 1103 1834 Boissonad.
1125 1798 1172 1834 ad
1187 1798 1331 1847 Eunap.
1351 1811 1438 1848 pag.
1454 1800 1548 1841 225.

888 1855 981 1894 576.
1002 1854 1149 1890 Pindar.
1180 1854 1237 1891 Ol.
1262 1855 1327 1900 lX,
1355 1857 1433 1896 163
1459 1856 1547 1904 ibiq.

886 1910 1092 1959 interprett.
1121 1909 1230 1960 Apud
1247 1911 1392 1948 Livium
1415 1912 1460 1959 V,
1473 1913 1548 1952 39:

885 1966 1077 2013 „ululatus
1129 1972 1330 2016 cantusque
1383 1968 1549 2004 dissoni“

886 2021 967 2059 coll.
992 2022 1093 2068 XXI,
1113 2024 1180 2061 28.
1210 2023 1311 2060 ldem
1338 2023 1472 2069 XLIH,
1495 2026 1548 2064 10

884 2078 1102 2123 „ululantes
1170 2079 1339 2117 mulieres
1362 2082 1388 2099 ‘⁶
1441 2080 1545 2117 dixit.

883 2134 1090 2183 Schweigh.
1114 2134 1289 2173 cItaverat
1322 2136 1472 2173 Caesar.
1501 2136 1545 2173 B.

885 2190 932 2227 G.
957 2190 1003 2237 V,
1027 2193 1141 2236 37:,
1145 2195 1236 2236 ,tum
1268 2205 1334 2229 suo
1363 2205 1464 2229 more
1494 2192 1548 2229 vi·

882 2247 1031 2284 ctoriam
1045 2247 1272 2285 conclamant
1292 2253 1404 2298 atque
1423 2249 1546 2286 ulula

882 2306 955 2339 tum
984 2303 1126 2341 tollunt.
1139 2306 1164 2325 “
1188 2325 1244 2332 -—
1285 2304 1325 2341 ln
1357 2318 1462 2355 seqq.
1496 2306 1545 2343 ad

880 2361 993 2397 verba
1021 2356 1093 2407 τὰς
1123 2359 1162 2407 ἐς
1192 2375 1312 2400 τουτο
1341 2357 1546 2411 φερούσας

880 2417 925 2454 cf.
946 2416 1125 2464 similiaL
1151 2419 1230 2459 180
1250 2418 1312 2455 fin.
1333 2418 1363 2466 l,
1385 2420 1475 2460 191
1497 2419 1545 2466 11,

884 2476 975 2515 122.
998 2474 1088 2514 138.

937 2527 1058 2569 ἐπεάν
1095 2526 1138 2568 δὲ
1177 2525 1367 2582 διάκορος
1402 2550 1454 2558 -·
1498 2526 1544 2570 τό

877 2582 1006 2636 ὕδωρ]
1026 2587 1049 2622 i.
1066 2599 1098 2623 e.
1119 2589 1181 2633 „si
1191 2589 1280 2623 satis
1292 2600 1465 2637 aquarum
1476 2589 1542 2624 im-

877 2642 1001 2679 biberit
1022 2646 1130 2689 terra,
1147 2657 1174 2680 s.
1192 2646 1282 2681 satis
1298 2645 1468 2692 irrigata,
1482 2657 1542 2680 sa-

879 2697 1044 2749 tiatafue
1028 2702 1120 2737 uritf
1123 2700 1285 2738 ‘Vocem
1298 2696 1486 2751 διάκορος
1497 2712 1542 2737 ex

878 2755 911 2792 h.
931 2755 954 2792 l.
974 2757 1061 2793 citat
1085 2757 1248 2795 Thomas
1269 2757 1372 2805 Mag.
1395 2769 1423 2793 s.
1446 2769 1481 2793 v.
1503 2769 1539 2820 p.

878 2814 973 2854 216.
1014 2813 1073 2851 Ad
1099 2813 1317 2851 locutionem
1337 2812 1470 2852 πίνειν
1495 2808 1538 2850 τὸ
