1904 3304
590 257 1150 297 MELPOMENE.

228 369 281 413 46
312 368 357 412 δὲ
387 367 582 423 ἀμείβετο
613 368 772 424 λέγων·

1211 259 1277 296 lv.
1448 263 1533 303 539

828 367 960 423 ,,Έγώ
992 368 1093 424 μὲν,
1125 362 1266 420 ὦναξ,
1299 368 1529 424 πρεσβύτε-

258 438 333 492 ρός
362 454 406 481 τε
435 437 520 494 ἤδη
548 440 653 495 εἰμὶ,
685 440 758 482 καὶ
788 438 929 494 βαρύς
961 437 1207 494 ἀείρεσθαι·

258 511 393 552 τῶνδε
432 512 522 552 τῶν
559 508 785 562 νεωτέρων
823 511 969 553 κέλευε
1007 515 1145 554 ταῦτα
1177 511 1381 554 ποιέειν.“

1269 438 1323 482 σύ
1355 438 1402 482 δέ
1432 457 1531 483 τινα

1441 511 1531 567 ἅμα

257 595 302 623 τε
339 579 453 634 ἔλεγε
490 583 650 631 ταῦτα,
691 581 760 623 καὶ
798 580 992 625 ἐδείκνυε
1023 582 1065 632 ἐς
1098 583 1175 625 τόν
1204 580 1388 625 Βάττον.
1434 582 1530 626 τότε

229 650 340 706 ὃμὲν
375 653 578 693 τοσαῦτα.
638 650 743 706 μετοὶ
782 653 828 696 δὲ
868 652 1155 706 ἀπελθόντες,
1199 653 1381 709 ἀλογίην
1411 651 1529 709 εἶχον

256 724 338 764 τοῦ
366 723 651 777 χρηστηρίου,
685 723 783 765 οὔτε
812 722 986 780 Λιβύην
1011 724 1170 776 εἰδότες
1201 725 1309 768 ὅκου
1338 727 1418 780 γῆς
1448 726 1557 780 εἰή,1

256 792 356 836 οὔτε
386 796 628 845 τολμῶντες
656 793 700 843 ἐς
730 792 896 849 ἀφανὲς
925 799 1069 851 χρῆμα
1093 795 1371 839 ἀποστέλλειν
1399 794 1528 840 ἀποι-

200 1039 282 1075 Hoc
305 1051 392 1076 vero
415 1038 607 1082 miramur,
647 1048 740 1084 quae
761 1034 864 1083 regio

199 1100 253 1131 tot
281 1096 470 1144 tantisque
506 1093 673 1129 laudibus
706 1091 862 1141 scripto-

199 1165 278 1188 rum
302 1156 466 1188 veterum
490 1150 650 1186 unanimi
674 1149 751 1186 fere
770 1147 864 1185 cele-

200 1208 327 1244 bratur
359 1219 563 1252 consensu,
610 1219 690 1242 eam
731 1208 862 1254 quarto

199 1269 286 1315 post
306 1264 418 1301 Chrn.
452 1277 488 1300 n.
522 1262 665 1299 saeculo
694 1262 730 1298 iu
755 1261 864 1297 mise-

200 1320 353 1357 randam
380 1320 493 1357 fuisse
526 1320 710 1356 redactam
739 1317 864 1354 condi-

202 1377 360 1423 tionem,
400 1381 494 1413 teste
514 1376 671 1425 Synesio
703 1375 866 1422 itemque

202 1434 297 1470 sexti
320 1432 452 1470 saeculi
477 1433 652 1482 scriptore
673 1430 864 1480 Procopio.

200 1488 250 1526 At
272 1490 334 1538 qui
361 1494 488 1526 nostra
518 1493 637 1526 aetate
665 1500 754 1538 prae
781 1486 864 1523 reli-

200 1546 281 1594 quis
313 1546 513 1582 accuratius
544 1544 637 1581 hanc
674 1544 864 1591 regionem

198 1600 454 1651 perhstravit,
494 1601 523 1637 is
544 1605 581 1637 et
600 1601 679 1650 ipse
698 1599 864 1650 pulcher-

199 1658 328 1694 rimam
350 1662 506 1695 testatur
525 1669 565 1694 se
588 1657 723 1693 vidisse
743 1656 864 1705 regio-

199 1725 306 1762 nem,
337 1714 546 1760 montibus,
588 1713 759 1759 vallibus,
790 1712 862 1749 sal—-

200 1771 298 1806 tibus
358 1771 565 1807 distinctam
585 1799 596 1817 ‚
673 1770 862 1807 arboribus

201 1825 410 1876 plantisque
430 1827 676 1864 abundantem
696 1830 733 1863 et
753 1826 864 1862 fomi-

201 1883 267 1920 bus
301 1883 395 1920 bene
429 1883 626 1931 irriguam3
666 1887 705 1919 ut
739 1882 769 1918 si
797 1882 863 1918 soli

202 1939 329 1988 optimi
357 1939 429 1975 iam
459 1939 532 1975 ulla
571 1939 762 1977 accederet
789 1938 864 1975 cul-

201 2000 302 2041 tura,
352 1995 487 2032 colonis
527 2008 569 2032 ex
603 1996 750 2045 Europa
781 1994 864 2032 illuc

204 2051 394 2097 deductis,
441 2051 539 2088 haud
578 2052 863 2102 desperandum,

202 2108 282 2144 fore
311 2113 351 2144 ut
370 2108 557 2157 pristinam
587 2108 793 2144 ubertatem
822 2120 864 2144 ac

201 2163 412 2200 felicitatem
453 2170 589 2200 tractus
621 2163 680 2200 ille
712 2177 864 2214 recupe-

202 2224 310 2256 raret.
342 2221 449 2257 Conf.
465 2220 604 2269 Thrige
630 2220 651 2256 l.
670 2220 693 2257 l.
709 2234 746 2270 p.
770 2223 864 2265 112,

202 2280 241 2313 et
274 2289 368 2325 quae
396 2289 438 2314 ex
467 2276 574 2314 Della
594 2276 719 2314 Cellae
748 2277 862 2313 diario

202 2332 427 2382 potissimum
440 2333 732 2382 protulitRitter.
746 2333 862 2369 Erdk.

200 2389 217 2426 l
235 2402 272 2439 p.
287 2389 380 2430 924.
405 2391 486 2429 936
501 2402 604 2439 seqq.
624 2388 704 2430 943
720 2402 796 2438 seq.
810 2412 860 2417 —-

200 2445 245 2481 In
266 2458 367 2495 seqq.
380 2447 491 2483 verba
511 2443 636 2497 βαρύς
657 2442 863 2497 εὲείρεσθαι

203 2499 372 2539 Larcher.
396 2503 540 2540 reddit:
592 2504 715 2539 courhe'
733 2516 811 2539 sous
832 2503 863 2539 le

200 2557 303 2604 poids
320 2558 378 2594 des
397 2572 485 2603 ans‚·
515 2559 745 2608 Schweigh:
775 2572 862 2607 gra-

205 2613 258 2647 vis
286 2614 335 2650 ad
363 2617 478 2652 maius
507 2616 688 2666 quidpiam
716 2617 860 2652 molien-

207 2667 309 2714 dum,
351 2670 420 2708 hoc
450 2673 623 2710 adiiciens
655 2668 860 2723 ἀείρεσθαι

206 2725 376 2774 explicari
402 2740 530 2777 posse:
575 2729 647 2766 loco
671 2743 706 2766 se
733 2742 862 2766 movere

207 2778 510 2831 (coll-1X‚52,
555 2787 615 2822 ubi
652 2782 862 2837 αἐρθέντες

206 2837 301 2875 idem
323 2838 399 2876 sere
420 2841 519 2887 quod
536 2841 804 2892 κινηθέντες),
824 2848 862 2879 ut

205 2904 293 2931 sane
323 2893 380 2932 hic
414 2895 489 2933 fere
529 2899 639 2935 totius
669 2899 736 2937 loci
767 2913 823 2938 ess
809 2903 862 2938 et

110 869 207 915 151
259 865 373 920 κίην.
425 862 557 907 Ἑπτὰ
596 865 642 909 δὲ
671 864 802 908 ἐτέων
834 865 941 921 μετὰ
969 869 1107 909 ταῦτα
1137 864 1221 910 οὐκ
1249 860 1300 910 ὗε
1327 866 1409 925 τήν
1445 867 1528 925 Θή-

922 1046 1072 1072 sensus:
1120 1034 1242 1084 „Ego
1273 1036 1422 1085 quidem
1454 1050 1587 1087 prove-

922 1092 1013 1128 ctior
1041 1092 1114 1128 iam
1146 1105 1225 1128 sum
1263 1097 1386 1131 aetate
1425 1094 1586 1143 indeque

921 1149 1039 1184 minus
1060 1151 1236 1198 aptus(g
1238 1150 1376 1198 ravis),
1414 1151 1476 1199 qui
1506 1151 1585 1188 loco

920 1217 979 1241 me
1007 1217 1172 1242 moxeam
1202 1206 1250 1242 ad
1280 1206 1348 1244 iter
1379 1207 1584 1257 suscipien—

921 1261 1007 1297 dum
1043 1260 1268 1299 coloniamve
1305 1264 1585 1300 condendam.“

922 1318 978 1354 Ac
998 1317 1136 1354 dudum
1157 1324 1349 1356 monuerat
1360 1319 1582 1369 Wesseling.

922 1374 1013 1411 haec
1034 1374 1145 1411 verba
1170 1375 1219 1411 ad
1239 1377 1329 1412 senii
1354 1377 1584 1414 incommoda

923 1435 1113 1480 spectare,
1156 1432 1287 1480 quibus
1312 1432 1504 1482 difficulter
1524 1433 1583 1472 ille

922 1488 1138 1536 erigebatur.
1186 1489 1287 1525 Idem
1308 1489 1467 1538 Hesych.
1488 1490 1583 1527 exci-

923 1549 979 1580 tat
1014 1542 1045 1594 [1
1070 1557 1106 1594 p.
1141 1546 1240 1591 108,
1281 1546 1343 1582 ubi
1377 1542 1582 1597 οἷείρομαι·

922 1597 1006 1638 ἅνω
1024 1599 1201 1650 αἴρομαι]
1227 1605 1263 1638 et
1284 1601 1331 1638 de
1349 1615 1437 1640 voce
1455 1599 1583 1653 βαρύς

921 1656 1091 1706 Sophocl.
1113 1656 1285 1694 Trachin.
1305 1659 1399 1699 235.
1445 1659 1581 1710 Oedip.

921 1712 1050 1750 Colon.
1069 1716 1165 1760 871,
1196 1714 1258 1750 ubi
1275 1719 1374 1752 recte
1392 1719 1582 1765 exponunt

913 1782 1087 1820 pressum,
1103 1774 1306 1818 gravatum.
1338 1771 1582 1810 Vid.Diider-

919 1826 1004 1864 lein.
1026 1828 1075 1863 ad
1096 1827 1129 1863 h.
1149 1827 1171 1864 l.
1194 1840 1230 1877 p.
1251 1826 1346 1869 446.

976 1881 1110 1922 κέλευε
1151 1885 1306 1922 ταῦτα
1346 1882 1576 1934 ποιέειν]

919 1939 975 1977 Ita
1012 1953 1092 1977 cum
1131 1945 1282 1978 recentt.
1317 1941 1402 1978 edd.
1436 1941 1582 1978 exhibui

920 2009 987 2046 pro
1024 1994 1159 2035 κέλευε
1206 1995 1408 2036 ποιέειν
1446 1993 1580 2036 τάδε

919 2052 961 2088 ln
984 2064 1088 2102 seqq.
1116 2053 1165 2090 ad
1193 2066 1299 2090 usum
1327 2053 1583 2103 particularum

921 2124 1024 2157 αμα
1053 2123 1103 2147 τε
1125 2110 1281 2148 -καί
1312 2111 1408 2146 conf
1430 2111 1459 2156 Ι
1487 2112 1581 2152 112-

919 2164 990 2211 111,
1023 2166 1101 2223 1555
1121 2166 1209 2214 ibiq.
1229 2171 1321 2203 nott.
1350 2166 1472 2204 ἷεῐῦἃ
1493 2161 1581 2205 εἷλο-

920 2221 1012 2272 γίην
1031 2217 1135 2271 εἶχον
1155 2224 1228 2260 τοῦ
1247 2223 1485 2273 χρηστηρίου
1498 2221 1536 2273 (ἰ.
1550 2237 1582 2261 e.

919 2277 1057 2314 wellam
1083 2279 1222 2315 oracula
1251 2281 1420 2316 ratwnem
1450 2279 1584 2316 labue-

920 2336 1024 2383 runt)
1051 2335 1138 2372 citat
1172 2335 1338 2373 Thomas
1363 2335 1465 2385 Mag.
1494 2349 1521 2373 s.
1547 2348 1580 2372 V.

921 2387 1029 2442 α’λογ.
1055 2404 1141 2442 pag.
1166 2393 1231 2432 38.
1264 2391 1326 2429 Tu
1347 2393 1391 2429 cf.
1416 2398 1510 2430 nott.
1533 2393 1582 2430 ad

920 2447 968 2493 ll,
991 2447 1081 2488 141.
1116 2448 1175 2485 Ad
1194 2449 1305 2486 verba
1328 2444 1581 2488 ἀποστέλλειν

920 2499 1111 2556 ἀποικίην
1136 2508 1180 2542 ct.
1211 2510 1306 2542 nott.
1330 2506 1377 2542 ad
1398 2505 1460 2553 IV,
1486 2504 1578 2546 147.

1075 2579 1078 2588 ι
1131 2562 1241 2611 Cap.
1273 2561 1369 2599 CLI.

974 2613 1093 2656 Ἑπτοὶ
1124 2615 1166 2656 δὲ
1195 2615 1341 2670 ἐτέων]
1386 2619 1410 2655 i.
1434 2631 1463 2656 e.
1480 2620 1578 2655 intra

919 2677 1043 2723 septem
1063 2687 1235 2711 annorum
1252 2676 1427 2724 spatium,
1468 2689 1499 2712 s.
1526 2688 1577 2711 se-

912 2734 1007 2780 ptem
1037 2733 1210 2782 proxi'mzs
1235 2744 1352 2769 (muts,
1411 2731 1471 2769 Tu
1504 2731 1576 2768 vid.

918 2786 1048 2825 Matth.
1064 2788 1130 2825 Gr.
1150 2789 1215 2824 Gr.
1220 2786 1283 2843 ’.ἓ
1305 2790 1400 2835 377,
1427 2791 1455 2828 2
1475 2788 1509 2824 b.
1538 2790 1575 2823 et

919 2844 967 2880 ad
985 2845 1097 2881 verba
1117 2839 1191 2883 οὐκ
1210 2857 1257 2882 νε
1275 2844 1416 2882 Herod.
1438 2844 1483 2891 ΙΙ,
1510 2845 1573 2884 10·

918 2899 982 2946 lv,
1002 2900 1055 2943 50
1073 2901 1194 2951 ibique
1214 2904 1306 2937 nott.

1612 864 1666 891 Plu
1670 865 1783 892 viaei'n
1788 875 1841 901 ops

1586 897 1689 926 'lbera
1723 899 1777 926 ul
1813 910 1864 928 an-
