1904 3304
454 240 537 282 162

843 235 1319 275 HERODOTI

452 347 585 399 νέων,
623 344 887 389 πεντακόσια
915 344 1116 388 τάλαντα.
1174 343 1310 400 νομὸς
1346 343 1551 399 δεύτερος
1580 341 1723 396 οὗτος.

425 417 558 461 3Ἀπό
599 417 644 459 δὲ
677 415 1045 472 Ἑλλησποντίων,
1090 419 1178 459 τῶν
1215 416 1283 459 ἐπὶ
1333 416 1449 468 δεξιοὶ
1490 415 1724 465 ἐσπλέοντι,

454 489 529 532 καὶ
562 492 772 543 Φρυγῶν,
812 487 885 530 καὶ
918 489 1121 543 Θρηΐκων
1148 491 1237 529 τῶν
1279 487 1327 530 ἐν
1366 491 1420 544 τῇ
1457 486 1601 544 Ἀσίῃ,
1650 487 1782 530 καὶ25

456 558 787 616 Παφλαγόνων,
824 559 898 602 καὶ
928 560 1282 612 Μαριανδυνῶν,
1313 558 1388 601 καὶ
1408 560 1605 613 Συρίων,
1635 557 1726 616 ἑξή-

455 648 591 674 κοντα
621 629 694 672 καὶ
720 628 948 685 τριηκόσια
978 624 1033 685 ἦν
1054 629 1241 672 τάλαντα
1264 628 1415 684 φόρος.
1473 629 1610 686 νομὸς
1638 632 1726 684 τρί-

426 706 530 752 4τος
560 695 702 751 οὗτος.
753 698 855 744 'And
900 701 945 744 δὲ
981 703 1196 753 Κιλίκων,
1234 702 1357 744 ἵπποι
1387 715 1432 743 τε
1459 701 1606 745 λευκοὶ
1639 699 1728 757 ἑξή-

399 840 499 877 Add.
525 840 704 891 Stephan.
735 840 827 888 Byz.
858 852 887 876 s.
916 852 949 876 V.
983 839 1064 889 Hy-

400 911 592 946 genmznses
621 896 720 945 quod
743 897 883 942 attinet,
913 896 1063 933 wesse-

400 955 513 1002 lingio
535 955 572 991 in
593 957 751 991 mentem
781 954 881 990 venit
902 952 1063 1001 regionis

401 1011 614 1059 ObigeneS,
644 1022 740 1058 quae
763 1009 969 1057 Lycaoniae
998 1010 1066 1045 suit

401 1080 503 1118 pars,
536 1071 631 1103 teste
655 1065 769 1103 Plinio
792 1066 813 1102 l.
833 1079 862 1102 c.
907 1065 965 1103 De
985 1065 1065 1115 Ly-

403 1124 459 1161 dis
490 1136 532 1160 ac
564 1121 686 1172 Mysis
716 1123 810 1159 cons.
836 1122 864 1168 l,
892 1124 945 1163 28
976 1122 1064 1171 ibiq.

403 1184 499 1218 nott.
519 1183 556 1216 et
576 1178 656 1222 vll,
675 1179 740 1219 74.

458 1230 700 1274 πεντακόσια
719 1230 907 1284 τάλαντα]
930 1234 1067 1271 Vocem

404 1287 610 1344 ἀργυρίου,
641 1304 736 1340 quae
754 1292 791 1328 in
810 1292 894 1328 edd.
915 1291 1067 1328 vetustis

404 1350 575 1393 additur,
616 1348 740 1397 scripti
774 1347 854 1384 libri
884 1349 1066 1396 ignorant.

403 1405 486 1444 Nec
504 1405 667 1450 dubium,
688 1403 782 1441 illam
803 1409 925 1442 mente
948 1404 1068 1454 potius

405 1461 710 1507 subaudiendam,
722 1473 829 1510 quam
850 1462 963 1499 textui
973 1461 1069 1497 inse-

404 1519 556 1557 rendam
586 1530 678 1554 esse.
736 1517 849 1554 Fines
878 1517 982 1554 huius
1011 1530 1069 1553 sa-

404 1575 549 1625 trapiae
569 1587 649 1610 cum
670 1574 790 1623 priore
813 1573 928 1610 multo
950 1586 1068 1622 angu-

406 1631 534 1668 stiores
553 1630 758 1676 videantur,
787 1643 835 1667 ne
861 1630 941 1679 quis
960 1631 1069 1667 mire·

405 1692 466 1724 tur
485 1687 517 1724 ei
539 1687 712 1723 maiorem
733 1687 874 1735 argenti
891 1697 1068 1722 summam

406 1743 630 1794 impositam:
670 1748 796 1780 mouet
820 1742 974 1780 Rennel.
998 1744 1021 1779 1.
1045 1742 1068 1779 l.

406 1813 474 1851 per
502 1799 674 1849 Lydiam,
703 1811 799 1848 quae
821 1800 868 1836 ad
894 1798 987 1836 hanc
1012 1811 1071 1835 sa-

406 1856 562 1906 trapiam
583 1855 773 1905 pertinuit,
787 1856 864 1892 auri
884 1860 919 1893 et
939 1867 1071 1904 argen-

407 1913 435 1950 ti
453 1912 566 1949 fuisse
585 1911 729 1949 metalla
753 1913 974 1961 fluviumque
1000 1911 1073 1949 Pa-

408 1968 541 2006 ct01um
574 1981 594 2005 e
622 1967 755 2004 Tmolo
791 1981 917 2005 aurum
948 1981 1070 2006 secum

407 2026 606 2070 serentem3
637 2037 709 2073 quo
738 2025 893 2070 factum,
926 2029 967 2061 ut
996 2024 1072 2073 Ly-

409 2082 493 2118 diae
519 2094 648 2129 regum
681 2081 828 2119 divitiae
855 2082 891 2117 in
924 2094 1072 2131 prover-

408 2139 506 2175 bium
526 2137 610 2174 olim
632 2138 806 2174 cesserint
827 2138 971 2187 ipsique
992 2137 1070 2187 Ly-

409 2195 459 2230 dii
481 2195 586 2244 primi
616 2207 746 2230 numos
768 2195 947 2241 cuderim,
976 2199 1071 2232 teste

409 2250 602 2288 Herodoto
625 2250 654 2296 l,
681 2250 754 2295 94,
786 2250 849 2286 ubi
877 2251 947 2287 vid.
978 2255 1070 2288 nott.

410 2305 459 2342 Et
477 2308 591 2355 magis
607 2305 674 2342 huc
694 2307 853 2355 pertinet
872 2306 1000 2343 Nostri
1020 2307 1072 2343 lo-

410 2375 473 2398 cus
493 2363 538 2408 V,
559 2361 626 2408 49,
657 2362 716 2398 ubi
735 2361 862 2410 Lydos
883 2363 968 2399 dicit
989 2363 1070 2400 Ari-

412 2423 580 2465 stagoras
628 2414 1071 2468 πολυαργυρωτά-

410 2489 431 2512 τ
445 2488 531 2520 ους
574 2474 823 2523 optimamque
863 2474 1072 2512 habitantes

410 2535 556 2568 terram.
577 2531 633 2567 Cf.
644 2535 768 2566 annot.
789 2531 825 2566 iu
842 2531 977 2567 Xanthi
990 2535 1071 2569 Λυ-

412 2587 564 2626 διακῶν
583 2586 754 2635 reliquias
782 2587 817 2623 in
840 2586 1071 2625 Historicorr.

412 2655 550 2693 graece.
578 2643 770 2692 antiquiss.
801 2644 966 2692 sragmm.
986 2657 1072 2695 pag.

413 2702 493 2741 203
513 2712 567 2748 sq.
599 2699 668 2736 Cr.

469 2751 564 2794 'Ano‘
586 2753 627 2794 δὲ
644 2754 974 2804 Ἑλλησποντίων,
994 2758 1074 2794 τῶν

414 2811 479 2850 ἐπὶ
503 2809 610 2859 δεξιά
638 2810 862 2861 ἐσπλέοντι]
893 2812 916 2848 i.
939 2825 969 2849 e.
1000 2813 1074 2858 „ab

414 2867 668 2920 Hellespontiis
688 2882 711 2905 ιι
735 2869 864 2905 (lextra
890 2869 983 2905 iutro
1007 2883 1076 2907 na·

1120 841 1286 889 viganti,
1320 840 1349 876 si
1381 852 1428 877 sc.
1464 853 1486 877 a
1508 839 1603 877 Mari
1634 838 1784 889 Aegaeo

1122 897 1402 946 Hellespontum
1423 897 1530 946 petis,
1562 900 1601 933 ut
1625 896 1672 933 ad
1694 896 1785 934 Hel-

1121 953 1279 1003 lesponti
1305 966 1404 989 oram
1429 952 1625 990 Asiaticam
1654 951 1787 989 intelli-

1121 1015 1256 1059 gantur
1277 1009 1495 1046 habitantes.
1529 1009 1585 1047 De
1604 1008 1786 1047 locutione

1121 1065 1184 1105 ἐπὶ
1215 1062 1323 1112 δεξιὰ
1353 1067 1448 1102 conf.
1472 1066 1605 1103 Matth.
1631 1066 1696 1103 Gr.
1718 1065 1786 1102 Gr.

1123 1136 1158 1173 p.
1182 1125 1308 1168 11693
1327 1123 1373 1158 ad
1387 1123 1566 1172 participii
1581 1120 1788 1169 (ἐσπλέον-

1123 1180 1180 1227 τι)
1201 1192 1303 1215 usum
1326 1179 1397 1215 vid.
1418 1183 1510 1215 nott.
1535 1180 1583 1216 ad
1604 1180 1649 1225 11,
1677 1181 1739 1219 11.

1180 1234 1249 1273 καὶ
1274 1236 1446 1286 Φρυγῶν
1476 1249 1511 1272 κ.
1537 1249 1568 1272 τ.
1595 1234 1643 1284 λ.]
1677 1235 1786 1271 conf.

1126 1290 1205 1337 VH,
1216 1293 1356 1331 7273.
1389 1291 1447 1328 De
1471 1290 1669 1328 Thracibus
1678 1291 1788 1327 Asia·-

1125 1350 1206 1385 tz'cz's
1221 1348 1293 1384 vid.
1306 1352 1399 1384 nott.
1418 1348 1581 1396 ad1‚28‚
1602 1348 1664 1385 ubi
1677 1349 1789 1386 etiam

1126 1406 1173 1442 de
1190 1403 1468 1454 Iffitriamlym‘s,
1507 1405 1579 1442 Per
1599 1404 1713 1455 Syros
1729 1404 1789 1441 in-

1127 1462 1238 1498 dicari
1269 1460 1516 1510 Cappadoces,
1547 1465 1653 1511 patet
1687 1474 1731 1499 ex
1758 1460 1789 1507 I,

1127 1521 1192 1564 72,
1223 1518 1284 1554 ubi
1304 1518 1376 1553 vid.
1404 1523 1498 1554 nott.
1519 1517 1599 1554 coll.
1626 1518 1655 1563 Ι,
1679 1520 1715 1557 6.
1743 1517 1790 1564 V,

1127 1573 1193 1614 49.
1230 1573 1416 1619 Troadem,
1445 1587 1465 1611 e
1489 1575 1605 1623 prima
1627 1573 1790 1624 satrapia

1127 1630 1330 1677 exclusam,
1361 1629 1515 1667 Bennel.
1545 1631 1674 1667 statuit
1701 1642 1788 1680 pag.

1125 1686 1207 1726 433
1236 1699 1311 1735 seq.
1347 1685 1430 1726 485
1467 1686 1534 1723 hac
1562 1687 1791 1736 praefectura

1125 1744 1234 1780 tertia
1253 1743 1528 1792 comprehendi,
1553 1755 1649 1792 quae
1662 1743 1691 1779 si
1708 1755 1791 1780 cum

1126 1800 1243 1850 prima
1281 1805 1317 1837 et
1351 1800 1510 1836 secunda
1543 1804 1792 1850 comparetur,

1129 1855 1246 1893 multo
1275 1856 1418 1892 maioris
1441 1856 1599 1892 ambitus
1626 1868 1706 1893 esse
1739 1855 1792 1891 vi-

1129 1913 1277 1958 deatur,
1309 1912 1389 1949 licet
1415 1913 1484 1949 hae
1504 1917 1577 1949 tres
1607 1911 1791 1962 satrapiae

1127 1969 1341 2006 coniunctae
1361 1982 1406 2006 ne
1428 1980 1536 2005 unam
1559 1969 1707 2017 quidem
1730 1980 1793 2005 ea-

1128 2038 1204 2062 rum
1227 2030 1401 2074 aequent,
1423 2024 1549 2074 quales
1572 2026 1608 2061 in
1632 2025 1792 2062 orienta-

1128 2082 1220 2119 libus
1234 2083 1336 2131 regni
1357 2081 1521 2131 partibus
1534 2082 1668 2129 fuerint
1689 2081 1792 2117 insti-

1128 2143 1239 2176 tutae.
1311 2137 1637 2187 Complectebatur
1668 2141 1792 2174 autem

1127 2196 1234 2232 tertia
1254 2195 1481 2245 praefectura
1500 2207 1646 2232 omnem
1665 2191 1792 2230 Asiam

1127 2252 1303 2288 minorem
1324 2252 1500 2288 orientem
1527 2263 1653 2288 versus
1673 2262 1695 2287 a
1713 2249 1792 2298 Ly-

1128 2309 1202 2353 dia,
1214 2308 1499 2357 septentrionem
1519 2319 1641 2344 versus
1655 2319 1677 2344 a
1690 2305 1794 2343 Tau-

1128 2378 1184 2410 ro,
1213 2364 1261 2400 ad
1284 2363 1441 2400 Pontum
1463 2375 1578 2411 usque
1604 2367 1643 2400 et
1673 2361 1793 2400 Ther-

1129 2421 1339 2457 modontem
1363 2419 1521 2456 fluvium.

1185 2471 1279 2514 Ἀπὸ
1313 2473 1355 2513 ὁὲ
1380 2474 1579 2526 Κιλίκων]
1612 2475 1694 2512 Iure
1716 2478 1793 2512 sta-

1128 2533 1198 2569 tuit
1219 2531 1371 2569 Rennei.
1393 2531 1415 2567 l.
1437 2531 1459 2568 l.
1484 2544 1569 2581 pag.
1594 2531 1674 2572 485
1704 2531 1793 2569 Ciii-

1129 2590 1205 2626 ciae
1228 2589 1318 2625 fines
1341 2588 1523 2624 Herodoti
1545 2592 1665 2625 aetate
1685 2587 1793 2625 latio-

1129 2657 1186 2682 res
1204 2645 1327 2689 fuisse,
1359 2649 1397 2680 ut
1423 2644 1486 2693 qui
1512 2645 1687 2682 orientem
1710 2656 1793 2682 ver-

1130 2714 1191 2737 sus
1203 2701 1426 2750 Euphratem
1434 2701 1625 2750 attigerint
1638 2701 1703 2748 (V,
1716 2700 1790 2748 52)

1130 2762 1167 2794 et
1190 2757 1414 2793 occidentem
1437 2770 1554 2806 aeque
1577 2769 1619 2794 ac
1643 2760 1792 2806 septen-

1130 2814 1283 2850 trionem
1313 2826 1436 2850 versus
1461 2814 1552 2851 fines
1580 2818 1698 2850 terrae
1720 2825 1790 2863 po-

1130 2869 1291 2908 sterioris
1317 2869 1429 2907 multo
1451 2869 1715 2922 superaverint.
