1904 3304
434 235 517 276 154
831 237 1305 278 HERODOTI

432 344 606 390 νόντων
636 345 681 389 δὲ
709 344 821 389 κατὰ
859 344 909 389 τὸ
947 346 1228 400 προάστειον,
1272 346 1331 400 ὥς
1359 350 1469 393 κατὰ
1499 353 1628 394 τοῦτο
1658 350 1708 395 τὸ

421 418 592 473 ’χωρίον
621 417 820 472 ἐγίνοντο
851 419 923 460 ἵνα
952 421 1029 473 τῆς
1057 420 1378 475 παροιχομένης
1404 421 1561 473 νυκτὸς
1589 438 1709 465 κατε-

432 487 580 532 δέδετο
611 486 637 544 ἡ
674 487 812 544 θήλεα
853 490 1003 540 ἵππος,
1055 489 1248 533 ἐνθαῦτα
1288 488 1311 534 ὁ
1341 495 1538 545 Δαρείου
1579 495 1710 544 ἵππος

430 559 730 615 προσδραμών
773 560 1033 619 ἐχρεμέτισε·
1091 559 1181 616 ἅμα
1227 561 1272 605 δὲ
1310 567 1372 619 τῷ
1410 565 1525 621 ἵππῳ
1575 567 1706 607 τοῦτο

428 630 683 688 ποιήσαντι,
726 630 924 688 άστραπὴ
956 631 998 684 ἐξ
1029 633 1204 688 αἰθρίης
1235 634 1308 676 καὶ
1338 635 1500 691 βροντὴ
1527 635 1704 691 ἐγένετο.
1720 641 1765 676 65

402 701 718 759 3ἐπιγενόμενα
759 702 803 746 δὲ
846 708 985 747 ταῦτα
1022 708 1082 761 τῷ
1124 705 1326 762 Δαρείῳ,
1375 705 1572 750 ἐτελέωσέ
1615 723 1706 762 μιν,

432 773 575 829 ὥσπερ
608 773 655 816 ἐκ
686 775 904 817 συνθέτου
932 785 1005 818 τευ
1035 774 1273 831 γενόμενα·
1334 778 1378 819 οἷ
1414 777 1481 826 δὲ,
1520 783 1708 821 καταθο-

433 844 582 900 ρόντες
612 843 699 888 άπὸ
737 849 824 889 τῶν
862 848 1028 896 ἵππων,
1069 846 1368 902 προσεκύνεον
1408 847 1486 891 τόν
1515 853 1707 903 Δαρεῖον

199 971 206 979 .
302 908 369 953 87
429 914 488 967 ὦς
517 915 708 972 βασιλέα.
771 918 824 960 Οἱ
860 918 941 973 μὲν
981 916 1035 973 δή
1080 929 1189 973 φασι
1227 918 1306 961 τόν
1343 919 1530 976 Οἰβάρεα
1568 923 1708 963 ταῦτα

94 972 375 1067 Ξίῶὺὲἷῖζῖξῖζηᾷἳξῖ
433 986 788 1044 μηχανήσασθαι·
850 991 894 1033 οἱ
923 988 992 1041 δὲ,
1023 988 1185 1032 τοιάδε·
1226 990 1320 1047 (καὶ
1347 990 1432 1046 γάρ
1464 989 1534 1035 ἐπ’
1564 989 1764 1048 άμφό-70

109 1048 142 1067 ‘³‘
160 1048 290 1069 narrari.
401 1067 536 1113 ἕτερα
564 1059 730 1114 λέγεται
757 1059 848 1103 ὑπὸ
884 1061 1142 1115 Περσέων)
1182 1061 1238 1112 ὠς
1267 1066 1341 1117 τῆς
1379 1064 1515 1106 ἵππου
1544 1061 1708 1119 ταύτης

372 1129 720 1194 ,υτδῷνκᾷκρθρων
747 1131 988 1183 ἐπιψαύσας
1016 1136 1069 1189 τῇ
1094 1133 1222 1188 χειρὶ,
1253 1133 1342 1190 ἔχοι
1365 1131 1504 1191 αὐτὴν
1533 1132 1707 1188 κρύψας

427 1202 475 1247 έν
513 1189 903 1259 τῇσΐῖὶῖναξυρίσι·
967 1202 1022 1254 ὦς
1064 1204 1109 1247 ὁὲ
1149 1203 1238 1259 ἅμα
1275 1208 1336 1261 τῷ
1383 1205 1490 1263 ἡλίῳ
1537 1203 1705 1247 ἀνιόντι

427 1273 636 1318 ἀπίεσθαι
665 1273 835 1330 μέλλειν
864 1276 967 1327 τοὺς
994 1279 1177 1327 ἵππους,
1206 1274 1285 1319 τὸν
1322 1274 1514 1330 Οἰβάρεα
1542 1279 1703 1318 τοῦτον

425 1345 648 1399 ἐξείραντα
677 1344 758 1402 τήν
787 1350 932 1401 χεῖρα,
964 1346 1075 1403 πρὸς
1105 1351 1186 1391 τοῦ
1209 1349 1402 1402 Δαρείου
1429 1347 1566 1390 ἵππου
1595 1346 1701 1398 τούς

423 1420 649 1473 μυκτῆρας
686 1423 987 1473 προσενεῖκαι·
1045 1417 1124 1461 τὸν
1162 1418 1229 1471 δὲ,
1275 1419 1564 1474 αἰσθόμενον,
1596 1424 1760 1491 Α(Εριο75

412 1487 654 1563 ’μάξασέαξ
672 1506 716 1534 τε
742 1490 815 1534 καὶ
843 1491 1098 1547 χρεμετίσαι.

425 1638 606 1681 ἐτελέωσέ
635 1640 717 1692 μιν]
750 1653 826 1677 eum
852 1652 1035 1676 consuma—

367 1701 475 1744 runt,
505 1698 527 1734 i.
559 1711 590 1735 e.
624 1698 879 1747 confirmarunt
904 1710 1033 1745 regem,

366 1757 652 1803 inaugurarunt.
713 1754 853 1791 Confer
885 1753 911 1800 Ι,
943 1756 1033 1794 120.

368 1811 593 1860 Vi'esseling.
622 1812 707 1848 citat
739 1811 810 1860 Ep.
842 1810 889 1846 ad
916 1810 1033 1847 Hebr.

367 1867 416 1916 II,
433 1871 494 1909 10.
525 1864 656 1919 ὥσπερ
679 1866 720 1906 ἐκ
738 1865 935 1905 συνθέτου
952 1881 1030 1912 τευ,

366 1924 390 1961 i.
417 1938 448 1962 e.
481 1927 586 1974 quasi
607 1937 649 1961 ex
679 1925 873 1974 compositu.
933 1923 1032 1960 Citat

365 1981 528 2019 Thomas
551 1981 651 2030 Mag.
672 1994 708 2031 p.
728 1983 822 2026 823,
842 1979 902 2017 ubi
924 1979 1030 2017 haee:

368 2032 569 2076 σύνθετον
596 2033 644 2077 ου’
664 2033 786 2087 μόνον
806 2033 850 2075 τό
881 2035 1032 2087 συγκεί-

367 2108 490 2146 μενον
523 2094 566 2133 ἒκ
594 2096 731 2141 τινῶν,
763 2088 860 2132 ἄλλά
893 2091 961 2131 καὶ
1002 2090 1031 2143 ἦ

366 2151 593 2202 συμφωνία.
661 2150 722 2188 Ad
760 2145 1031 2203 προσεκύνεον

364 2209 461 2246 conf.
485 2213 576 2245 nott.
600 2208 648 2245 ad
670 2208 714 2254 11,
732 2210 797 2247 80.

515 2265 626 2314 Cap.
654 2263 878 2302 LXXXVII.

420 2319 503 2371 ἔχοι
534 2316 661 2370 αύτῆν
694 2315 856 2369 κρύψας
877 2319 919 2359 ἒν
939 2322 1031 2374 τῇσι

366 2371 587 2428 άναξυρίσι]
620 2378 641 2414 ἰ.
662 2390 692 2414 e.
727 2377 848 2413 dicunt
876 2397 931 2404 —
953 2390 1030 2413 eum

365 2446 507 2470 manum
554 2436 704 2470 tenuisse
741 2433 952 2469 occultatam
991 2436 1029 2470 in

366 2492 512 2528 braccis.
572 2490 666 2526 Cum
686 2494 834 2526 recentt.
858 2490 943 2525 odd.
967 2503 1027 2527 re-

365 2548 491 2597 scripsi
523 2545 604 2597 ἔχοι
632 2559 699 2595 pro
732 2544 820 2595 ἔχει,
850 2546 949 2582 libris
977 2547 1028 2583 sic

363 2604 583 2640 iubentibus.
623 2603 682 2640 De
698 2603 808 2639 verbo
831 2601 945 2652 ἔχειν,
961 2603 1028 2639 ad-

363 2661 488 2697 iuncto
508 2659 697 2710 participio
715 2659 810 2696 conf.
833 2659 862 2705 l,
883 2661 948 2698 27.
963 2660 1027 2698 28.

365 2715 424 2754 De
451 2716 644 2753 Persarum
671 2715 827 2762 braccis,
865 2727 894 2752 ε.
933 2710 1028 2752 α’να-

365 2772 496 2823 ξυρίσι
524 2773 619 2809 conf.
643 2771 680 2818 I,
709 2774 774 2812 71.
821 2770 918 2808 Add.
946 2771 1027 2817 Vll,

367 2831 421 2869 67
443 2833 479 2866 et
499 2829 672 2877 Mongez.
690 2827 799 2865 Mem.
823 2829 870 2865 de
887 2826 1027 2865 l’Instit.

369 2885 421 2923 lv
438 2897 525 2937 pag.
546 2887 600 2926 32
618 2897 723 2936 seqq.
745 2886 799 2925 48
819 2897 897 2935 seq.

1150 1634 1344 1678 ἀπίεσθαι
1383 1636 1536 1688 μέλλειν
1569 1634 1664 1685 τούς
1692 1637 1757 1678 ἵπ-

1091 1695 1218 1746 πους]
1250 1709 1352 1746 equos
1390 1695 1449 1732 hie
1486 1695 1654 1744 intelligit
1694 1709 1757 1732 sex

1091 1753 1382 1798 coniuratorum,
1423 1753 1470 1789 de
1499 1752 1652 1802 imperio
1688 1753 1755 1790 de-

1091 1810 1260 1847 certaturi
1294 1810 1356 1858 qui
1386 1812 1503 1846 erant.
1560 1804 1755 1848 α’πίεσθαι

1091 1865 1299 1916 simpliciter
1327 1864 1424 1902 valet
1447 1865 1544 1901 abire
1568 1866 1614 1902 ad
1637 1865 1755 1902 locum

1089 1923 1312 1969 certaminis,
1343 1923 1418 1959 sive
1437 1922 1635 1971 procedere.
1694 1922 1755 1959 Ad

1089 1978 1292 2029 ἐξείραντα
1322 1979 1418 2016 conf.
1443 1978 1578 2015 Matth.
1598 1979 1665 2016 Gr.
1686 1978 1752 2016 Gr.

1087 2050 1124 2087 p.
1143 2035 1236 2076 454.

1146 2087 1426 2143 φριμάξασθαί
1454 2105 1494 2130 τε
1525 2088 1754 2142 καὶ,χρεμε-

1087 2148 1208 2199 τίσαι]
1242 2150 1376 2186 Glossa
1395 2148 1631 2185 Herodotea:
1662 2163 1753 2199 ‹ppt-

1089 2201 1318 2257 μάξασθαι·
1359 2201 1643 2255 φρυάξασθαι,
1674 2219 1753 2253 φυ-

1089 2265 1220 2308 σῆσαι.
1281 2261 1334 2298 Ac
1354 2257 1649 2312 φριμάττεσθαι
1666 2273 1753 2313 pro-

1086 2320 1165 2370 prie
1189 2320 1236 2356 de
1259 2319 1367 2362 hirco,
1399 2313 1673 2368 φρυάττεσθαι
1703 2317 1751 2354 de

1086 2389 1171 2426 equo
1193 2376 1263 2412 dici
1282 2379 1434 2411 monent
1462 2381 1606 2411 veteres
1629 2385 1751 2421 gram-

1086 2432 1219 2478 matici,
1250 2430 1476 2476 Ammonius,
1509 2429 1567 2467 De
1587 2429 1663 2465 diff.
1686 2442 1751 2466 vo-

1084 2489 1187 2526 cabb.
1209 2501 1245 2538 p.
1270 2486 1349 2527 144
1374 2487 1455 2533 (ubi
1478 2486 1549 2523 vid.
1573 2485 1748 2522 Valcken.

1084 2544 1355 2581 Animadverss.
1379 2557 1414 2593 p.
1438 2540 1553 2591 226),
1584 2542 1749 2579 Thomas

1084 2600 1186 2649 Mag.
1212 2613 1247 2650 p.
1270 2603 1363 2640 901.
1417 2599 1493 2636 Sed
1518 2599 1749 2636 Herodotum

1087 2659 1134 2694 de
1171 2657 1254 2705 equi
1287 2657 1427 2692 hinnitu
1465 2651 1747 2706 φριμάξασθαι

1086 2715 1219 2751 dixisse
1245 2725 1415 2763 expresse
1443 2712 1582 2749 monuit
1611 2712 1746 2749 Suidas

1086 2783 1112 2806 s.
1133 2782 1165 2806 v,
1186 2768 1264 2806 coll.
1287 2769 1407 2805 Schol.
1435 2769 1483 2805 ad
1506 2769 1663 2806 Theocr.
1690 2767 1742 2804 ld.

1085 2826 1130 2873 V,
1148 2825 1236 2866 141.
1267 2826 1364 2862 Add.
1386 2825 1570 2863 Schaefer.
1590 2825 1638 2862 ad
1653 2823 1744 2861 Dio-

1083 2896 1162 2932 nys„
1181 2882 1296 2920 llalic.
1311 2882 1369 2921 De
1390 2894 1551 2934 compos.
1562 2880 1688 2919 vetbb.
1706 2892 1744 2931 p,
