1904 3304
155 677 268 704 Otanrs
292 677 413 704 caedem

139 711 307 738 Samiorum
321 712 413 746 impe-

139 749 197 777 rat,
208 750 238 771 et
253 753 352 772 arcem
363 746 412 772 ob-

137 778 226 806 sidet.

472 210 558 253 258
868 210 1336 251 HERODOTl

475 321 518 364 οἱ
547 319 788 372 ἐπίκουροι,
817 323 908 362 τῶν
938 319 1145 374 Περσέων
1164 319 1270 371 τούς
1299 321 1741 377 διφροφορευμένους

445 397 518 434 ὅτε
549 391 622 434 καὶ
652 389 789 445 λόγου
826 391 1032 434 πλείστου
1071 390 1222 442 ἐόντας
1251 392 1456 436 ἔκτεινον.
1513 394 1587 437 καὶ
1618 388 1740 438 οὗτοι

472 461 552 517 μὲν
591 465 728 504 ταῦτα
756 461 952 513 ἐποίευν,
994 460 1021 518 ἦ
1056 461 1101 505 δὲ
1141 461 1249 518 ἄλλη
1279 463 1456 519 στρατιή
1486 463 1512 520 ἡ
1545 463 1739 520 Περσική

472 532 727 587 ἐπεβοήθεε·
766 534 1040 589 πιεζεύμενοι
1071 533 1117 576 δὲ
1151 535 1195 576 οἱ
1225 533 1470 587 ἐπίκουροι,
1501 533 1638 578 ὀπίσω
1667 552 1741 578 κα-

311 613 411 658 147
469 602 732 658 τειλήθησαν
759 604 803 655 ἐς
830 605 910 661 τήν
939 603 1192 659 ἀκρόπολιν.
1220 603 1402 661 Ὀτάνης
1433 605 1478 648 δὲ
1509 605 1532 648 ὁ
1565 619 1741 662 στρατη-

471 672 574 729 γός,
611 673 720 717 ἰδών
757 674 902 726 πάθος
942 675 1051 732 μέγα
1080 677 1253 729 Πέρσας
1289 675 1589 729 πεπονθότας,
1624 676 1797 720 ἕντο-45

470 743 550 795 λάς
578 760 646 796 τε,
683 746 759 797 τάς
787 745 976 800 Δαρεῖός
1009 748 1052 790 οἱ
1080 744 1357 790 ἀποστέλλων
1386 745 1636 798 ἐνετέλλετο,
1664 746 1739 803 μή·

470 831 514 858 τε
545 816 726 859 κτείνειν
755 818 921 873 μηδένα
950 819 1159 872 Σαμίων,
1195 816 1297 874 μήτε
1337 816 1743 873 ἀνδραποδίζεσθαι,

472 883 646 930 ἀπαθέα
684 904 728 931 τε
757 893 907 932 κακῶν
935 889 1184 932 ἀποδοῦναι
1222 888 1301 944 τήν
1335 893 1475 945 νῆσον
1505 892 1741 932 Συλοσῶν-

469 972 532 1000 u·
576 959 768 1002 τουτέων
799 961 877 1014 μὲν
904 965 993 1004 τῶν
1024 960 1235 1003 ἐντολέων
1266 960 1538 1016 μεμνημένος
1570 958 1741 1003 ἐπελαν-

468 1027 655 1073 θάνετο·
687 1029 710 1072 ὁ
745 1031 789 1074 δὲ
819 1031 1076 1086 παρήγγειλε
1107 1035 1160 1087 τῇ
1191 1034 1383 1085 στρατιῇ,
1415 1029 1558 1073 πάντα
1589 1030 1665 1073 τὸν
1686 1028 1741 1072 ἂν
1754 1035 1799 1069 50

437 1098 658 1153 Ξλάβωσι,
693 1102 765 1144 καὶ
795 1101 938 1157 ἄνδρα
968 1103 1040 1145 καὶ
1071 1104 1220 1149 παῖδα,
1250 1100 1411 1156 ὁμοίως
1441 1103 1630 1144 κτείνειν.
1672 1100 1738 1144 ἐν-

465 1174 611 1213 θαῦτα
640 1174 716 1225 τῆς
746 1177 949 1229 στρατιῆς
978 1174 1021 1216 οἱ
1049 1173 1129 1228 μὲν
1157 1171 1237 1228 τὴν
1266 1170 1507 1227 ἀκρόπολιν
1537 1169 1738 1225 ἐπολιόρ-

468 1257 592 1291 κεον,
637 1243 681 1284 οἱ
714 1242 760 1285 δὲ
791 1242 983 1286 ἔκτεινον
1022 1244 1164 1287 πάντα
1204 1242 1285 1287 τόν
1323 1242 1526 1297 ἐμποδών
1562 1241 1736 1298 γινόμε-

467 1485 560 1535 τοῦς
579 1488 990 1541 διφροφορευμένους]
1003 1492 1026 1528 i.
1041 1504 1072 1528 e.

409 1542 505 1592 τούς
523 1546 703 1598 φορείοις
728 1547 1017 1598 φορουμένους,
1032 1552 1073 1584 ut

411 1601 568 1639 Glossae
597 1608 783 1652 exponunt
803 1604 983 1650 Hemdd„
1013 1616 1072 1641 ac-

410 1659 566 1696 cedente
588 1658 784 1707 Hesychio‚
803 1660 919 1697 Suida
931 1667 966 1698 et
978 1661 1072 1710 Ety-

409 1714 545 1763 molog.
571 1728 607 1765 p.
632 1718 726 1756 279.
786 1715 956 1766 Namque
983 1717 1072 1754 Per-

408 1784 527 1808 sarum
571 1771 824 1822 locupletiores
862 1774 955 1811 sellis
996 1775 1071 1810 sive

407 1826 543 1865 lecticis
566 1828 815 1876 gestabantur,
837 1834 879 1866 ut
898 1843 941 1867 ex
958 1830 1073 1867 Athe-

410 1896 504 1921 naeo
522 1890 636 1934 patet,
654 1884 705 1920 XI
727 1898 762 1935 p.
775 1885 869 1926 514.
905 1887 999 1924 Cum
1011 1900 1072 1924 ve-

410 1953 452 1976 ro
484 1940 620 1978 Persae
657 1942 931 1990 consedissent,
970 1944 1072 1993 quod

411 1997 499 2032 satis
529 2001 730 2034 monstrant
753 1999 862 2036 verba
888 2012 967 2049 cap.
992 1998 1071 2040 144

409 2053 473 2089 fin.
503 2049 705 2104 (θρόνους
727 2052 911 2104 θέμενοι)
932 2061 968 2093 et
993 2056 1070 2096 145

410 2108 642 2159 (εἰρηναίως
673 2110 957 2161 κατημένους),
989 2125 1071 2150 ver-

409 2165 458 2202 bo
471 2165 962 2217 διφροφορευμένουςιιίὴῑΙ
973 2168 1070 2206 aliud

407 2221 476 2258 nisi
507 2222 637 2260 Persas
666 2224 762 2260 sellis
789 2226 981 2262 insidentes
1005 2226 1071 2263 de·

407 2276 534 2314 eiurari
560 2280 789 2317 crediderim.
857 2281 937 2319 Nec
967 2281 1071 2319 aliter

407 2333 531 2370 Kuhn.
560 2336 607 2371 ad
628 2335 767 2373 Aelian.
791 2337 833 2375 V.
854 2337 902 2374 H.
924 2337 984 2383 lv,
1006 2341 1069 2384 12,

407 2389 469 2426 ubi
489 2396 672 2437 narratur,
703 2397 845 2430 veteres
870 2393 1071 2431 Athenien-

409 2458 482 2493 ses,
505 2459 722 2496 quocunque
743 2448 848 2495 irent,
867 2461 986 2486 secum
1006 2450 1069 2487 ha-

407 2502 530 2539 buisse
552 2516 684 2552 pueros
703 2505 942 2554 pedissequos
962 2506 1068 2543 sellas

406 2558 666 2608 complicatiles
703 2565 911 2608 gestantes,
942 2574 987 2598 ne
1015 2568 1069 2600 te-

407 2627 507 2652 mere
534 2616 661 2664 quovis
691 2617 727 2652 in
754 2616 834 2653 loco
855 2618 983 2654 sedere
1005 2631 1069 2655 co-

408 2676 592 2720 gerentur.
640 2672 736 2708 Add.
758 2671 990 2719 Larcherum‚
1010 2675 1067 2711 cui

407 2726 576 2776 displicet
613 2728 702 2765 haec
733 2728 862 2765 Corais
890 2730 1067 2779 interpre-

406 2784 516 2821 tatio:
546 2797 663 2829 „ceux
683 2785 825 2823 d’cntre
842 2784 896 2823 les
921 2786 1064 2833 Persoe,

408 2840 471 2890 qui
499 2840 638 2879 eltoicnt
664 2840 715 2879 les
739 2841 820 2893 plus
843 2842 1066 2890 consideres

309 1310 407 1355 148
465 1327 567 1364 νον,
599 1310 762 1368 ὁμοίως
801 1313 847 1356 ἕν
874 1331 919 1357 τε
949 1316 1032 1369 ἱρῷ
1069 1315 1142 1358 καὶ
1172 1315 1248 1366 ἔξω
1285 1315 1400 1368 ἱροῦ.
1458 1311 1739 1367 Μαιάνδριος

1130 1494 1165 1528 et
1179 1490 1240 1540 qui
1261 1503 1299 1527 se
1318 1490 1485 1527 saisoient
1505 1491 1624 1527 suivre
1643 1502 1709 1540 par
1727 1490 1792 1528 des

1130 1547 1288 1584 est-laves
1325 1552 1492 1597 porteurs
1524 1547 1571 1584 de
1604 1547 1791 1583 chaises.“

1128 1602 1224 1640 Nam
1249 1601 1566 1655 διφροφυρέομαι
1595 1603 1653 1640 ille
1680 1603 1793 1640 inter-

1128 1664 1311 1710 pretatur:
1337 1660 1377 1706 je
1399 1672 1449 1695 me
1473 1659 1554 1709 sais
1574 1662 1695 1710 parter
1723 1673 1792 1696 une

1129 1716 1267 1762 chaisc,
1297 1716 1353 1753 vel
1382 1717 1525 1766 potius:
1565 1716 1605 1762 je
1636 1729 1686 1752 me
1707 1715 1789 1765 sais

1128 1774 1244 1809 suivre
1258 1786 1330 1822 par
1348 1786 1397 1808 un
1409 1772 1541 1809 esclave
1558 1775 1708 1822 qm'port
1723 1786 1791 1809 une

1129 1829 1258 1874 clmise,
1287 1842 1377 1879 pour
1398 1830 1484 1865 m'en
1510 1831 1621 1865 servir
1649 1829 1740 1865 dans
1759 1830 1791 1866 Ie

1128 1887 1291 1924 bewiuf‘
1349 1886 1460 1922 Italus
1492 1886 1673 1935 interpres
1704 1886 1739 1922 h.
1766 1886 1789 1923 1.

1129 1944 1179 1980 sic
1200 1943 1326 1981 vertit:
1349 1943 1436 1989 „che
1456 1955 1563 1978 erano
1584 1941 1696 1978 d’alto
1709 1955 1790 1980 con-

1130 2003 1163 2035 to
1185 2012 1201 2035 e
1217 2001 1359 2048 portati
1380 2001 1437 2035 nei
1465 2000 1607 2047 seggz'.“
1665 1998 1788 2036 Passi-

1130 2069 1210 2092 vam
1235 2056 1329 2093 enim
1349 2056 1448 2092 verbi
1461 2057 1645 2092 notionem
1663 2054 1720 2092 ille
1733 2069 1789 2093 re-

1127 2113 1235 2150 tineri
1269 2111 1345 2148 vult
1379 2112 1548 2161 idemque
1589 2111 1635 2148 de
1667 2112 1787 2149 Persis

1127 2168 1363 2206 nobilioribus
1386 2173 1500 2217 atque
1530 2168 1787 2216 insignioribus

1126 2225 1184 2262 hic
1204 2225 1307 2261 unice
1335 2225 1395 2272 agi
1424 2225 1539 2261 addit.
1596 2225 1656 2261 Ad
1677 2225 1788 2262 verba

1125 2276 1241 2331 λόγου
1270 2281 1454 2318 πλείστου
1481 2275 1617 2326 ἐόντας
1639 2281 1733 2317 conf.
1757 2281 1786 2326 Ι,

1130 2339 1230 2383 1203
1260 2337 1308 2373 ad
1337 2337 1631 2386 κατείληθησαν
1653 2337 1697 2374 cf.
1723 2336 1787 2384 ΙΙΙ,

1130 2395 1191 2432 13.
1230 2393 1377 2429 Retinui
1401 2387 1662 2442 πιεζεύμενοι,
1689 2393 1786 2430 cuius

1125 2449 1204 2486 loco
1225 2448 1386 2485 Florent.
1408 2449 1543 2497 aliique
1564 2444 1786 2499 πιεζόμενοι

1127 2506 1244 2554 magis
1264 2517 1307 2542 ex
1322 2503 1524 2542 Atticorum
1546 2507 1700 2543 ratione.
1723 2505 1785 2544 Tu

1125 2563 1220 2598 conf.
1248 2573 1356 2610 supra
1378 2562 1426 2598 ad
1451 2561 1478 2606 l,
1505 2563 1583 2603 142
1603 2566 1693 2599 nott.

1295 2618 1404 2667 Cap.
1435 2617 1614 2655 CXLVII.

1180 2669 1341 2719 ἐντολάς
1362 2688 1415 2719 τε,
1435 2671 1518 2724 τας]
1550 2674 1607 2712 Ad
1620 2675 1710 2712 haec
1727 2687 1784 2712 re-

1123 2730 1302 2779 spiciunt,
1333 2743 1428 2778 quae
1463 2731 1555 2767 infra
1591 2731 1778 2780 leguntur:

1123 2784 1294 2824 τουτέων
1312 2784 1384 2836 μὲν
1403 2789 1483 2826 τῶν
1503 2786 1692 2826 ἐντολέων
1710 2800 1778 2836 με·

1123 2841 1334 2894 μνημὲνος.
1366 2844 1473 2881 Cous.
1493 2843 1778 2882 MatthGrGr.
