1904 3304
421 222 506 261 188
818 218 1289 259 HERODOTI

84 335 363 390 ῗζῇῗῖᾞωὲῧζῖῗῃῐῗ
392 329 505 385 ὃμὲν
536 328 771 379 ἐλάσᾱονα,
803 327 1061 371 &massua-ov
1092 328 1137 371 δὲ
1168 327 1335 384 μέζονα.

85 397 209 432 positam
218 395 362 422 avellunt:

84 431 266 457 camelorum
300 429 361 456 vir-

84 469 132 491 tus
151 467 182 492 et
199 467 318 491 natura.

1394 327 1476 371 εἶσὶ
1503 327 1588 383 γὰρ
1621 328 1694 371 αύ-

419 403 508 443 τῶν
538 401 608 443 καὶ
639 400 757 454 παροὶ
788 400 957 456 βασιλέϊ
990 403 1078 442 τῶν
1111 401 1332 454 Περσέων,
1378 399 1582 443 ἐνθεῦτεν
1618 404 1696 456 θη-

420 472 659 525 ρευθέντες.
709 466 832 514 οὗτοι
864 466 927 513 ὦν
956 473 999 514 οἱ
1027 469 1266 527 μύρμηκες,
1296 469 1547 526 ποιεύμενοι
1578 472 1694 527 οἴκη-

421 555 492 587 σιν
523 541 611 586 ὑπὸ
641 546 745 599 γῆν,
778 541 1078 599 ἀναφορέουσι
1099 540 1179 598 τήν
1203 540 1404 597 ψάμμον,
1434 541 1623 597 κατάπερ
1656 543 1750 586 οἷ85

363 717 587 763 institutam,
614 716 649 753 in
675 715 749 765 qua
774 714 928 765 pellibus
954 714 1032 752 vul-

363 775 463 825 pium
493 772 626 821 (Canis
650 771 780 809 Corsak
807 772 934 820 Linn.)
965 772 1032 809 hac

364 832 401 867 in
446 831 596 879 regione
635 829 1029 878 frequentissimarum‚

365 899 460 936 quae
487 888 523 923 in
551 891 686 924 terram
715 899 754 923 se
777 886 914 922 abdere
939 884 1032 922 sole-

365 947 454 991 ant,
488 943 542 979 usi
570 943 716 980 suerint.
774 942 832 980 De
854 942 922 978 hac
943 954 1033 978 cane

364 999 421 1037 vel
462 1000 532 1036 alia
581 1002 739 1048 quadam
790 998 925 1048 vulpini
967 1012 1033 1046 ge-

365 1056 461 1094 neris
484 1056 638 1093 bestiola
658 1055 780 1092 ludica
799 1055 857 1091 hic
882 1054 1033 1103 cogitari

367 1125 476 1163 posse
523 1117 650 1149 censet
688 1111 799 1148 Italus
839 1112 1033 1160 interpres.

368 1169 478 1207 Link.
499 1169 591 1215 (Die
614 1168 752 1205 Urwelt
773 1181 808 1217 p.
824 1168 926 1211 258)
950 1180 1035 1203 nar-

369 1226 503 1263 rationi
530 1225 627 1271 huic‚
656 1229 804 1275 praeter
827 1224 936 1260 fidem
959 1225 1033 1260 for-

369 1283 464 1319 sitan
499 1285 648 1328 auctae,
679 1281 855 1329 originem
889 1280 1035 1317 dedisse

369 1339 565 1376 arbitratur
578 1337 709 1374 animal
720 1337 921 1386 quoddam,
934 1337 1035 1386 quod

370 1396 407 1432 in
428 1398 563 1432 terram
584 1407 755 1431 cavernas
778 1394 952 1431 fodiendo
971 1405 1035 1429 au-

368 1464 447 1488 rum
485 1455 702 1500 quaerentes
734 1451 888 1487 duxerit.
954 1449 1035 1487 Nec

370 1512 492 1545 tamen
515 1508 561 1544 de
583 1520 672 1544 cane
691 1507 835 1543 Corsak
868 1507 1033 1555 cogitan-

371 1565 470 1610 dum,
492 1564 558 1600 sed
578 1564 624 1601 de
646 1563 714 1600 alio
725 1563 870 1599 animali
891 1564 1035 1600 fodien-

369 1625 419 1665 te,
447 1620 601 1657 forsitan
622 1621 669 1657 de
691 1624 891 1656 mormotae
912 1619 1033 1669 specie

369 1678 542 1726 quadam,
574 1676 717 1725 qualem
740 1677 950 1714 recentioris
974 1688 1035 1713 ae-

370 1734 455 1770 tatis
483 1734 738 1783 peregrinator
767 1734 803 1768 in
827 1733 892 1768 illis
913 1733 1035 1780 regio-

371 1790 478 1827 nibus
497 1790 736 1839 conspexerit.
766 1790 858 1826 Cum
883 1789 950 1825 hac
971 1801 1035 1824 au-

371 1850 447 1884 tem
473 1847 684 1882 narratione
710 1846 861 1883 alteram
881 1838 927 1883 de
949 1858 1035 1893 gry-

372 1902 454 1954 phis
486 1901 556 1949 (de
576 1915 649 1951 qua
677 1903 749 1939 vid.
777 1903 825 1938 ad
847 1901 910 1948 Ill,
933 1902 1032 1948 116)

371 1959 568 2010 postmodo
590 1959 776 1995 confusam
790 1972 883 2004 esse,
896 1963 1036 1995 utram-

374 2028 446 2064 que
478 2016 513 2051 in
549 2015 688 2052 Indiam
703 2045 713 2062 ,
760 2016 783 2051 i.
825 2029 856 2052 e.
899 2020 1035 2052 terram

372 2072 533 2108 omnium
550 2085 668 2109 rerum
686 2072 932 2108 mirandarum
947 2084 1036 2120 qua·

374 2129 403 2165 si
440 2133 633 2178 parentem
673 2128 899 2176 relegatam,
934 2128 1035 2164 Idem

374 2185 500 2221 statuit
515 2198 550 2235 p.
562 2186 656 2225 259.
676 2186 888 2222 Accuratius
900 2190 1037 2221 utram-

375 2254 447 2290 que
468 2243 600 2278 samam
621 2242 785 2278 distinxit
804 2242 922 2278 wahl.
942 2241 1038 2277 Erd-

376 2297 514 2334 beschr.
540 2310 572 2334 v.
595 2298 742 2337 Ostind,
771 2311 858 2347 pag.
881 2297 962 2338 483
985 2319 1035 2324 -

375 2353 472 2399 488,
496 2354 588 2390 hanc
618 2355 665 2390 de
695 2355 853 2390 formicis
879 2353 1037 2390 fabulam

374 2414 536 2446 tractans
568 2410 777 2459 optimeque
811 2423 963 2446 monens
1000 2411 1038 2445 in

375 2471 480 2503 tanta
499 2465 638 2502 illarum
661 2467 851 2514 regionum
877 2466 1039 2503 obscuri-

376 2527 453 2559 tate
483 2522 664 2571 hodieque
698 2523 791 2558 illam
816 2524 969 2559 bestiam
1002 2523 1039 2558 in

376 2579 528 2615 historia
550 2579 706 2615 naturali
730 2580 854 2628 quaeri
875 2579 931 2614 vix
953 2592 1039 2627 pos-

378 2648 428 2673 se.
488 2635 647 2672 Indicam
672 2636 856 2671 formicam
877 2635 1038 2684 suspica-

377 2696 437 2729 tur
457 2692 613 2741 speciem
631 2692 814 2740 quandam
837 2704 916 2728 esse
942 2691 1040 2727 canis

379 2748 545 2797 hyaenae
566 2749 696 2795 (‚‚eine
716 2748 879 2785 Varietiit
896 2747 961 2783 der
976 2760 1041 2795 ge-

379 2805 542 2842 streiften
570 2805 659 2841 oder
679 2805 885 2853 gefleckten
915 2804 1039 2851 Hyac-

381 2864 454 2900 ne“
473 2863 544 2900 vid.
566 2862 743 2913 pag-813
757 2860 881 2911 seqq.)
905 2860 1040 2912 ipsum-

1089 728 1159 764 que
1176 727 1310 751 nomen
1323 714 1505 751 Graecum
1523 709 1681 764 μύρμηξ
1694 712 1751 751 vel

1088 785 1110 809 a
1150 771 1295 808 Persico
1337 771 1574 807 derivandum
1616 779 1753 819 etymo,

1089 828 1170 875 (ubi
1190 826 1282 865 ‚Mur
1303 827 1456 864 denotat
1465 827 1663 871 formicam,
1676 825 1754 862 nui-

1090 899 1162 921 ress
1183 885 1369 921 formicam
1401 896 1593 932 maguam,
1626 884 1755 920 imma-

1090 955 1194 986 nem,
1226 941 1396 977 mamis-cla
1420 940 1553 976 animal
1581 952 1754 988 magnum

1091 999 1262 1036 formicae
1280 998 1326 1033 ad
1346 998 1457 1033 instar
1468 995 1679 1042 formatum)
1697 994 1755 1033 vel

1090 1068 1112 1092 a
1139 1068 1228 1091 voce
1257 1052 1346 1103 Myr
1370 1066 1399 1092 s,
1420 1051 1512 1090 ElInr
1535 1053 1571 1089 in
1592 1052 1754 1102 pluribus

1091 1111 1201 1148 Asiae
1234 1110 1366 1158 linguis
1400 1110 1507 1145 obvia
1546 1114 1583 1146 et
1615 1108 1756 1158 signifi—

1092 1172 1197 1204 cante
1218 1166 1335 1216 serum
1367 1165 1511 1213 (Wilcl,
1550 1164 1754 1213 ll‘z‘lzlnz'ss).

1091 1224 1141 1260 At
1159 1223 1379 1260 Maltebrun.
1401 1222 1442 1269 (l.
1467 1222 1488 1258 l.
1513 1222 1543 1258 ll
1564 1235 1649 1271 pag.
1671 1223 1754 1262 368

1093 1281 1204 1329 seq.);
1221 1280 1375 1328 utraque
1388 1278 1509 1315 sabula
1531 1279 1578 1315 de
1598 1277 1755 1314 formicis

1091 1350 1133 1374 ac
1157 1337 1205 1373 de
1221 1336 1371 1385 gryphis
1388 1335 1435 1371 nil
1460 1335 1556 1371 aliud
1578 1334 1757 1371 contineri

1091 1397 1210 1444 putat,
1227 1393 1296 1428 nisi
1320 1393 1407 1428 hoc:
1438 1392 1551 1437 Indis,
1567 1391 1757 1440 regionum

1091 1449 1430 1499 septentrionalium
1451 1447 1598 1494 incelis,
1629 1459 1756 1485 aurum

1090 1510 1167 1543 tum
1203 1519 1223 1542 e
1255 1505 1406 1542 metallis
1431 1505 1648 1553 sedulisque,
1679 1508 1757 1541 tum

1091 1576 1111 1600 e
1132 1563 1262 1609 fluviis,
1280 1567 1356 1598 tum
1385 1574 1427 1598 ex
1457 1574 1567 1598 arena
1589 1561 1756 1610 pulvere-

1092 1632 1165 1668 que
1188 1619 1374 1666 acquirere
1385 1619 1470 1654 dum
1485 1617 1672 1664 studeant,
1682 1622 1757 1654 ter-

1091 1688 1150 1712 ras
1162 1674 1397 1724 inhospitales
1409 1673 1651 1724 permeandas
1664 1686 1756 1721 gen-

1091 1737 1219 1780 tesque
1255 1732 1349 1768 feras
1391 1730 1626 1767 debellandas
1663 1743 1754 1767 esse.

1091 1787 1268 1825 Fabulam
1289 1788 1335 1824 de
1355 1787 1510 1823 formicis
1531 1787 1616 1823 inde
1637 1790 1755 1822 ortam

1092 1849 1240 1890 censet,
1271 1844 1371 1892 quod
1394 1844 1472 1880 Indi
1492 1856 1618 1879 aurum
1634 1855 1653 1880 e
1675 1841 1756 1892 pul-

1093 1914 1178 1938 vere
1205 1904 1422 1949 quaerentes
1454 1900 1607 1948 vestigia
1632 1899 1758 1935 formi-

1094 1970 1217 1995 carum
1251 1956 1413 1993 albarum
1447 1956 1559 1993 secuti
1587 1955 1760 2005 pellibus-

1095 2027 1166 2063 que
1194 2012 1375 2063 vulpium,
1407 2013 1641 2062 hyaenarum‚
1666 2010 1758 2048 alia-

1093 2084 1171 2107 rum
1196 2071 1351 2107 ferarum
1373 2071 1427 2106 usi
1444 2070 1537 2115 sint3
1567 2081 1662 2119 quae
1681 2068 1759 2104 for-

1095 2128 1208 2164 micae
1221 2140 1300 2163 cum
1313 2126 1417 2163 valde
1427 2129 1584 2162 noceant
1595 2137 1758 2162 omnem-

1096 2197 1167 2233 que
1187 2196 1298 2233 saepe
1318 2195 1473 2220 messem
1495 2185 1673 2227 evertant,
1701 2181 1758 2217 in-

1095 2241 1141 2277 de
1173 2245 1298 2276 natam
1331 2239 1407 2275 vult
1437 2239 1680 2275 narrationem
1710 2238 1758 2274 de

1095 2295 1203 2342 bello,
1226 2296 1326 2344 quod
1349 2309 1429 2331 cum
1452 2295 1608 2331 formicis
1627 2298 1758 2342 gerant

1094 2353 1270 2389 homines.
1304 2352 1385 2387 Vid.
1411 2364 1495 2399 pag.
1515 2352 1596 2390 380
1616 2363 1694 2399 seq.
1721 2353 1758 2387 et

1096 2410 1190 2446 conf.
1213 2412 1307 2445 nott.
1328 2408 1377 2444 ad
1399 2407 1459 2453 lll,
1479 2408 1568 2446 116.

1154 2519 1229 2559 εἶσὶ
1264 2516 1338 2571 ycio
1377 2513 1508 2556 αὐτῶν
1540 2516 1607 2556 καὶ
1646 2514 1755 2568 πικροὶ

1097 2575 1252 2628 βασιλέϊ
1281 2579 1359 2614 τῶν
1393 2573 1603 2625 Περσέων]
1636 2575 1676 2611 ln
1698 2588 1758 2612 re-

1098 2647 1182 2682 gum
1195 2633 1388 2683 paradisis,
1405 2632 1526 2678 credo,
1538 2633 1607 2669 hae
1628 2631 1757 2668 beluae

1098 2689 1289 2726 alebantur
1323 2690 1395 2725 un-*t
1431 2702 1509 2725 cum
1544 2688 1621 2725 aliis
1658 2687 1756 2732 feris,

1098 2758 1188 2794 quas
1214 2758 1275 2781 rex
1302 2745 1424 2782 venari
1447 2758 1513 2794 pro
1536 2758 1636 2782 more
1663 2743 1757 2780 sole-

1097 2803 1170 2839 bat.
1201 2801 1480 2838 Conf.Brisson.
1499 2803 1546 2840 de
1563 2814 1638 2851 reg.
1654 2799 1754 2838 Pers.

1095 2858 1249 2909 princip.
1272 2857 1298 2905 l,
1317 2859 1380 2898 79.
