1904 3304
487 254 1170 296 MELPOMENE.lV.
1379 256 1464 295 583

198 369 354 424 ἄνεμος
382 366 434 410 τά
465 366 622 422 ἔλυτρα
651 370 740 409 τῶν
768 364 943 410 ὑδάτων
972 363 1173 422 ἐξηύῃνε·
1210 362 1238 420 ἡ
1269 363 1315 406 δὲ
1344 363 1462 419 χώρη
1474 361 1798 428 fioffig'g‘jggssffijffi

196 453 274 493 σφι
312 442 430 481 πᾶσα
468 439 590 490 ἐντὸς
631 439 767 482 ἐοῦσα
806 441 882 493 τῆς
912 434 1124 491 Σύρτιος,
1164 430 1222 491 ἦν
1262 432 1463 489 ἄνυδρος.
1520 427 1609 456 facta.

166 513 240 554 2Οἱ
269 510 336 560 δὲ,
368 509 732 566 βουλευσάμενοι,
764 513 901 565 κοινῷ
926 507 1042 565 λόγῳ
1063 505 1370 561 ἐστρατεύοντο
1393 506 1463 550 ἐπὶ

0 2037 13 3304 -n————-—-———————--—-
0 2009 7 2029 v

191 582 272 625 τὸν
315 581 449 625 νότον
464 597 471 606 ·

534 582 660 638 (λέγω
700 581 745 624 δὲ
784 584 920 624 ταῦτα
959 578 1012 622 τοὶ
1047 579 1221 633 λέγουσι
1260 577 1459 634 Λίβυες·)

191 654 266 697 καὶ
311 652 403 696 ἐπεί
448 671 492 698 τε
537 654 735 708 ἐγίνοντο
781 653 828 696 ἐν
876 654 930 707 τῇ
970 649 1156 705 ψάμμῳ,
1205 647 1398 699 πνεύσας
1435 646 1459 692 ὁ

162 732 183 766 3
193 723 323 776 νότος
360 723 572 780 κατέχωσέ
613 735 764 779 σφεας.

130 927 373 975 „Herodotus
397 923 558 964 fabulam
582 936 621 960 se
649 922 796 960 tradere

133 984 285 1020 formula
302 984 483 1032 significat
502 981 665 1017 adiecta:
696 976 794 1030 λέγω

133 1037 177 1078 δὲ
204 1041 326 1078 ταῦτα
355 1036 402 1078 τὰ
432 1035 590 1087 λέγουσι
618 1035 794 1092 Λιβυεςς

132 1096 301 1146 qualibus
330 1097 442 1133 utitur
467 1094 503 1130 in
531 1092 704 1130 fabulosis
732 1097 795 1129 aut

131 1158 231 1190 certe
259 1152 366 1189 rebus
399 1150 532 1189 dubiae
559 1149 646 1187 fidei
683 1148 793 1197 [conf.

131 1209 194 1256 IV,
217 1210 309 1249 187.
330 1211 421 1250 191.
448 1204 554 1256 195].
584 1206 656 1249 Qui
676 1205 793 1243 lenem

131 1277 203 1301 non
223 1266 382 1302 sentiunt
399 1263 558 1302 historici
575 1262 692 1299 nostri
710 1275 794 1299 sua-

130 1322 299 1367 vitatem,
331 1321 561 1359 Herodotum
581 1319 627 1355 ob
648 1318 717 1356 ista
737 1324 793 1355 ta-

131 1378 201 1424 lia,
243 1378 272 1414 si
301 1377 423 1425 lubet,
468 1376 655 1424 exagitent
686 1375 792 1412 huius

131 1434 240 1472 seculi
261 1434 383 1484 sophi!
427 1433 530 1477 Quas
552 1433 791 1468 innumerabi-

130 1491 179 1527 les
200 1503 278 1528 esse
304 1491 429 1528 scribit
453 1489 552 1539 apud
574 1488 792 1525 Herodotum

128 1547 267 1584 fabulas
284 1547 360 1589 (De
380 1546 499 1594 Legg.
516 1545 544 1592 1,
567 1548 630 1591 1),
660 1558 707 1582 ne
726 1545 791 1581 Ci-

127 1616 211 1641 cero
239 1604 388 1652 quidem
417 1603 504 1639 vitio
533 1602 641 1638 vertit
677 1602 791 1637 histo—

126 1660 203 1697 riae
244 1660 339 1711 patri
380 1671 503 1707 neque
544 1657 790 1696 severissimus

126 1717 239 1766 ipsius
273 1715 502 1764 Thucydidis
547 1727 590 1752 ac
625 1715 789 1752 Platonis

127 1785 256 1810 censor
284 1771 619 1809 Halicarnassensis
645 1771 788 1820 Diony-

127 1829 221 1874 sius·‚
239 1829 301 1877 qui
320 1833 358 1866 et
379 1829 642 1878 antiquioribus
658 1832 695 1865 et
711 1827 786 1866 He-

126 1886 258 1922 rodoto
303 1898 454 1922 necesse
500 1885 612 1922 fuisse
661 1885 784 1929 docet,

126 1954 217 1991 quas
255 1954 277 1977 a
315 1941 463 1990 singulis
504 1941 575 1978 sibi
612 1941 784 1989 gentibus

127 1998 280 2034 traditas
304 1998 532 2047 accepissent
549 2026 559 2043 ‚
603 1997 785 2034 fabulosas

125 2055 234 2092 etiam
250 2055 476 2091 narrationes
494 2054 637 2090 tradere
647 2066 785 2091 memo-

125 2111 225 2156 riae,
260 2115 372 2159 atque
393 2110 443 2146 ita
465 2110 681 2149 ποικίλλειν
702 2113 784 2156 τοῖς

62 2163 63 2166 “
125 2163 360 2218 μυθώδεσιν
376 2165 614 2212 ἐπεισοδίοις
633 2162 703 2212 τας
723 2181 784 2205 το-

123 2221 245 2270 πικὰς
264 2219 503 2275 ἀναγραφάς
525 2222 572 2260 Τ.
585 2224 617 2259 11
639 2237 674 2273 p.
687 2225 782 2270 226,

123 2282 179 2322 32
197 2279 263 2331 [T.
281 2280 331 2317 Vl
355 2294 390 2331 p.
414 2283 495 2322 823
515 2278 698 2329 Reisk.].“
727 2278 783 2316 Ac

123 2338 210 2374 sane
228 2337 285 2374 hic
302 2336 401 2374 locus
420 2338 570 2385 insignis
593 2340 648 2374 est
670 2337 783 2373 docu-

123 2398 267 2439 mento,
308 2398 480 2443 quantam
500 2394 538 2430 in
557 2392 706 2441 singulis
725 2406 782 2431 re-

124 2449 189 2486 bus
207 2450 418 2487 enarrandis
436 2450 544 2487 crisin
560 2449 699 2487 Noster
714 2450 781 2486 ad-

124 2504 294 2552 hibuerit,
324 2519 379 2553 ea,
409 2519 505 2556 quae
523 2519 608 2544 vera
629 2506 697 2543 sibi
723 2507 775 2543 vi-

124 2561 295 2600 derentur
329 2567 393 2600 aut
429 2576 525 2612 quae
563 2575 650 2600 vera
693 2575 775 2600 esse

125 2617 207 2666 Ipse
224 2624 391 2668 expertus
411 2624 529 2666 esset,
559 2619 676 2670 probe
699 2619 775 2655 dis-

124 2686 276 2711 cernens
303 2675 348 2712 ab
374 2676 417 2712 iis
429 2705 440 2723 ,
469 2688 566 2725 quae
579 2675 690 2725 vulgo
704 2676 775 2713 etsi

123 2729 327 2768 dicerentur
347 2735 383 2768 et
399 2733 651 2779 crederentur,
681 2744 703 2768 a
723 2745 782 2770 re-

123 2798 203 2823 rum
231 2792 363 2824 natura
390 2787 584 2827 abhorrere
612 2789 781 2826 videren-

123 2847 190 2879 tur.
251 2843 292 2880 In
326 2855 399 2892 quo
435 2844 619 2894 scriptoris
658 2846 780 2883 studio

123 2911 207 2937 vera
230 2913 251 2937 a
274 2900 409 2938 fictitiis
430 2901 666 2949 secernendi,
706 2914 780 2952 quo

823 721 1156 777 ἐξαπολομένων
1193 719 1240 765 δὲ
1277 719 1459 768 τούτων,

851 922 933 972 ipso
957 920 1112 958 maxime
1136 919 1195 957 ille
1216 931 1239 956 a
1258 918 1514 969 Logographis

850 979 1029 1029 prioribus
1074 975 1219 1023 differt,
1267 975 1384 1013 latent
1425 976 1513 1012 artis

851 1035 998 1073 criticae
1021 1033 1147 1081 initia,
1184 1045 1294 1082 quam
1312 1032 1429 1081 magis
1450 1044 1514 1069 ex-

851 1091 983 1129 cultam
1010 1091 1283 1141 perfectamque
1311 1089 1425 1126 serior
1449 1101 1513 1126 ae-

851 1154 909 1186 tas
949 1147 1120 1186 exhibuit.
1180 1146 1291 1183 conf.
1338 1145 1512 1182 Creuzer.

850 1205 947 1243 Hist.
967 1205 1092 1241 Kunst
1112 1204 1148 1240 d.
1169 1203 1234 1239 Gr.
1252 1216 1288 1253 p.
1311 1204 1391 1242 102
1405 1214 1511 1250 seqq.

850 1262 905 1299 Ut
926 1262 975 1299 ad
996 1262 1111 1311 ipsam
1129 1259 1314 1297 Herodoti
1335 1259 1383 1296 de
1404 1257 1512 1308 Psyl-

849 1318 891 1355 lis
920 1318 1165 1355 narrationem
1194 1317 1363 1361 redeam,
1404 1314 1512 1351 mini-

850 1387 908 1412 me
928 1387 1007 1412 eam
1028 1375 1074 1411 ab
1094 1386 1138 1410 ea
1162 1372 1255 1409 illius
1275 1372 1436 1421 regionis
1455 1371 1513 1408 in-

849 1431 932 1469 dole
976 1430 1174 1468 abhorrere
1221 1429 1392 1473 credam,
1446 1428 1508 1465 ubi

846 1488 1031 1536 hodieque
1049 1491 1170 1523 tantas
1187 1497 1320 1522 arenae
1345 1484 1509 1522 turbines

847 1549 956 1582 vento
987 1543 1135 1581 excitari
1168 1542 1353 1587 scribunt,
1389 1545 1428 1577 ut
1452 1540 1509 1578 vel

847 1601 916 1651 ipsi
936 1601 1100 1637 homines
1119 1598 1338 1635 coniunctim
1356 1596 1514 1647 plerum-

848 1670 920 1707 que
957 1657 1046 1694 haec
1091 1655 1239 1692 deserta
1280 1658 1513 1704 permeantes

846 1726 958 1751 arena
980 1713 1215 1761 obtegantur.
1265 1712 1323 1748 Cf.
1344 1711 1507 1748 Heeren.

845 1771 957 1808 Ideen
980 1770 1025 1817 11,
1050 1772 1067 1809 1
1092 1783 1127 1819 p.
1151 1769 1245 1809 223.
1269 1767 1335 1807 52.
1373 1767 1504 1805 Ritter.

844 1827 959 1864 Erdk.
983 1826 997 1863 Ι
1028 1839 1064 1876 p.
1079 1823 1182 1872 934,
1227 1824 1291 1873 qui
1307 1824 1402 1862 bene
1424 1837 1506 1861 mo-

843 1889 907 1922 net
954 1883 1209 1920 Herodoteam
1255 1881 1503 1918 narrationem

841 1941 907 1977 sub
925 1938 1072 1976 fabulae
1085 1937 1280 1974 involucris
1297 1941 1502 1975 accuratam

840 1996 999 2048 prodere
1045 1998 1197 2031 naturae
1244 1992 1385 2030 illorum
1427 1998 1504 2030 tra-

840 2058 960 2090 ctuum
980 2051 1239 2100 cognitionem.
1269 2049 1386 2086 Valde
1406 2049 1501 2087 enim

841 2107 1036 2154 credibile,
1098 2106 1303 2155 Psyllorum
1350 2110 1499 2155 gentem

840 2177 1015 2215 aquarum
1041 2163 1165 2214 inopia
1185 2163 1234 2199 ad
1264 2166 1423 2200 extrema
1443 2175 1501 2200 re-

839 2223 984 2260 dactam
1020 2219 1183 2269 aliasque
1218 2219 1325 2256 sedes
1363 2224 1402 2256 ut
1429 2219 1498 2256 sibi

838 2281 1032 2328 quaereret
1067 2275 1316 2326 compulsam,
1360 2276 1397 2312 in
1430 2275 1499 2313 hac

837 2337 917 2386 ipsa
938 2333 1169 2385 profectione
1190 2332 1238 2369 ad
1259 2331 1338 2369 loca
1354 2331 1499 2369 Africae

835 2392 1008 2430 interiora
1041 2393 1078 2427 et
1114 2389 1263 2438 quidem
1300 2388 1500 2440 probabili-

834 2454 891 2487 ter
918 2449 967 2486 ad
995 2459 1075 2485 eam
1099 2450 1255 2493 terram,
1287 2459 1381 2495 quae
1401 2458 1499 2483 nunc

832 2509 982 2542 vocatur
1013 2503 1186 2547 Fezzan,
1235 2506 1351 2540 totam
1385 2502 1498 2539 inter-

831 2563 919 2599 iisse
947 2561 1061 2598 arena
1085 2559 1206 2597 ventis
1237 2558 1398 2597 adducta
1428 2559 1495 2596 ob-

831 2623 978 2657 tectam.

887 2672 935 2713 τοὶ
954 2671 1113 2725 ἔλυτρα]
1147 2673 1256 2710 Conf.
1281 2674 1374 2707 nott.
1396 2671 1444 2707 ad
1469 2670 1499 2718 l,

840 2731 932 2772 185.
953 2752 1010 2758 ——
1044 2731 1086 2767 In
1116 2741 1220 2778 seqq.
1248 2727 1359 2765 verba
1391 2723 1500 2772 ἐντὸς

837 2789 910 2837 τῆς
947 2782 1117 2837 Σύρτιος
1154 2786 1202 2823 de
1240 2785 1372 2820 minori
1397 2783 1500 2833 Syrti

837 2844 1047 2895 accipienda
1067 2846 1162 2880 sunt.
1205 2841 1314 2879 Conf.
1338 2844 1432 2877 nott.
1452 2838 1500 2876 ad

837 2901 900 2949 lv,
925 2902 1017 2942 169.
