1904 3304
447 270 531 309 536

837 266 1297 307 HERODOTl

417 380 704 426 3καλεῦνται,
736 373 852 429 φυλὴ
876 373 1036 430 μεγάλη
1065 375 1112 418 ἐν
1141 376 1339 433 Σπάρτῃ.
1377 383 1489 421 τοῖσι
1520 380 1564 422 δὲ
1591 380 1636 422 ἐν
1659 384 1712 437 τῇ

448 452 568 503 φυλῇ
607 444 742 501 ταύτῃ
781 443 967 499 ἀνδράσι
1007 444 1061 490 οὐ
1100 447 1184 503 γάρ
1219 447 1457 503 ὑπέμειναν
1486 450 1539 492 τὰ
1568 451 1710 502 τέκνα,

390 595 500 643 Spec.
524 592 538 627 I
568 605 603 641 p.
628 593 675 631 21
703 605 806 641 seqq.
853 593 976 630 Sturz.
1004 594 1053 630 ad

390 648 568 685 Hellanici
596 648 764 698 sragmm.
796 663 832 698 p.
853 651 906 691 89
928 651 1053 699 seqq.)

393 706 476 748 Quo
498 708 647 742 auctore
666 704 753 742 nihil
775 705 937 751 dubium,
967 706 1054 755 quin

398 761 562 809 Aegidae
588 761 633 797 ab
661 762 810 809 antiquo
846 763 931 799 inde
964 775 1054 800 aevo

397 816 565 865 Amyclas
586 816 700 866 (quae
722 819 807 854 urbs
818 816 1057 865 Achaeorum,

397 875 529 922 quibus
560 873 646 923 ipsis
678 875 789 923 igitur
812 874 970 923 Aegidas
991 876 1058 912 ad-

397 930 501 966 scribi
522 942 590 979 par
609 936 686 978 est,
717 936 794 967 tum
817 931 946 978 suerit,
975 931 1057 968 Do-

398 987 494 1022 ribus
518 987 680 1024 nondum
711 988 903 1036 ingressis)
931 992 1056 1024 tenue-

397 1043 468 1079 rint
487 1043 645 1092 indeque
677 1045 861 1080 coniuncti
884 1057 963 1081 cum
984 1042 1057 1080 Mi-

395 1099 475 1148 nyis
494 1098 635 1136 Lemno
655 1100 765 1150 pulsis
787 1100 946 1137 'l'heram
969 1113 1056 1137 con-

395 1156 563 1192 diderint.
623 1156 729 1199 Quae
760 1157 946 1205 quomodo
975 1170 1055 1193 cum

398 1212 576 1248 Herodoti
606 1213 725 1249 verbis
751 1212 932 1249 conciliari
963 1226 1054 1261 que-

394 1273 459 1304 ant
478 1268 646 1316 equidem
666 1281 742 1304 non
759 1273 953 1318 exputem3
984 1269 1054 1305 nisi

395 1324 625 1361 Herodotum
649 1325 740 1361 salso
771 1326 968 1362 tradidisse
995 1338 1056 1361 su-

393 1393 482 1417 mas.
552 1379 633 1417 Nee
675 1381 790 1430 magis
837 1386 1056 1430 congruunt,

393 1449 489 1484 quae
511 1436 605 1474 idem
626 1438 673 1474 de
690 1438 840 1487 Aegidis
864 1438 930 1475 illis
951 1451 1056 1475 enar-

396 1497 477 1539 rat,
523 1495 739 1531 sacerdotali
789 1495 911 1541 tribu,
960 1506 1057 1543 quae

398 1563 471 1585 non
490 1550 604 1586 multo
628 1556 714 1588 ante
732 1551 870 1588 Dorum
900 1551 1057 1587 invasio-

399 1619 481 1642 nem
513 1606 674 1654 Thebis,
722 1607 819 1644 unde
857 1620 878 1644 a
905 1608 1056 1644 Boeotis

397 1663 510 1699 fuerit
539 1662 665 1712 pulsa,
704 1664 911 1713 pervenerit
943 1664 1056 1712 Amy-

398 1718 470 1756 clas
489 1747 500 1763 ,
557 1723 732 1768 tanquam
779 1720 816 1755 in
865 1733 1057 1757 commune

399 1775 624 1811 Achaeorum
649 1775 929 1825 Minyarumque
948 1789 1055 1813 exsu-

397 1830 470 1867 lum
505 1831 796 1881 receptaculum3
836 1833 873 1869 in
901 1846 974 1881 quo
1002 1839 1057 1868 ta-

395 1899 478 1923 men
499 1892 627 1936 postea
649 1889 793 1925 demum
807 1917 817 1935 ,
848 1902 957 1937 quam
980 1888 1057 1925 Do-

397 1956 453 1980 res
481 1944 667 1992 regionem
690 1947 915 1994 occuparint,
944 1945 1059 1982 Phra-

395 2001 503 2036 triam
540 2001 776 2038 constituerit.
835 2002 943 2045 Quae
980 2002 1059 2051 ipsa

396 2056 542 2104 aliaque
558 2057 605 2093 de
620 2056 763 2106 Aegeo,
795 2058 916 2108 stirpis
934 2062 1059 2094 aucto-

396 2125 436 2149 re
485 2112 684 2162 Theraque
737 2114 880 2162 Aegida
931 2114 1059 2161 relata,

397 2172 572 2217 quantum
603 2183 625 2207 a
654 2171 868 2220 scriptorum
898 2176 1059 2207 veterum

398 2225 570 2262 recedant
604 2227 697 2273 fide,
746 2227 805 2263 vix
841 2239 1059 2276 quemquam

399 2282 546 2329 sugerit.

458 2334 567 2388 φυλή
589 2333 752 2389 μεγάλη]
781 2338 866 2389 Ipsa
886 2352 974 2376 voce
995 2353 1058 2390 με-

399 2389 498 2443 γάλη
539 2395 689 2431 indicari
726 2395 894 2445 opinatur
931 2397 974 2432 C.
1012 2396 1057 2432 O.

401 2449 539 2486 Miiller.
560 2451 780 2488 Orchomen.
813 2465 848 2501 p.
869 2453 973 2498 329,
1003 2452 1059 2488 hic

399 2518 471 2542 non
505 2507 552 2543 de
580 2508 675 2543 tribu
705 2504 878 2557 (φυλή),
919 2510 984 2545 sed
1012 2509 1059 2545 de

392 2562 563 2611 phratrc'a
589 2567 730 2600 tantum
755 2565 827 2612 agi.
870 2563 965 2601 Nam
986 2568 1059 2601 tres

396 2617 481 2654 olim
499 2620 655 2669 Spartae
678 2620 789 2656 fuisse
815 2621 929 2657 tribus
953 2621 1055 2669 (qw-

396 2671 484 2724 2029)
516 2688 589 2711 non
618 2676 721 2713 aliter
757 2682 867 2724 atque
904 2677 939 2712 in
979 2677 1056 2714 aliis

397 2730 536 2768 Dorum
557 2732 761 2768 civitatibus
786 2733 872 2768 satis
893 2738 1058 2778 constat3

397 2787 444 2824 de
465 2800 616 2835 quarum
644 2789 714 2825 una
743 2792 868 2825 tamen
887 2789 920 2826 h.
942 2789 964 2825 l.
984 2803 1058 2826 non

398 2845 632 2892 cogitandum
667 2856 748 2882 esse
781 2845 897 2893 quivis
927 2846 1061 2882 intelli-

398 2905 483 2947 get,
527 2900 587 2937 ubi
615 2913 683 2938 vox
707 2896 815 2951 φυλή
839 2901 955 2938 latiori
976 2915 1059 2939 sen-

1109 608 1152 632 su
1172 598 1385 647 accipienda
1412 599 1458 636 de
1485 604 1594 648 gente
1615 611 1642 634 s.
1665 598 1769 634 fami-

1109 652 1179 698 lia,
1231 666 1381 702 quarum
1420 655 1543 704 plures
1579 656 1627 690 ad
1660 667 1768 691 unam

1112 709 1340 758 eandemque
1374 711 1522 747 istarum
1563 711 1670 746 trium
1706 711 1769 747 tri-

1113 765 1223 802 buum
1271 767 1530 815 pertinuerint;
1588 766 1768 814 phratrias

1114 821 1291 871 appellari
1324 822 1445 858 licebit
1474 835 1553 859 cum
1572 822 1723 860 Miillero
1746 823 1768 859 l.

1115 879 1138 914 l.
1162 877 1238 914 coll.
1262 878 1350 915 Dor.
1381 878 1411 914 ll
1441 891 1527 928 pag.
1553 879 1606 916 77
1634 883 1708 914 not.
1731 880 1770 917 8.

1113 933 1249 982 Neque
1280 935 1390 971 etiam
1420 935 1469 971 ad
1503 939 1658 983 quatuor
1693 933 1769 970 illas

1113 990 1264 1040 phylas,
1333 1003 1428 1039 quae
1466 1003 1488 1026 a
1527 990 1770 1038 grammaticis

1113 1046 1267 1083 subinde
1294 1052 1641 1093 commemorantur,
1670 1046 1771 1083 Pita-

1111 1115 1210 1149 nam,
1233 1103 1397 1148 Limnas,
1430 1102 1613 1139 Messoam
1635 1107 1673 1139 et
1696 1102 1772 1150 Cy-

1111 1171 1281 1196 nosuram
1303 1159 1366 1207 (cf.
1387 1164 1479 1195 nott.
1503 1159 1550 1195 ad
1571 1159 1631 1204 lll,
1656 1158 1708 1198 55
1734 1172 1772 1208 p.

1113 1216 1207 1262 98),
1243 1228 1412 1264 quaeque
1435 1216 1484 1251 ad
1508 1215 1609 1261 loca,
1639 1215 1771 1263 quibus

1113 1271 1245 1320 singuli
1268 1272 1439 1320 Spartani
1460 1271 1668 1316 habitarint,
1689 1283 1772 1320 spe-

1113 1332 1232 1374 ctant,
1286 1327 1510 1375 Aegidarum
1556 1326 1690 1377 phylen
1732 1330 1773 1363 ut

1113 1384 1276 1432 quintam
1294 1382 1476 1421 retulerim
1492 1383 1547 1420 vel
1565 1384 1684 1433 potius
1705 1383 1774 1419 ad-

1113 1441 1278 1487 iecerim,
1349 1438 1582 1488 Amyclaeam
1637 1439 1773 1476 scilicet

1114 1498 1190 1533 sive
1203 1497 1422 1545 Aegidarum
1443 1497 1596 1541 tribum,
1617 1496 1655 1532 id
1672 1495 1772 1545 quod

1113 1553 1333 1601 quibusdam
1352 1553 1529 1602 placuisse
1541 1553 1662 1589 video.
1686 1552 1772 1588 Vid.

1113 1608 1254 1645 Miiller.
1277 1609 1363 1645 Dor.
1389 1609 1418 1645 ll
1448 1622 1531 1658 pag.
1555 1609 1607 1649 49
1628 1629 1683 1635 —
1702 1607 1770 1647 51.

1113 1667 1155 1702 C.
1178 1665 1238 1701 Fr.
1257 1666 1445 1701 Hermann
1467 1665 1598 1701 Lehrb.
1625 1665 1659 1700 d.
1680 1663 1774 1701 Hel-

1112 1722 1181 1759 len.
1205 1721 1474 1758 Staatsalterth.
1500 1720 1536 1771 ᾖ.
1562 1720 1614 1761 24
1635 1725 1711 1757 not.
1733 1721 1770 1759 9.

1169 1782 1270 1816 τοῖσι
1284 1775 1324 1815 δὲ
1344 1777 1384 1815 ἐν
1404 1779 1452 1830 τῇ
1465 1779 1575 1830 φυλῇ
1591 1772 1713 1829 ταύτῃ
1734 1790 1771 1814 κ.

1113 1849 1144 1872 τ.
1169 1835 1216 1883 λ.]
1238 1835 1375 1871 Eadem
1399 1835 1572 1871 orationis
1593 1837 1773 1869 structura

1114 1891 1344 1940 impeditior,
1387 1891 1433 1927 de
1463 1903 1535 1938 qua
1564 1889 1612 1926 ad
1633 1889 1772 1926 initium

1114 1947 1218 1984 huius
1238 1959 1318 1997 cap.
1337 1947 1563 1993 monuimus,
1606 1944 1686 1983 coll.
1711 1944 1772 1992 lV,

1120 2002 1210 2043 147.
1239 2003 1335 2040 Nam
1355 2015 1481 2040 sensus
1501 2009 1575 2040 est:
1606 2002 1656 2038 Hi
1677 2001 1773 2039 enim

1115 2060 1220 2096 huius
1240 2060 1356 2108 gentis
1378 2059 1463 2106 viri,
1493 2059 1626 2107 quibus
1645 2059 1680 2094 in
1702 2058 1774 2094 vita

1115 2129 1190 2152 non
1222 2116 1458 2153 remanebant
1490 2115 1588 2161 nati,
1640 2112 1773 2151 oraculi

1116 2173 1218 2209 iussu
1247 2176 1334 2221 (quo
1364 2172 1439 2209 scil.
1467 2171 1599 2209 malum
1631 2175 1773 2207 averte-

1116 2233 1197 2266 rent
1264 2228 1501 2277 sobolemque
1558 2226 1773 2272 servarent),

1116 2284 1290 2334 templum
1322 2285 1493 2321 furiarum
1510 2284 1589 2322 Laii
1608 2289 1644 2319 et
1659 2281 1772 2319 Oedi-

1115 2342 1222 2392 podis
1252 2345 1512 2378 exstruxerunt.
1570 2340 1627 2376 Ad
1655 2339 1773 2387 ipsum

1116 2404 1369 2447 argumentum
1399 2401 1543 2446 praeter
1574 2394 1774 2431 Wesselin-

1116 2455 1239 2502 gium,
1280 2454 1342 2503 qui
1373 2452 1498 2488 laudat
1523 2453 1680 2489 Pausan.
1710 2450 1774 2496 lx,

1118 2511 1142 2551 5
1174 2508 1210 2560 ἓ
1232 2511 1280 2556 8,
1333 2508 1546 2545 ΓαὶεΙιόη.
1584 2508 1672 2544 haec
1709 2506 1774 2543 ad—

1118 2567 1279 2616 scripsit:
1320 2564 1480 2610 „Dirc1e,
1511 2565 1642 2613 quibus
1665 2563 1775 2611 Aegi-

1118 2623 1244 2658 darum
1268 2622 1481 2671 progenitor
1500 2621 1678 2670 Oedipus,
1699 2619 1774 2656 Fu-

1114 2679 1174 2715 riis
1198 2678 1383 2726 agitatus,
1426 2677 1517 2714 filios
1548 2689 1633 2714 suos
1663 2677 1776 2713 devo-

1114 2735 1184 2779 vit,
1224 2747 1244 2770 a
1267 2733 1393 2770 Thera
1423 2734 1696 2782 quodammodo
1718 2745 1774 2769 re-

1116 2795 1297 2836 novatae,
1333 2789 1443 2826 silium
1470 2803 1510 2828 se
1533 2790 1675 2826 dicente
1705 2804 1772 2827 κα-

1116 2847 1318 2894 ταλείιινειυ
1351 2843 1414 2884 ὄϊν
1441 2845 1482 2884 ἐν
1512 2841 1689 2890 λύκοισι,
1718 2845 1775 2882 di-

1119 2907 1246 2939 cuntur
1297 2903 1502 2954 Oedipodis
1559 2896 1773 2952 Ἐριννύες.
