1904 3304
519 246 1088 286 MELPOMENE.

1148 246 1210 284 1V.
1418 248 1503 288 319

208 360 402 406 5διώκει,
445 358 520 402 καὶ
550 356 573 400 ὁ
601 355 724 401 κύων
755 356 906 412 ἔχεται.
962 355 1096 410 ’Υπὲρ
1136 355 1182 399 δὲ
1221 354 1414 408 τούτων,
1453 355 1503 399 τὸ

233 431 342 485 πρὸς
382 428 462 485 τήν
501 428 567 485 ἠῶ
607 427 889 472 ἀποκλίνοντι
930 428 1124 471 οἰκέουσι
1153 425 1334 470 Σκύθαι
1363 425 1502 478 ἄλλοι,

235 501 318 545 ἀπὸ
350 504 438 543 τῶν
467 502 708 556 βασιληΐων
727 499 945 543 Σκυθέων
963 498 1253 551 ἀποστάντες,
1283 497 1355 540 καὶ
1388 498 1503 541 οὕτω

117 574 179 618 23
238 571 494 627 ἀπικόμενοι
535 572 576 622 ἐς
616 576 775 614 τοῦτον
815 570 893 614 τόν
930 575 1086 627 χῶρον.
1146 569 1290 626 Μέχρι
1320 569 1399 625 μὲν
1439 568 1648 628 δὴ4οξ1ᾞζῇᾓ

231 649 305 700 τῆς
334 642 506 687 τούτων
540 646 628 686 τῶν
658 642 876 686 Σκυθέων
914 642 1077 698 χώρης,
1131 642 1218 684 ἔστι
1257 638 1283 696 ἡ
1326 644 1501 684 καταλε-

229 720 382 772 χθεῖσα
411 718 530 758 πᾶσα
559 712 711 765 πεδιάς
741 730 784 757 τε
814 713 961 769 γῆκαὶ
992 711 1232 768 βαθύγεος·
1271 710 1319 755 τό
1345 709 1387 755 δ’
1412 709 1499 754 ἀπὸ
1558 745 1572 763 0

1665 569 1729 603 hos,
1747 570 1777 597 in
1790 578 1838 597 ra-

1651 611 1675 628 is
1694 604 1838 631 montium

1563 637 1744 671 Argippaei:
1787 637 1838 664 ‹le-

1559 670 1731 696 scribuntur
1757 679 1775 697 a
1802 671 1836 698 fi-

1575 712 1671 738 ¹crura,
1706 704 1818 739 lingua,

1577 738 1649 771 iiltu,
1669 738 1746 764 victu
1775 747 1820 764 ino

1575 772 1639 797 ‘bus

1685 759 1834 798 exisiima-

201 786 414 839 Ξτούτου,
461 785 652 842 λιθώδης
687 784 728 828 τ’
771 784 858 828 ἐστὶ
892 784 964 827 καὶ
1006 785 1172 840 τρηχέη.
1232 781 1499 835 διεξελθόντι
1554 780 1741 840 {ione'apud
1767 805 1833 832 fini-

231 969 408 1010 οἰκέουσι
422 966 584 1009 Σκύθαι
599 967 725 1020 ἄλλοι]
735 971 837 1007 Ren-

173 1028 244 1065 nel.
275 1041 311 1078 p.
332 1027 413 1067 437
441 1028 507 1064 hos
526 1027 681 1075 Scythas
704 1028 739 1063 in
768 1029 834 1064 ‹le-

174 1085 303 1131 sertis,
342 1096 437 1133 quae
462 1096 557 1120 nunc
577 1084 763 1134 pertinent
788 1085 835 1121 ad

171 1141 326 1178 hordam
371 1141 528 1178 mediam
575 1145 611 1177 et
657 1141 833 1178 minorem

172 1197 429 1246 Kirgisorum,
460 1197 634 1242 collocat3
667 1198 834 1245 gubernii

174 1254 429 1301 Oremburgici
459 1258 600 1304 partem
635 1266 698 1290 eos
732 1254 835 1290 habi-

174 1314 271 1347 tasse
302 1310 377 1345 vult
398 1309 606 1347 Billerbeck
626 1309 647 1346 l.
665 1310 687 1346 l.
711 1324 744 1360 p.
767 1310 831 1350 25.

175 1365 226 1402 Et
246 1365 483 1403 voluntariam
508 1367 600 1403 hanc
622 1379 745 1403 eorum
767 1368 833 1403 mi-

174 1422 379 1470 grationem
414 1424 524 1460 fuisse
558 1436 578 1460 e
608 1436 697 1460 voce
733 1419 831 1462 (ἕπο-

175 1474 337 1524 στάντες
391 1480 663 1528 quodammodo
713 1480 832 1529 colligi

172 1547 282 1584 posse
303 1539 410 1584 putat
427 1536 583 1572 Heeren.
608 1535 720 1573 Ideen
749 1538 777 1582 Ι,
806 1541 832 1578 2

171 1603 258 1640 pag.
278 1592 384 1637 3023
423 1604 494 1640 qua
523 1597 621 1629 certe
650 1594 706 1628 vix
734 1593 831 1630 aliud

170 1647 218 1683 illi
239 1649 453 1697 spectarint,
494 1649 561 1685 nisi
590 1654 627 1685 ut
652 1649 829 1686 coloniam

170 1716 197 1739 s.
228 1704 353 1742 sedem
383 1717 514 1741 novam
536 1718 581 1743 ea
607 1711 830 1743 mercaturae

169 1760 207 1796 in
226 1760 283 1797 via
310 1762 536 1808 conderent,
577 1774 671 1811 quae
698 1763 744 1799 ab
766 1776 830 1799 ora

171 1816 277 1854 Ponti
297 1817 519 1867 coloniisque
538 1818 587 1855 ibi
606 1819 761 1856 conditis
781 1820 829 1856 ad

169 1873 360 1910 interiores
377 1874 487 1911 Asiae
508 1874 636 1924 plagas
668 1880 830 1913 montes-

170 1942 243 1977 que
277 1929 366 1967 Ural
403 1935 439 1967 et
478 1931 646 1979 regiones
679 1932 828 1970 ulterius

171 1986 256 2022 sitas
288 1986 449 2023 duceret.

358 2042 468 2093 Cap.
499 2042 634 2079 XXIII.

228 2093 370 2145 πεδιάς
390 2113 429 2136 τε
449 2101 500 2149 γῆ
519 2098 585 2136 καὶ
606 2094 826 2150 βαθύγεος]

171 2155 306 2192 Vocem
339 2152 481 2201 πεδιάς
512 2161 549 2192 et
578 2155 646 2192 hoc
679 2155 758 2192 loco
792 2160 830 2193 et

169 2211 263 2248 infra
291 2212 361 2259 IV,
385 2211 439 2252 47
473 2213 637 2257 obviam,
678 2213 830 2249 adiecti-

166 2280 249 2303 vum
280 2281 363 2306 esse
393 2274 518 2306 monet
548 2268 641 2304 Gail.
670 2269 828 2317 (Geogr.

168 2324 280 2361 minn.
305 2325 354 2361 ΙΙΙ
382 2338 417 2375 p.
443 2325 545 2372 243)
579 2325 649 2361 alia
681 2338 828 2374 quoque

167 2379 265 2417 haud
281 2393 397 2431 pauca
418 2381 576 2418 afferens
596 2382 772 2418 adiectiva
793 2383 829 2418 in

171 2437 322 2474 eandem
362 2437 538 2487 syllabam
581 2439 827 2478 terminantia.

171 2489 369 2544 βαθύγεος
402 2494 543 2531 exhibui
584 2507 663 2531 cum
696 2495 828 2543 Gaisfi,

170 2550 348 2597 probante
364 2550 567 2599 Schweigh.
581 2579 590 2595 ‚
622 2552 683 2600 qui
705 2555 827 2588 tamen

172 2605 208 2641 in
223 2609 321 2643 textu
334 2607 480 2643 retinuit
491 2602 717 2658 βαθύγεως,
728 2608 828 2656 quod

173 2660 288 2699 minus
308 2664 469 2700 Ionicum
489 2676 569 2701 esse
589 2664 727 2701 volunt.
768 2664 826 2701 Cf.

172 2715 235 2764 IV,
259 2721 349 2761 126.
390 2721 507 2757 Recte
528 2720 624 2757 tradi
652 2720 742 2758 haec
761 2733 829 2757 no-

171 2775 226 2809 tat
267 2775 446 2813 Gatterer.
498 2777 639 2814 Comm.
688 2778 824 2814 Societ.

171 2828 338 2880 Gotting.
358 2832 444 2869 XIV
472 2845 559 2882 pag.
579 2833 626 2880 5,
665 2847 745 2870 cum
766 2835 826 2871 via

169 2896 190 2920 a
218 2886 336 2936 Volga
362 2889 449 2926 inde
483 2889 592 2926 ducat
617 2902 684 2939 per
712 2889 822 2928 valles

894 983 989 1007 nunc
1009 982 1155 1018 quoque
1170 982 1287 1018 aeque
1304 982 1478 1007 amoenas
1498 974 1556 1007 at-

893 1041 965 1076 que
990 1027 1196 1075 frugiferas.

948 1079 1130 1132 λιθώδης
1152 1078 1182 1120 τ’
1205 1081 1285 1121 ἐστὶ
1307 1081 1373 1121 καὶ
1394 1081 1552 1133 τρηχέη]

892 1140 975 1176 Hoc
990 1141 1037 1177 ad
1054 1144 1246 1176 montanas
1265 1140 1446 1188 regiones,
1460 1152 1554 1188 quae

892 1198 938 1233 ab
959 1197 1100 1233 oriente
1119 1196 1286 1244 gubernii
1304 1197 1471 1233 Saratow
1499 1197 1555 1232 in-

892 1254 1051 1303 cipiant,
1090 1254 1215 1289 referri
1234 1252 1309 1289 vult
1332 1252 1552 1290 Maltebrun.

891 1310 1034 1347 Annall.
1062 1310 1097 1345 d.
1119 1310 1261 1358 Yoyag.
1284 1309 1315 1345 ll
1346 1321 1433 1359 pag.
1458 1312 1553 1349 372.

891 1366 939 1402 At
951 1367 1008 1403 De
1019 1367 1185 1413 Guignes
1199 1366 1331 1415 (Mem.
1354 1367 1401 1403 de
1413 1364 1552 1402 l'Acad.

892 1424 927 1459 d.
949 1423 1059 1460 Inscr.
1080 1423 1125 1459 T.
1146 1422 1287 1459 XXXV
1310 1436 1344 1472 p.
1363 1423 1465 1470 551)
1495 1421 1553 1458 hic

890 1480 1070 1528 cogitarat
1112 1480 1159 1516 de
1208 1479 1364 1515 desertis
1410 1478 1553 1525 chamo,

889 1536 999 1584 longe
1037 1535 1184 1584 lateque
1229 1535 1408 1581 extensis,
1456 1548 1552 1583 quae

890 1593 1016 1628 Sinam
1068 1592 1238 1629 euntibus
1295 1591 1552 1641 perlustranda

889 1650 972 1685 sint.
1017 1647 1075 1685 De
1106 1661 1177 1697 quo
1215 1661 1301 1685 mox
1336 1647 1551 1684 videbimus.

887 1705 995 1742 Nunc
1025 1704 1220 1742 afferamus
1249 1705 1341 1741 duos
1360 1704 1459 1741 locos
1481 1703 1552 1741 huc

887 1775 967 1798 cum
990 1762 1144 1799 maxime
1164 1761 1358 1808 facientes,
1395 1759 1550 1798 alterum

886 1818 1009 1855 Melae
1050 1818 1090 1864 I,
1129 1820 1180 1858 19
1211 1818 1295 1864 fin.,
1341 1817 1423 1866 [ubi
1454 1830 1552 1854 nunc

887 1876 982 1912 conf.
1025 1874 1061 1911 T
1063 1874 1243 1912 zschucke
1283 1879 1376 1912 nott.
1416 1886 1548 1922 exegg.

886 1931 968 1968 Vol.
993 1931 1043 1968 ΙΙΙ
1071 1931 1111 1970 Ρ.
1134 1932 1149 1967 Ι
1176 1945 1210 1981 p.
1236 1933 1317 1971 646
1347 1930 1425 1967 coll.
1456 1934 1547 1966 nott.

886 1988 978 2025 critt.
1008 2001 1044 2037 p.
1072 1987 1149 2028 651
1179 1987 1260 2024 Vol.
1281 1987 1314 2024 ΙΙ
1345 1987 1385 2024 P.
1410 1985 1454 2036 l.]
1485 1986 1548 2035 qui

886 2048 1082 2094 postquam
1105 2044 1356 2092 Thyssagetas
1386 2043 1547 2080 Turcas-

888 2113 960 2148 que
986 2105 1271 2146 memoraverat,
1311 2113 1390 2136 eum
1411 2100 1448 2135 in
1468 2112 1547 2135 mo-

888 2157 974 2192 dum
1009 2157 1148 2206 pergit:
1194 2156 1327 2201 „Tum
1367 2156 1546 2193 continuis

886 2212 1037 2261 rupibus
1068 2212 1140 2249 late
1169 2225 1300 2261 aspera
1334 2216 1371 2249 et
1399 2213 1549 2249 deserta

886 2269 1011 2317 regio,
1063 2270 1111 2306 ad
1150 2269 1389 2318 Arympleaeos
1433 2280 1548 2317 usque

887 2325 1118 2375 permittitur.
1175 2326 1245 2362 His
1265 2326 1449 2362 iustissimi
1469 2337 1549 2361 mo-

885 2395 964 2426 res3
992 2395 1058 2432 pro
1079 2382 1247 2419 domibus
1272 2394 1442 2427 nemora,
1482 2381 1547 2418 ali-

886 2443 1008 2476 menta
1020 2439 1166 2484 baccae,
1185 2443 1220 2475 et
1237 2439 1397 2475 maribus
1417 2442 1453 2475 et
1466 2438 1547 2475 foe-

885 2496 990 2532 minis
1020 2496 1120 2531 nuda
1147 2500 1231 2532 sunt
1262 2496 1393 2545 capita.
1443 2494 1546 2531 Sacri

885 2552 1008 2600 itaque
1030 2551 1230 2588 habentur:
1262 2552 1428 2600 adeoque
1446 2551 1544 2600 ipsos

886 2621 994 2645 nemo
1012 2609 1059 2645 de
1077 2612 1152 2645 tam
1173 2609 1257 2645 feris
1278 2608 1451 2656 gentibus
1468 2607 1545 2643 vio-

885 2664 947 2712 lat,
976 2668 1016 2701 ut
1037 2665 1114 2701 aliis
1133 2677 1281 2714 quoque
1302 2665 1350 2701 ad
1371 2677 1433 2701 eos
1457 2676 1545 2700 con-

882 2722 1020 2770 fugisse
1053 2734 1121 2771 pro
1152 2721 1253 2770 asylo
1294 2721 1385 2758 sit.“
1440 2718 1543 2757 Alter

883 2777 989 2814 Plinii
1020 2782 1076 2816 est
1103 2777 1201 2814 locus
1229 2777 1277 2814 H.
1306 2776 1354 2815 N.
1380 2777 1454 2822 VI,
1490 2774 1541 2815 14

882 2832 997 2885 (13):
1036 2856 1128 2881 „——
1156 2834 1285 2883 Ibique
1312 2833 1540 2882 Arimphaeos

882 2891 1062 2940 quosdam
1080 2891 1304 2940 accepimus,
1345 2889 1444 2925 haud
1466 2888 1540 2924 dis-
