1904 3304
403 240 487 283 170

798 240 1275 282 HERODOTI

407 347 477 402 δὲ,
508 347 580 392 καὶ
597 346 853 404 Ἀρμενίων,
881 350 954 395 καὶ
973 354 1058 394 τῶν
1075 352 1321 409 προσεχέων
1337 354 1457 411 μέχρι
1478 359 1560 400 τοῦ
1573 354 1675 399 πόν-
1688 363 1732 397 65

399 435 482 463 του
507 423 588 462 τοῦ
608 418 846 473 Εὐξείνου,
886 421 1142 476 τετρακόσια
1166 423 1368 469 τάλαντα.
1426 426 1562 482 νομός
1590 428 1676 481 τρί-

372 496 480 541 Ξτος
502 490 574 534 καὶ
595 489 774 543 δέκατος
798 486 937 544 οὗτος.
993 492 1097 538 Ἀπὸ
1118 495 1164 539 δὲ
1184 499 1467 552 Σαγαρτίων,
1499 497 1572 541 καὶ
1589 500 1677 540 Σα-

403 561 621 619 ραγγέων,
653 563 726 607 καὶ
749 566 1038 620 Θαμαναίων,
1070 566 1144 610 καὶ
1167 565 1361 621 Οὐτίων,
1395 568 1468 613 καὶ
1490 567 1677 619 Μύκων,

346 750 428 775 esse
440 738 642 787 suspicatur
661 736 758 774 idem
776 736 931 774 Rennel.
962 735 1014 774 At

343 793 565 831 Billerbeck.
595 793 616 831 Ι.
644 792 667 830 Ι.
690 806 774 844 pag.
801 795 851 833 13
883 794 931 830 ob
958 793 1013 830 lo-

345 863 408 887 cos
422 850 604 888 Herodoti
626 850 691 896 111,
711 853 790 892 102
811 855 847 887 et
869 850 932 897 IV,
957 850 1011 891 44

345 906 558 957 Pactyz'cam
575 907 623 944 ad
645 906 776 944 Indum
796 907 945 944 fluvium
963 908 1012 943 si-

345 968 422 1001 tam
451 965 561 1001 fuisse
582 964 679 1009 vult3
709 964 765 1001 cui
789 975 872 1001 mox
899 976 935 1014 p.
959 961 1010 1003 14

343 1025 421 1058 not.
460 1020 613 1069 Pactyes
644 1021 691 1057 ad
719 1020 792 1057 Oxi
822 1021 1009 1070 superiora

344 1077 383 1114 in
417 1076 522 1113 litore
556 1076 782 1115 meridionali
824 1077 1010 1114 habitasse

344 1133 568 1184 probabilius
602 1134 759 1171 videtur.
823 1133 880 1170 Tu
912 1133 1009 1170 conf.

342 1189 504 1227 Heeren.
526 1190 639 1228 ldeen
662 1189 689 1236 Ι,
709 1193 736 1229 2
759 1203 846 1240 pag.
868 1191 950 1230 289
973 1194 1011 1227 et

341 1245 552 1283 Maltebrun
583 1247 605 1283 l.
642 1245 664 1282 Ι.
698 1259 785 1296 pag.
814 1247 918 1290 340,
949 1247 1011 1295 qui

343 1302 553 1352 Pactyicani
572 1303 708 1340 hancce
730 1303 767 1339 in
786 1303 891 1340 terris
911 1302 1010 1339 Cau-

343 1359 451 1396 casiis
488 1359 702 1409 plerumque
735 1360 781 1397 ab
819 1358 1010 1396 Armenio-

341 1428 420 1453 rum
450 1415 604 1466 imperio
634 1416 931 1466 dependentibus
961 1416 1010 1453 si-

342 1477 416 1510 tam
439 1473 551 1510 fuisse
573 1473 839 1510 contendit.—
854 1472 913 1510 De
930 1472 1009 1510 He-

341 1529 462 1566 rodoti
493 1529 690 1575 Armenia,
735 1530 1006 1578 angustioribus

341 1585 475 1624 finibus
497 1585 647 1632 inclusa,
667 1586 739 1624 vid.
764 1588 792 1633 Ι,
818 1588 897 1627 180
917 1586 1005 1634 ibiq.

339 1646 431 1680 nott.
460 1646 499 1679 et
527 1643 574 1690 V,
598 1642 663 1682 52.
704 1642 736 1679 Ε
756 1644 926 1680 Strabon.
954 1642 1006 1679 xl

339 1713 376 1750 p.
396 1698 477 1739 530
499 1711 527 1735 s.
557 1712 641 1749 pag.
661 1700 744 1739 802
762 1700 805 1736 Β.
834 1698 1006 1736 Larcher.

340 1755 463 1801 affert,
493 1754 684 1792 Armenios
708 1761 853 1805 praeter
879 1756 1006 1792 tributi

341 1824 518 1849 summam
545 1813 622 1861 regi
642 1813 840 1861 quotannis
861 1813 909 1849 ad
935 1812 1007 1849 Mi-

341 1868 446 1906 thrae
491 1869 622 1906 festum
662 1869 838 1907 obtulisse
878 1869 1007 1918 viginti

343 1925 441 1962 mille
464 1939 579 1974 equos
601 1925 730 1975 pullos.

398 1977 493 2020 'Ano‘
533 1979 574 2020 δὲ
606 1980 856 2033 Σαγαρτίων]
887 1982 1007 2018 Huius

343 2039 526 2088 satrapiae
549 2039 688 2076 ambitu
713 2039 899 2075 Persidem
922 2051 1008 2088 pro-

342 2095 460 2145 priam
486 2094 643 2141 includi,
672 2096 781 2132 sitam
816 2096 912 2131 iuter
939 2096 1008 2130 Sa-

342 2163 523 2200 rangaeos
547 2158 582 2189 et
607 2152 789 2189 Persicum
812 2152 927 2188 sinum
952 2156 1008 2188 at-

343 2220 416 2256 que
447 2208 631 2245 ordinario
660 2210 795 2245 tributo
826 2213 1006 2245 exemtam

342 2268 438 2301 teste
460 2264 652 2301 Herodoto
671 2265 733 2312 ΙΙΙ,
750 2267 816 2310 97,
836 2264 934 2301 haud
952 2264 1007 2300 in-

342 2320 432 2356 iuria
453 2320 651 2358 observare
680 2321 823 2359 videtur
851 2320 1005 2358 Reunel.

338 2375 361 2412 l.
385 2375 409 2413 l.
432 2389 518 2425 pag.
541 2379 634 2418 508.
653 2399 707 2404 —
726 2377 784 2414 De
801 2376 1003 2425 Sagarim,

339 2444 434 2481 quos
451 2433 585 2469 incolas
599 2434 758 2482 regionis
772 2433 931 2481 Zagatai
944 2447 1003 2470 es-

339 2501 380 2526 se
405 2489 610 2540 suspicatur
627 2490 724 2526 idem
742 2489 917 2535 Rennel.‚
948 2491 1003 2525 ‹li-

338 2545 453 2582 ximus
475 2546 522 2582 ad
542 2546 567 2591 l,
581 2546 671 2586 125.
705 2547 746 2583 In
762 2545 887 2583 Media
901 2546 1004 2594 aqui-

338 2600 436 2638 lonia
462 2602 645 2640 habitasse
667 2615 741 2639 non
764 2603 1004 2652 improbabile

338 2657 482 2695 videtur
494 2658 639 2697 Gatter.
661 2659 729 2706 (ad
747 2658 963 2696 Billerbeck.
980 2658 1003 2696 Ι.

339 2713 363 2750 Ι.
385 2727 470 2764 pag.
497 2717 581 2762 16).
622 2716 781 2753 Gentem
806 2715 1003 2752 nomadum

344 2770 380 2808 in
404 2770 556 2809 Perside
575 2772 724 2822 propria
741 2772 853 2809 fuisse
874 2773 1005 2808 statuit

339 2825 563 2865 Maltebrun.
580 2828 604 2866 l.
626 2827 648 2868 Ι.
673 2841 758 2879 pag.
782 2830 875 2869 340.

397 2882 464 2923 καὶ
493 2883 756 2938 Σαραγγέων]
809 2884 1004 2934 Sarangas

1068 738 1224 776 Rennel.
1243 737 1264 775 l.
1276 738 1296 775 l.
1316 738 1467 777 collocat
1484 739 1520 776 in
1538 743 1634 777 terra
1652 738 1733 776 Za-

1070 808 1188 843 rang,
1215 808 1244 832 s.
1268 795 1450 842 Silaistan,
1480 801 1520 832 ut
1545 809 1642 833 nunc
1662 808 1734 845 ap-

1068 852 1235 902 pellatur.
1275 851 1336 889 Tu
1364 853 1438 889 vid.
1465 852 1545 899 Vll,
1571 855 1636 893 67.
1668 851 1734 899 ΙΙΙ,

1072 911 1151 948 117
1162 913 1199 945 et
1208 909 1435 958 potissimum
1448 909 1607 946 Heeren.
1622 908 1734 946 ldeen

1068 964 1096 1011 l,
1111 968 1129 1004 1
1154 977 1240 1015 pag.
1255 965 1349 1005 334.
1379 966 1512 1003 Ritter.
1529 964 1735 1002 Erdkunde

1066 1021 1099 1058 ΙΙ
1123 1034 1208 1071 pag.
1233 1024 1281 1061 18
1301 1034 1402 1071 seqq.
1427 1025 1476 1062 21
1499 1034 1602 1070 seqq.
1633 1020 1733 1059 Nam

1067 1077 1271 1115 celebratur
1290 1078 1380 1115 haec
1401 1079 1500 1127 regio
1522 1079 1558 1114 in
1573 1078 1732 1128 antiquis

1067 1134 1261 1171 Persarum
1275 1135 1534 1172 traditionibus
1545 1135 1732 1183 sacrisque

1067 1190 1165 1227 libris
1203 1191 1278 1228 sive
1315 1192 1558 1236 carminibus,
1593 1191 1732 1240 quippe

1067 1260 1165 1296 quae
1192 1247 1342 1284 heroum
1373 1249 1479 1285 sedes
1508 1253 1546 1284 et
1579 1248 1732 1284 deorum

1066 1304 1169 1353 quasi
1194 1305 1314 1353 patria
1336 1305 1454 1341 suerit.
1511 1303 1623 1347 Quod
1647 1315 1734 1340 vero

1066 1360 1244 1397 Valcken.
1266 1360 1313 1397 ad
1336 1360 1399 1407 ΙΙΙ,
1416 1363 1494 1401 117
1518 1355 1734 1411 Σαράγγας

1065 1421 1103 1455 et
1122 1412 1307 1468 Δράγγας
1331 1430 1398 1467 pro
1427 1429 1498 1454 una
1529 1417 1733 1465 eademque

1065 1478 1176 1522 gente
1196 1474 1320 1520 habet,
1340 1475 1398 1510 vix
1420 1474 1568 1510 dubium
1590 1473 1732 1510 videbi-

1065 1537 1125 1567 tur
1140 1531 1478 1579 pronuntiationem
1497 1529 1623 1567 literae
1638 1529 1732 1567 Saia

1065 1587 1257 1636 spectanti.
1316 1586 1406 1623 Inde
1435 1591 1532 1623 recte
1560 1585 1731 1635 Drangas

1065 1643 1103 1679 in
1124 1643 1251 1680 eadem
1279 1643 1428 1692 regione
1448 1643 1600 1691 Zarang
1621 1642 1733 1679 collo-

1065 1703 1124 1736 cat
1152 1700 1232 1735 Van
1271 1699 1336 1736 der
1367 1699 1467 1747 Chys
1505 1700 1731 1737 Commentt.

1064 1768 1195 1805 geogr.
1218 1756 1266 1792 ad
1289 1756 1429 1792 Arrian.
1459 1768 1544 1805 pag.
1569 1758 1634 1796 79.

1120 1813 1185 1850 καὶ
1201 1809 1458 1862 Θαμαναίων]
1484 1811 1729 1848 ΤΙιαηιαηαρο-

1063 1882 1161 1915 rum,
1190 1870 1251 1917 qui
1278 1869 1371 1906 infra
1395 1881 1541 1917 quoque
1562 1868 1625 1915 ΙΙΙ,
1650 1870 1729 1908 117

1064 1931 1413 1971 commemorantur,
1444 1926 1553 1962 sedes
1580 1937 1729 1962 accura-

1064 1983 1134 2019 tius
1155 1983 1316 2019 indicare
1342 1994 1416 2018 non
1437 1982 1552 2019 audet
1572 1980 1729 2019 chnel.

1064 2038 1086 2075 l.
1109 2039 1131 2076 l.
1157 2038 1375 2076 Billerbeck.
1403 2038 1424 2075 l.
1443 2037 1464 2074 Ι.
1493 2051 1577 2088 pag.
1603 2037 1654 2078 14
1679 2037 1728 2074 ad

1064 2096 1224 2133 medium
1235 2096 1353 2132 Oxum
1367 2107 1430 2132 eos
1448 2094 1630 2131 habitasse
1642 2106 1729 2131 cen-

1066 2157 1135 2198 set,
1151 2165 1243 2201 quos
1257 2151 1477 2188 Maltebrun.
1488 2150 1510 2187 l.
1526 2150 1547 2188 Ι.
1558 2164 1624 2201 pro
1636 2151 1729 2187 Car·

1065 2210 1208 2246 maniae
1241 2208 1366 2244 incolis
1398 2208 1530 2252 habet3
1568 2220 1636 2244 nec
1655 2207 1727 2243 alio

1064 2270 1204 2314 spectat
1215 2264 1465 2302 Valckenaerii
1475 2263 1666 2300 hariolatio
1677 2263 1727 2299 ad

1065 2322 1129 2368 ΙΙΙ,
1161 2323 1263 2368 117,
1295 2321 1356 2357 ubi
1385 2333 1450 2370 pro
1482 2320 1727 2370 Θαμαναίων

1063 2378 1208 2414 coniicit
1233 2377 1489 2426 Καρμανίων.

1104 2429 1346 2478 καὶΟὕτίων,
1358 2431 1424 2470 καὶ
1440 2426 1613 2480 Μύκων]
1624 2428 1725 2467 Utios

1061 2490 1215 2528 Rennel.
1236 2489 1258 2526 l.
1279 2490 1300 2526 l.
1320 2488 1557 2539 probabiliter
1573 2488 1724 2524 eosdem

1062 2560 1143 2584 esse
1156 2548 1242 2583 dicit
1255 2551 1366 2594 atque
1380 2544 1504 2590 Livius,
1517 2545 1577 2593 qui
1591 2544 1725 2581 Baete-

1060 2604 1132 2640 aris
1143 2609 1260 2640 terrae
1273 2603 1346 2638 sint
1356 2601 1526 2639 confines.
1545 2600 1674 2648 Uinios,
1685 2603 1723 2637 et

1061 2665 1254 2696 montanos
1270 2664 1304 2696 et
1323 2663 1560 2708 campestres,
1573 2661 1723 2706 gentem

1060 2715 1267 2753 bellicosam
1298 2729 1319 2751 a
1346 2715 1596 2765 septentrione
1631 2713 1722 2750 Per-

1059 2772 1160 2819 siffis,
1180 2772 1242 2808 ubi
1257 2771 1366 2808 hodie
1388 2773 1559 2809 Ascions.
1578 2771 1722 2815 Asciat,

1059 2829 1095 2864 in
1115 2829 1312 2874 montibus,
1326 2829 1388 2877 qui
1407 2827 1592 2865 Persidem
1606 2840 1628 2864 a
1640 2825 1722 2862 Me-

1060 2885 1121 2923 dia
1147 2885 1368 2934 seiungunt,
1409 2884 1574 2923 habitare
1614 2884 1722 2921 notat
