1904 3304
270 878 368 922 166
426 873 618 924 τέθνηκε-

98 940 370 981 Aryandosmgy-
430 942 622 997 ὕπαρχος
675 939 761 982 ’ὑπὸ
807 940 1052 996 Καμβύσεω
1102 939 1358 991 κατεστεώς·

115 976 156 1006 pti
174 979 311 1009 praetor
337 985 354 1002 a

98 1008 225 1042 Cdmbj5
229 1017 244 1035 e
262 1018 331 1035 con.
319 1010 371 1035 «ti-

117 1045 217 1072 tutus,
242 1050 346 1070 aurum

98 1060 236 1102 naricu'm
267 1080 296 1102 «t
322 1084 370 1102 ar-

95 1114 219 1142 geutum
228 1109 371 1144 Arynudi-

96 1150 172 1170 cum.

432 267 517 307 570

403 376 592 428 Ξπαῖδα,
631 372 856 429 φεύγουσα
895 371 1068 428 οἰχώκεε
1104 373 1148 424 ἐς
1177 374 1409 428 Αἶᾛγυπτον

816 264 1281 304 HERODOTI

1466 368 1578 429 ἦσαν
1605 373 1686 429 γάρ

432 447 475 488 οἱ
512 445 557 488 ἐκ
595 448 675 487 τοῦ
702 443 947 496 Ἀρκεσίλεω
991 443 1229 524 εὐεργεσίαι
1269 444 1310 493 ἐς
1338 443 1575 498 Καμβύσεα
1609 444 1688 487 τόν

430 515 588 568 Κύρου
625 515 927 570 πεποιημέναι·

988 516 1119 565 οὗτος
1156 514 1238 570 γὰρ
1273 515 1327 570 ἠν
1356 512 1379 556 ὁ
1406 512 1686 569 Ἀρκεσίλεως,

431 586 480 636 ὃς
520 585 729 642 Κυρήνην
759 584 976 641 Καμβύση
1018 585 1170 634 ε’δωκε,
1208 587 1279 629 καὶ
1319 584 1463 641 φόρον
1502 586 1687 636 ἐτάξατο.

400 658 678 712 δἈπικομένη
716 657 761 700 δὲ
793 657 835 707 ἐς
864 659 1088 711 Αἴγυπτον
1117 655 1143 713 ἡ
1177 658 1410 712 Φερετίμη,
1444 654 1742 708 Ἀρυάνδεωῖο

429 730 557 779 ἱκέτις
585 727 722 780 ἕζετο,
755 732 996 784 τιμωρῆσαι
1025 727 1164 784 ἑωυτῇ
1194 727 1455 771 κελεύουσα·
1488 735 1686 781 προϊσχο-

426 801 533 857 μένη
572 797 820 853 πρόφασιν,
860 797 917 848 ὡς
958 798 1030 842 ὁχιοέ
1069 799 1147 842 τὸν
1185 798 1402 854 μηδισμὸν
1439 797 1462 841 ὁ
1503 801 1603 846 παῖς
1642 798 1685 839 οἱ

674 868 722 911 Ὁ
762 869 806 912 δὲ
840 866 1077 926 Ἀρυάνδης
1106 865 1160 927 ἦν
1192 865 1319 920 οὗτος
1354 874 1431 925 τῆς
1460 868 1685 922 Αἰγύπτου

1425 939 1472 989 ὃς
1518 937 1685 994 ὑστέρῳ

395 1013 572 1071 Ξχρόνῳ
627 1009 794 1054 τούτων
850 1011 1165 1067 παρισεύμενος
1218 1013 1390 1067 Δαρείῳ
1454 1009 1741 1066 διεφθάρη.75

429 1254 534 1309 ἦσαν
566 1254 641 1310 γοῖρ
672 1258 714 1297 οἷ
739 1280 788 1286 —
811 1257 1030 1309 πεποιημέ-

367 1315 450 1366 ναι]
482 1316 654 1352 Habebat
675 1316 767 1352 enim
791 1315 849 1352 illa
872 1329 1031 1353 comine-

368 1386 510 1410 morare
531 1372 706 1408 beneficia
722 1373 770 1409 ab
788 1372 970 1409 Arcesilao
992 1374 1029 1410 in

371 1430 592 1478 Cambysem
614 1428 752 1465 collata.
800 1429 873 1465 Ubi
901 1429 1028 1465 vocula

370 1486 412 1524 οἵ
428 1486 574 1523 minime
592 1489 709 1522 vacat.
741 1485 798 1522 Cf.
820 1485 879 1531 W,
901 1488 978 1525 162
991 1489 1028 1522 et

367 1542 416 1578 ad
438 1554 512 1579 rem
537 1542 632 1580 conf.
654 1541 826 1589 Polyaen.
847 1541 946 1588 Vlll,
960 1541 1027 1588 47,

366 1620 422 1625 —
448 1597 654 1645 „Arcesilai
676 1610 748 1633 non
770 1598 931 1634 meminit
950 1598 1028 1634 He-

365 1654 518 1690 rodotus
539 1654 614 1699 ΙΙΙ,
651 1656 699 1692 13
715 1681 726 1700 ,
765 1655 827 1690 ubi
849 1655 1026 1690 donorum

367 1711 588 1747 mentionem
610 1710 718 1755 facit,
749 1711 795 1746 ad
818 1710 1026 1758 Cambysen

367 1778 390 1802 a
429 1767 626 1814 Cyrenaeis
663 1767 873 1803 missorum:
931 1779 1026 1815 quae

368 1823 515 1872 quidem
532 1823 627 1858 dona
641 1823 851 1871 neutiquam
867 1823 1026 1870 benigne

368 1879 586 1926 aCambyse
606 1884 753 1928 accepta
775 1892 855 1915 esse
874 1880 936 1924 ait,
959 1878 1027 1915 sed

367 1948 434 1984 per
453 1940 671 1971 contemtum
699 1934 866 1971 militibus
895 1936 940 1972 ab
965 1934 1025 1971 illo

367 1992 540 2040 proiecta.
571 1991 725 2027 Videtur
751 1992 885 2028 deinde
914 1993 1026 2027 Arce-

367 2047 475 2083 silaus
491 2047 627 2084 tradita
639 2047 811 2096 Cambysi
824 2048 1025 2095 Cyrenaica

365 2103 491 2140 melius
513 2104 560 2139 de
589 2102 648 2139 illo
671 2103 826 2140 voluisse
847 2104 1020 2140 mereri.“

366 2160 624 2207 Scltwec'gla.
691 2159 741 2196 At
787 2160 855 2196 nisi
903 2160 1020 2206 sallor,

363 2215 453 2253 haec
478 2216 558 2266 ipsa
576 2229 724 2253 munera
746 2220 830 2265 post
848 2217 1019 2253 traditam

362 2273 565 2321 Cyrenem,
603 2273 639 2307 in
662 2273 857 2308 deditionis
877 2273 1020 2321 signum

362 2331 472 2365 missa
500 2329 613 2365 suere.
643 2349 698 2355 —
738 2329 797 2365 Ad
819 2330 928 2366 verba
950 2324 1020 2376 φό-

362 2399 433 2432 ρον
456 2380 641 2430 ἐτάξαντο
663 2385 755 2420 conf.
779 2384 842 2430 ΙΙΙ,
870 2388 931 2424 13.
953 2387 1020 2424 97.

363 2440 496 2477 lncidit
519 2453 603 2476 vero
629 2440 696 2476 hoc
724 2441 758 2476 in
781 2453 864 2477 anu.
890 2441 969 2481 525
988 2455 1019 2478 a.

363 2497 448 2533 Chr.
471 2509 504 2532 n.
537 2497 594 2532 Ad
616 2495 716 2541 ἕζετο
737 2498 831 2533 conf.
854 2503 945 2533 nott.
971 2498 1019 2534 ad

361 2553 423 2599 lv,
448 2552 538 2592 145.
579 2553 841 2602 προΐσχεσθαι
865 2549 1019 2603 πρόφα·

365 2620 428 2646 σιν
444 2609 687 2657 praetemleree,
710 2613 913 2658 praetexere
933 2623 1019 2646 cau-

365 2677 460 2711 sam,
492 2670 529 2700 ut
550 2665 648 2710 ΥΙΙΙ,
665 2666 690 2704 3
721 2665 799 2709 (ubi
823 2667 935 2702 nostri
952 2666 1018 2702 loci

362 2734 437 2757 non
477 2722 664 2757 immemor
693 2721 906 2767 Valckeu.)
959 2722 1018 2770 xl,

368 2779 447 2816 137
468 2776 777 2823 c011.wss‚111
817 2777 987 2824 lll‚137,

532 2833 849 2882 Cap.CLxx1

419 2904 490 2940 της
502 2885 618 2941 Λιμ)
610 2904 707 2928 ιτου
728 2885 917 2942 ν’παρχος]
944 2889 1015 2934 Qui

428 1083 681 1139 πυθόμενος
730 1082 813 1138 γὰρ
864 1083 936 1126 καὶ
993 1082 1101 1126 ἰδών
1152 1087 1342 1137 Δαρεῖον
1393 1081 1686 1137 ἐπιθυμέοντα

1085 1259 1179 1297 idem
1206 1258 1314 1309 paulo
1336 1262 1420 1309 post
1441 1259 1570 1295 dicitur
1596 1254 1740 1307 ἅρχων,

1086 1317 1107 1352 i.
1129 1329 1160 1352 e.
1191 1319 1352 1365 satrapa.
1412 1314 1470 1351 Cf.
1502 1315 1550 1351 ad
1576 1314 1740 1351 Ctesiam

1085 1377 1213 1408 notata
1234 1385 1318 1421 pag.
1340 1374 1431 1412 122.
1457 1391 1511 1397 —
1549 1371 1637 1407 Mox
1657 1384 1739 1408 cuin

1085 1428 1275 1477 Schweigh
1308 1431 1343 1465 et
1354 1427 1471 1464 Gaisf.
1494 1427 1618 1476 scripsi
1639 1442 1738 1477 μνη-

1086 1481 1262 1534 μόσυνον
1284 1483 1435 1523 ἑωυτοῦ
1450 1482 1649 1530 λιπέσθαι,
1677 1484 1738 1519 ubi

1083 1541 1191 1589 xulgo
1214 1539 1357 1593 ἑωυτῷ,
1382 1540 1482 1588 quod
1501 1540 1632 1577 Matth.
1655 1539 1740 1576 reti-

1083 1598 1172 1633 nuit.
1213 1597 1331 1646 Supra
1350 1596 1395 1642 ΙΙ,
1423 1595 1500 1635 135
1525 1591 1574 1633 (ἕν
1567 1600 1653 1633 αθε
1658 1599 1739 1634 ῐναι

1082 1673 1138 1679 -
1161 1649 1415 1703 μνημόσυνον
1446 1650 1618 1702 ἑωυτῆς,
1657 1651 1736 1689 coll.

1082 1707 1148 1754 IX,
1173 1711 1245 1749 16·
1294 1704 1527 1760 μνημόσυνα
1551 1723 1611 1746 τοι
1633 1704 1737 1758 γνώ-

1083 1780 1160 1815 μης
1194 1767 1266 1816 τῆς
1312 1765 1409 1814 ἐμῆς
1450 1763 1738 1803 καταλιπέσθαι

1084 1821 1199 1860 θέλω.
1240 1822 1287 1858 Et
1308 1823 1358 1859 sic
1378 1821 1513 1858 Noster
1533 1823 1736 1870 promiscue

1084 1874 1338 1928 μνημόσυνον
1358 1883 1393 1915 et
1419 1874 1655 1928 μνημόσυνα
1681 1879 1737 1914 λι-

1082 1933 1231 1972 πέσθαι
1254 1935 1298 1980 ΙΙ,
1320 1936 1408 1974 136.
1431 1933 1522 1973 148.
1561 1934 1622 1980 Vl,
1644 1935 1735 1973 109·

1082 1990 1161 2036 VH,
1183 1993 1274 2031 2:26.
1307 1992 1360 2027 Ac
1378 1992 1478 2036 satis,
1505 1991 1645 2039 opinor,
1668 1990 1736 2026 hoc

1081 2060 1125 2084 ex
1146 2047 1223 2083 loco
1244 2051 1365 2097 patet,
1406 2047 1585 2084 neminem
1606 2059 1735 2083 numos

1081 2105 1246 2151 signasse
1282 2109 1366 2140 ante
1402 2102 1550 2140 Darium
1594 2116 1734 2151 regem,

1079 2172 1186 2208 quem
1228 2162 1346 2209 ipsum
1397 2160 1593 2197 memoriae
1645 2172 1734 2196 suae

1078 2217 1278 2253 servandae
1315 2220 1352 2254 et
1393 2216 1440 2252 ad
1482 2215 1732 2266 posteritatem

1075 2274 1341 2322 propagandae
1365 2285 1472 2309 causa
1490 2272 1642 2321 primum
1666 2284 1733 2306 nu-

1078 2341 1156 2365 mos
1183 2330 1327 2366 cudisse
1355 2341 1464 2378 supra
1491 2330 1562 2364 iam
1591 2328 1637 2363 ad
1669 2326 1730 2373 ΙΙΙ,

1078 2387 1132 2425 96
1156 2386 1382 2429 monuimus;
1423 2389 1461 2421 ut
1488 2396 1575 2420 sane
1604 2383 1627 2418 ii
1656 2395 1729 2418 non

1078 2442 1149 2477 sint
1177 2442 1369 2487 audiendi,
1410 2440 1471 2488 qui
1503 2438 1621 2475 Schol.
1650 2439 1730 2474 Ari-

1078 2498 1197 2547 stoph.
1225 2497 1359 2534 Eccles.
1389 2498 1469 2536 589
1493 2496 1603 2532 secuti
1624 2494 1730 2531 Dari-

1075 2567 1136 2590 cos
1167 2566 1295 2590 numos
1321 2553 1368 2589 ad
1399 2552 1506 2588 alium
1545 2551 1730 2599 quendam

1075 2611 1234 2646 eiusdem
1283 2608 1437 2645 nominis
1493 2620 1616 2655 regem
1673 2619 1731 2643 re-

1074 2666 1246 2701 mearint.
1292 2686 1348 2692 ——
1404 2662 1560 2714 βασιλέϊ
1602 2675 1728 2700 omnes

1074 2721 1155 2758 libri
1192 2722 1248 2758 hic
1284 2726 1402 2764 recte,
1443 2726 1587 2771 praeter
1619 2731 1729 2755 unum

1075 2777 1258 2814 Saucrosti
1295 2777 1444 2822 librum,
1482 2778 1517 2813 in
1553 2789 1625 2825 quo
1658 2776 1729 2825 βα-

1075 2836 1182 2872 σιλεῖ.
1229 2834 1336 2871 Cous.
1359 2835 1491 2871 Struve
1507 2832 1528 2869 l.
1547 2832 1568 2870 1.
1594 2832 1625 2869 ll
1641 2844 1727 2882 pag.

1078 2894 1140 2930 11.
1167 2893 1228 2930 12.
