1904 3304
458 217 542 259 23⁰

846 215 1318 254 HERODOTl

457 326 537 370 τὸν
564 328 694 382 χίλιοι
719 327 798 383 μὲν
820 324 1025 380 Περσέων
1053 323 1374 381 ἐδορυφόρεον,
1406 319 1488 378 εἶχε
1518 323 1564 366 δὲ
1590 324 1730 380 νομὸν

425 396 536 441 3τόν
573 414 618 441 τε
659 395 859 452 Φρύγιον
898 396 972 439 καὶ
1012 394 1183 440 Λύδιον
1230 397 1304 439 καὶ
1339 393 1546 438 Ἰωνικόν.
1606 395 1730 450 Πρὸς

451 472 589 511 ταῦτα
621 468 674 524 δὴ
706 463 769 511 ὦν
802 466 826 510 ὁ
856 471 1048 522 Δαρεῖος
1076 466 1179 510 τάδε
1211 465 1520 522 ἐμηχανήσατο.
1575 478 1731 522 συγκα·

456 539 582 590 λε’σας
614 537 818 595 Περσέων
847 538 952 590 τούς
982 538 1331 594 δοκιμωτάτους,
1363 535 1477 592 ἔλεγέ
1503 548 1583 592 σφι
1605 538 1728 581 τάδε·

429 608 551 663 4,,ἶΩι
578 610 768 665 Πέρσαι,
806 611 872 662 τίς
902 609 956 653 ἅν
985 626 1059 667 μοι
1088 614 1218 654 τοῦτο
1247 606 1396 664 ὑμέων
1422 605 1619 661 ὑποστὰς
1648 609 1731 653 ἐπι·
1743 614 1788 649 70

458 766 528 809 τόν
547 768 665 820 χίλιοι
676 764 747 820 μὲν
771 765 957 817 Περσέων
978 765 1066 806 2⁹60-

403 822 620 877 ρυφόρεον]
680 826 900 875 Opportune
942 828 1069 861 monet

404 884 564 921 Heeren.
587 883 699 920 ldeen
718 882 753 927 l,
788 883 808 922 1
835 894 870 931 p.
892 879 974 922 493
995 881 1068 916 sin-

403 941 509 990 gulos
536 940 639 988 regni
658 942 826 988 satrapas
849 937 927 987 pari
945 937 1069 983 modo,

403 1010 476 1046 quo
504 1009 677 1045 magnum
708 995 899 1032 Persarum
927 1006 1066 1042 regem,

402 1057 441 1090 et
461 1053 508 1089 ad
533 1053 608 1089 eius
640 1052 752 1102 ipsius
783 1051 980 1099 exemplar,
1000 1049 1069 1086 sibi

404 1109 510 1147 aulae
536 1109 689 1146 sormam
719 1106 975 1152 constituisse,
1013 1105 1069 1141 in-

404 1167 528 1214 deque
554 1178 617 1202 eos
646 1164 816 1202 habuisse
837 1175 920 1199 suos
942 1175 1070 1211 quem-

403 1235 477 1271 que
498 1223 645 1259 comites
665 1225 704 1258 et
728 1219 887 1265 aulicos,
916 1219 1070 1255 femina-

405 1292 484 1315 rum
508 1291 659 1327 gregem
677 1281 713 1315 et
732 1275 917 1313 eunuchos
937 1276 986 1311 ad
1003 1274 1069 1311 has

405 1334 679 1382 custodiendas,
699 1332 872 1384 palatium
894 1344 968 1369 una
988 1344 1070 1368 cum

405 1392 594 1442 paradiso,
622 1391 659 1428 in
681 1402 753 1439 quo
775 1389 870 1426 feras
891 1400 1070 1426 venaren-

406 1453 482 1494 tur,
503 1448 591 1497 quin
612 1448 712 1497 ipsos
729 1444 916 1491 satellites,
938 1444 1070 1493 quibus

405 1505 511 1542 cincti
523 1505 562 1541 in
577 1503 759 1554 publicum
776 1502 978 1552 prodirent,
998 1500 1070 1537 alia

405 1561 443 1597 id
460 1573 587 1610 genus.
638 1558 775 1607 Attigit
799 1558 888 1596 haec
905 1558 1068 1594 Brisson.

406 1618 454 1655 de
472 1630 550 1666 reg.
566 1617 668 1654 Pers.
686 1615 841 1666 princip.
863 1615 893 1661 I,
919 1613 1011 1654 175.

465 1669 542 1724 εἶχε
571 1670 614 1712 δὲ
642 1668 768 1722 νομὸν
795 1667 867 1710 τόν
898 1684 939 1709 τε
962 1665 1071 1721 Φρύ-

406 1744 495 1783 γιον
517 1745 550 1768 κ.
569 1744 600 1767 τ.
619 1727 664 1779 λ.]
697 1729 751 1765 Ex
772 1741 815 1765 eo
834 1729 914 1777 ipso
928 1756 938 1774 ,
968 1726 1070 1775 quod

407 1786 529 1838 plures
547 1788 797 1836 praefecturae
813 1785 861 1822 ad
879 1796 987 1821 unum
1004 1783 1070 1820 de-

408 1845 591 1881 ferrentur
624 1847 826 1892 satrapam,
867 1844 905 1877 ut
932 1839 1002 1876 hoc
1030 1851 1074 1876 ex

409 1900 490 1937 loco
513 1900 667 1936 subinde
686 1899 820 1935 factum
840 1910 920 1934 esse
941 1894 1075 1933 intelli-

411 1957 530 2007 gimus
557 1956 674 2003 (conf.
703 1955 814 1992 etiam
832 1954 994 1990 Brisson.
1025 1952 1074 1989 ‹le

409 2026 489 2062 reg.
508 2013 609 2050 Pers.
628 2012 781 2062 princip.
804 2010 832 2057 l,
855 2011 978 2058 170),
1006 2009 1074 2045 ho-

410 2083 490 2107 rum
508 2069 775 2119 praefectorum
794 2066 997 2117 potentiam
1017 2065 1074 2102 ni-

412 2127 480 2164 mis
505 2130 673 2171 auctam,
714 2124 857 2174 ipsique
880 2122 1072 2160 Persarum

409 2183 487 2231 regi
516 2181 755 2233 perniciosam
779 2181 914 2216 saetam
950 2179 1073 2226 fuisse,

410 2240 506 2277 bene
538 2238 673 2287 colligit
702 2237 860 2274 Heeren.
887 2235 917 2282 l,
941 2238 960 2275 1
987 2247 1073 2285 pag.

411 2295 493 2335 498
515 2307 615 2343 seq.,
659 2294 796 2343 quippe
821 2292 918 2329 unde
943 2304 1073 2341 super-

410 2353 540 2389 borum
556 2351 821 2401 praefectorum
838 2350 1000 2394 istorum,
1011 2347 1075 2395 qui

411 2408 533 2444 omnia
565 2419 632 2457 pro
661 2419 726 2442 suo
758 2405 894 2454 quique
924 2404 1073 2441 arbitrio

412 2464 681 2511 transigerent,
732 2462 840 2511 plane
876 2465 917 2497 ut
943 2460 1073 2508 reguli,

414 2520 511 2557 haud
541 2531 624 2555 raro
659 2518 832 2555 turnultus
869 2518 1075 2554 exstiterint

413 2576 711 2623 seditionesque,
769 2574 900 2622 quibus
945 2572 1074 2610 summi

414 2633 607 2670 Persarum
628 2631 723 2679 regis
746 2630 925 2680 potestati
950 2642 988 2666 se
1008 2642 1074 2679 pe-

414 2689 511 2726 nitus
523 2688 735 2724 subtrahere
751 2685 970 2723 studuerint.
1002 2686 1078 2721 Cu-

418 2747 474 2782 ius
494 2745 545 2782 rei
567 2743 670 2794 plura
690 2756 733 2780 ex
755 2743 947 2780 Persarum
965 2741 1081 2778 histo-

421 2803 473 2839 ria
490 2800 652 2851 exempla
673 2799 792 2837 attulit
808 2799 967 2836 Heeren.
987 2797 1009 2834 l.
1027 2797 1049 2833 l.

479 2854 571 2904 τούς
593 2850 902 2907 δοκιμωτάτους]
937 2854 1081 2892 ltacum

1125 766 1203 804 aliis
1221 765 1455 804 Florentinus
1482 764 1582 802 liber.
1625 764 1695 802 Alii
1723 767 1788 804 λο-

1124 819 1385 876 γιμωτάτους,
1415 822 1599 872 probante
1619 821 1786 870 Schwgh.

1124 885 1208 931 post
1246 879 1467 927 wesseling.
1476 907 1488 924 ‚
1538 879 1601 928 qui
1648 879 1789 915 confert

1124 937 1194 984 111,
1218 936 1282 977 65.
1314 936 1386 982 ΙΧ,
1412 935 1474 975 15.
1495 934 1560 975 24.

1179 988 1359 1038 ὕποστιὶς
1390 989 1619 1031 ἐπιτελέσειε
1646 987 1787 1043 σοφίῃ]

1126 1050 1226 1087 Citat
1258 1049 1349 1086 haec
1367 1048 1535 1085 Eustath.
1565 1047 1612 1084 ad
1633 1047 1735 1083 Iliad.
1754 1046 1787 1083 11

1125 1119 1162 1157 p-
1194 1107 1287 1147 222.
1320 1107 1397 1152 22,
1427 1117 1456 1141 s·
1481 1105 1582 1150 168,
1617 1105 1689 1149 19,
1725 1102 1787 1139 ubi

1126 1160 1328 1201 τελέσειεν.
1357 1161 1417 1198 Ad
1435 1172 1559 1197 vocem
1582 1159 1705 1212 σοφίῃ
1727 1159 1788 1196 Tu

1126 1219 1251 1256 confer
1280 1217 1357 1263 111,
1388 1215 1427 1255 4.
1462 1218 1538 1260 853
1586 1216 1635 1253 ad
1675 1215 1789 1252 dativi

1127 1288 1231 1312 usum
1259 1274 1297 1310 in
1318 1274 1374 1310 his
1403 1276 1443 1310 et
1464 1272 1699 1322 sequentibus
1718 1271 1788 1325 βίῃ

1127 1346 1167 1370 τε
1190 1329 1257 1370 καὶ
1277 1328 1398 1383 ὁμίλῳ
1418 1328 1551 1366 Matth.
1572 1329 1638 1365 Gr.
1661 1328 1726 1365 Gr.
1749 1328 1788 1380 ᾗ.

1128 1387 1210 1429 400
1235 1400 1289 1424 nr.
1313 1385 1338 1427 5
1359 1385 1449 1423 coll.
1466 1385 1607 1424 Herod.
1636 1385 1701 1432 lX,
1721 1384 1788 1425 59.

1128 1445 1186 1482 Ad
1209 1444 1320 1481 verba
1341 1442 1487 1492 σοφίης
1508 1440 1587 1481 δέει
1611 1442 1658 1479 ob
1686 1442 1792 1490 geni-

1126 1503 1239 1538 tivum
1259 1500 1353 1538 conf.
1374 1499 1510 1536 ibidem
1531 1512 1570 1548 p.
1594 1495 1687 1538 664.
1728 1498 1792 1535 Ci-

1125 1562 1181 1595 tat
1212 1557 1303 1594 haec
1330 1556 1411 1606 ipsa
1431 1555 1613 1592 Stobaeus
1641 1554 1714 1591 Tit.
1735 1553 1791 1595 48

1125 1615 1253 1664 p.326
1271 1625 1297 1649 S.
1311 1612 1392 1653 305
1406 1611 1484 1648 Vol.
1501 1611 1533 1648 ll
1552 1610 1669 1648 Gaisf.
1682 1632 1734 1637 —-
1750 1610 1791 1648 ln

1127 1671 1184 1716 iis,
1195 1681 1292 1719 quae
1304 1681 1387 1706 mox
1398 1680 1494 1717 seq.:
1509 1665 1644 1718 ὑμέων
1666 1663 1715 1717 δὴ
1733 1660 1793 1706 οἷν

1126 1726 1185 1773 τίς
1201 1741 1268 1776 μοι
1285 1740 1319 1764 κ.
1330 1740 1360 1763 τ.
1374 1727 1405 1762 λ.
1417 1753 1428 1771 ,
1445 1723 1659 1774 particulam
1680 1719 1730 1762 ἂν
1749 1723 1794 1760 li·

1128 1784 1331 1820 brariorum
1351 1782 1518 1818 socordia
1530 1780 1704 1818 excidisse
1715 1780 1793 1817 vult

1130 1840 1178 1877 W
1182 1840 1319 1877 erferus
1341 1839 1376 1874 in
1396 1837 1494 1875 Actt.
1512 1835 1791 1888 phill.Monacc.

1130 1897 1166 1943 l,
1196 1898 1221 1935 2
1251 1909 1286 1946 p.
1311 1896 1418 1942 257,
1457 1906 1679 1943 quamquam
1711 1893 1794 1943 ipse

1130 1953 1297 1989 nesciens
1310 1980 1321 1998 ,
1362 1963 1436 2000 quo
1457 1951 1537 1988 loco
1558 1949 1794 2000 probabiliter

1130 2008 1307 2059 particula
1327 2008 1375 2044 sit
1396 2007 1599 2044 inserenda.
1639 2006 1689 2043 At
1707 2018 1794 2043 vero

1131 2078 1212 2103 eam
1239 2065 1296 2102 hic
1319 2064 1466 2102 minime
1485 2063 1716 2101 inserendam
1736 2075 1794 2100 es-

1132 2134 1184 2170 se,
1204 2121 1336 2159 merito
1359 2125 1523 2158 statuere
1544 2113 1688 2157 videtur
1699 2119 1796 2156 Her-

1133 2191 1255 2216 mann.
1277 2178 1324 2214 ad
1345 2176 1468 2226 Viger.
1494 2190 1530 2227 p.
1551 2174 1646 2216 944.
1696 2174 1794 2212 Nam

1133 2247 1176 2272 ex
1197 2234 1501 2272 antecedentibus
1516 2232 1635 2269 verbis
1654 2230 1713 2277 τίς
1736 2228 1761 2269 ἅ
1772 2246 1795 2268 v

1132 2305 1199 2342 μοι
1233 2292 1350 2329 τοῦτο
1373 2311 1428 2316 -
1449 2286 1677 2327 ἐπιτελέσειε
1712 2301 1797 2338 par-

1131 2347 1238 2384 ticula
1267 2350 1388 2384 mente
1416 2345 1561 2393 quidem
1594 2345 1796 2394 repetenda

1132 2408 1170 2442 et
1190 2404 1238 2440 ad
1260 2415 1363 2451 seqq.
1384 2401 1649 2438 subaudienda.
1713 2401 1796 2437 Hoc

1133 2459 1284 2497 Graecis
1323 2460 1495 2494 usitatum
1536 2470 1617 2495 esse
1657 2457 1796 2507 optime

1131 2520 1258 2554 monet
1300 2515 1397 2552 idem
1437 2514 1670 2551 Hermannus
1684 2542 1695 2560 ,
1740 2520 1795 2559 ut,

1133 2573 1194 2609 nbi
1236 2572 1351 2607 oratio
1393 2583 1438 2608 ex
1477 2571 1619 2607 duobus
1654 2574 1797 2607 constet

1133 2628 1301 2665 membris
1315 2655 1326 2673 ,
1372 2640 1526 2676 qnorum
1546 2627 1697 2664 alterum
1715 2638 1794 2663 cum

1135 2684 1249 2722 altero
1279 2683 1334 2720 vel
1365 2683 1435 2720 alia
1468 2684 1610 2721 ratione
1640 2683 1794 2720 coniun-

1136 2745 1233 2778 ctum
1257 2741 1324 2785 sit,
1362 2740 1418 2777 vel
1442 2741 1517 2777 eius
1537 2740 1794 2790 repetitionem

1137 2796 1320 2846 quandam
1332 2797 1528 2843 contineat,
1544 2797 1581 2833 in
1592 2795 1797 2846 posteriore

1139 2853 1308 2891 omittant
1321 2849 1345 2892 ἅ
1352 2868 1384 2892 ν.
1414 2853 1493 2892 Nec
1503 2852 1606 2892 aliter
1617 2850 1748 2890 Matth.
1758 2851 1794 2887 in
