1904 3304
494 258 1046 297 MELPOMENE.
1107 259 1164 295 lv.
1378 259 1461 299 443

184 368 297 425 ἓῆδη
332 364 391 410 ὦν
431 367 472 417 ἐς
502 367 580 423 μὲν
612 366 754 409 Φάσιυ
791 366 875 409 ἀπὸ
916 371 995 410 τοῦ
1026 366 1259 422 στόματος,
1301 370 1508 418 (τοῦτο75
1520 363 1585 394 ⁰⁰³
1613 363 1724 390 ¹³⁰¹'¹¹¹⁹
1742 363 1792 390 ¹¹¹³*

1520 397 1727 431 longissimus,
1762 400 1794 423 et

1521 432 1568 458 ubi
1611 430 1791 457 latissimus:

208 438 289 494 γάρ
328 438 414 480 ἐστι
443 443 522 481 τοῦ
556 438 730 481 Πόντου
759 436 1081 493 μακρότατον,)
1117 435 1310 492 ἡμερέων
1339 436 1462 479 ἐννέα
1519 464 1791 498 0⁴,11maeabipw

1519 496 1669 525 Herodoto
1711 505 1792 523 men-

209 508 341 559 πλόος
361 509 469 555 ἐστὶ,
499 510 572 551 καὶ,
600 512 770 552 νυκτῶν
800 507 932 551 ὀκτώ·
975 503 1100 551 αὗται
1129 508 1280 551 ἕνδεκα
1308 505 1459 562 μυριά-
1535 539 1642 557 surae:
1680 534 1776 557 mater

208 581 275 630 δες
312 580 383 621 καὶ
423 579 578 623 ἕκατον
609 579 821 635 ὀργυιέων
850 580 1064 633 γίνονται·
1122 579 1166 621 ἐκ
1199 579 1243 622 δὲ
1273 581 1360 621 τῶν
1389 576 1460 630 ὀρ-

155 760 353 808 quingenta
369 760 488 796 stadia
510 757 621 810 (quae
641 756 805 794 undecim

154 818 230 853 sere
262 816 510 866 geographica
546 814 704 851 milliaria
745 824 805 849 ae-

153 873 287 921 quant)
304 872 375 909 diei
392 873 617 919 totidemque
635 869 750 906 noctis
769 868 805 904 in

154 929 423 977 navigationem
452 927 560 976 vulgo
579 926 678 976 apud
703 928 805 961 vete-

154 997 210 1021 res
234 985 410 1021 numerari
432 988 554 1021 censet
573 994 719 1031 quoque
729 981 804 1017 Ke-

152 1039 316 1090 phalides
333 1040 469 1076 Histor.
491 1052 578 1076 mar.
589 1039 697 1087 Casp.
719 1049 805 1086 pag.

156 1097 235 1136 105
256 1109 357 1144 seqq.
388 1096 552 1132 Calidius
572 1095 619 1131 de
636 1093 805 1131 Herodo-

153 1157 191 1189 to
208 1152 417 1202 pronuntiat
434 1150 585 1189 Rennel.
602 1163 686 1200 pag.
712 1151 806 1194 390,

155 1208 384 1245 Herodotum
408 1208 536 1244 diurna
560 1208 692 1243 itinera
718 1205 807 1242 falso

156 1277 337 1301 emensum
358 1276 436 1301 esse
455 1264 702 1308 contenden53
732 1274 808 1298 me-

156 1321 235 1366 lius,
257 1321 287 1356 si
310 1321 399 1369 quid
418 1321 548 1365 video,
573 1319 688 1365 Miot,
719 1316 810 1354 Gal-

156 1376 210 1413 lus
242 1378 420 1426 interpres
451 1378 487 1412 in
519 1380 608 1412 nota
635 1376 681 1412 ad
710 1374 743 1410 h.
772 1372 809 1419 l.‚

156 1445 228 1482 qua
249 1432 427 1469 Herodoti
447 1444 631 1469 mensuras
650 1443 729 1468 cum
749 1442 810 1466 ve-

157 1501 196 1525 ra
217 1491 323 1525 maris
346 1488 573 1537 longitudine
603 1488 694 1524 bene
722 1498 808 1522 con-

155 1557 284 1593 gruere
304 1546 472 1580 ostendit.
503 1545 544 1580 In
565 1542 721 1580 clausula
743 1542 807 1578 de-

156 1601 265 1649 nique
282 1601 419 1637 addere
436 1601 555 1646 iuvat,
586 1599 684 1647 quod
700 1597 807 1634 Man-

154 1661 245 1695 nert.
269 1655 290 1692 l.
311 1655 334 1692 l.
364 1668 406 1692 ex
425 1655 479 1692 his
498 1655 679 1691 Herodoti
700 1666 805 1691 men—

156 1713 248 1749 suris
274 1711 390 1761 colligi
412 1712 510 1758 vult,
548 1710 708 1748 Milesios
732 1709 805 1746 scil.

154 1774 230 1805 tum
252 1769 424 1818 temporis
448 1769 519 1804 iam
543 1767 653 1804 altum
681 1772 806 1804 tenere

155 1837 255 1861 mare
272 1836 380 1860 ausos
396 1825 567 1873 ipsosque
584 1828 712 1860 nautas
727 1835 806 1860 eam

155 1881 240 1917 artis
263 1881 429 1930 peritiam
453 1885 579 1917 nactos
612 1893 712 1922 esse,
754 1884 806 1924 ut,

156 1940 329 1984 quantum
367 1937 472 1985 spatii
503 1949 574 1973 uno
611 1937 670 1973 die
706 1936 807 1970 navis

159 1991 374 2037 conficeret,
424 1993 572 2029 definire
612 1991 807 2039 potuerint.

160 2048 270 2090 Quod
300 2048 347 2084 ad
378 2054 588 2084 nocturnam
609 2048 715 2084 Ponti
746 2059 810 2083 na—

157 2104 379 2151 vigationem
419 2105 566 2150 attinet,
616 2105 811 2140 etiamnum

158 2159 397 2209 periculosam
432 2161 478 2196 ob
505 2159 654 2196 nebulas
685 2163 811 2196 vento-

159 2228 310 2265 rumque
337 2216 408 2252 vim
438 2228 479 2252 ac
506 2216 655 2262 fluctus,
692 2215 811 2251 Kruse

158 2271 181 2308 l.
203 2271 224 2309 l.
260 2284 342 2321 pag.
365 2274 439 2319 20,
478 2276 652 2308 nocturna
683 2272 811 2307 itinera

158 2328 203 2364 ab
216 2328 406 2364 Herodoto
423 2333 553 2378 sponte
569 2329 711 2364 adiecta
732 2339 811 2363 esse

159 2397 325 2431 sumens,
363 2397 436 2433 quo
464 2385 576 2420 maius
607 2383 811 2421 efficeretur

159 2440 405 2487 intervallum,
446 2445 588 2478 veteres
622 2440 811 2477 contendit

160 2508 306 2544 prorsus
337 2497 557 2534 abstinuisse
587 2509 608 2533 a
636 2500 811 2532 nocturna

161 2552 411 2600 navigatione,
448 2553 692 2590 instrumentis
713 2565 808 2588 nau—

160 2607 236 2643 ticis
257 2610 467 2657 praesertim
489 2610 682 2647 destitutos
697 2613 809 2657 atque

162 2664 372 2700 accuratiori
409 2666 607 2714 navigandi
639 2671 718 2702 arte
751 2677 809 2700 ca-

162 2723 292 2756 rentes.
343 2720 453 2763 Quod
476 2723 561 2758 mihi
583 2722 729 2771 quidem
756 2720 810 2756 vir

162 2775 386 2812 doctissimus
421 2779 578 2815 nondum
618 2778 808 2828 persuasit,

163 2831 224 2878 qui
247 2832 342 2868 idem
368 2833 566 2880 rationem,
600 2847 693 2883 quae
717 2835 809 2870 inter

164 2886 292 2923 diurna
322 2900 363 2925 ac
398 2893 572 2927 nocturna
607 2891 809 2929 intercedat

1518 565 1602 592 Ponti
1626 564 1766 591 Maeotis.

862 756 1003 801 itinera,
1020 756 1112 792 falso
1134 756 1180 792 ab
1198 755 1389 793 Herodoto
1407 755 1513 805 prodi

862 811 1081 862 pronuntiat.

917 891 995 945 ἤδη
1026 887 1082 931 ὧν
1113 892 1152 939 ἐς
1181 891 1252 944 μὲν
1282 889 1409 933 Φοῖσιν
1435 889 1515 932 cino¹

861 952 933 989 τοῦ
954 944 1155 1000 στόματος]
1199 949 1256 987 Ad
1276 951 1410 987 Phasin
1438 950 1515 1000 ple—

861 1019 994 1056 rosque
1005 1011 1167 1044 veterum
1185 1006 1377 1057 scriptores
1396 1012 1516 1044 extre-

863 1076 959 1101 mum
977 1063 1227 1099 PontiEuxini
1248 1076 1430 1100 recessum
1450 1076 1518 1112 po-

863 1133 949 1157 nere
968 1120 1014 1156 de
1029 1119 1256 1167 longitudine
1268 1119 1376 1156 Ponti
1394 1119 1518 1168 dispu-

864 1180 1007 1223 tantes,
1036 1176 1206 1212 observat
1225 1176 1387 1224 Breiger.
1407 1174 1461 1211 l.l.
1482 1188 1518 1224 p.

865 1233 932 1272 38.
955 1253 1006 1258 -—
1030 1228 1178 1281 στόμα,
1207 1244 1236 1268 S.
1258 1231 1307 1267 Os
1326 1230 1434 1268 Ponti
1450 1231 1521 1279 (de

866 1300 937 1337 qua
974 1287 1220 1338 appellatione
1253 1288 1325 1324 vid.
1359 1287 1521 1338 pluribus

867 1348 1073 1381 monentem
1096 1343 1312 1381 Tzschucke
1339 1345 1385 1380 ad
1411 1342 1519 1380 Pom-

867 1413 952 1450 pon.
972 1399 1058 1439 Mel.
1079 1400 1115 1446 l,
1148 1401 1197 1440 19
1221 1405 1313 1436 nott.
1333 1412 1463 1448 exegg.
1483 1412 1519 1450 p.

869 1458 950 1496 570
971 1456 1050 1494 Vol.
1071 1456 1121 1492 Ill
1141 1456 1184 1492 P.
1208 1454 1262 1507 l),
1293 1469 1335 1493 eo
1352 1455 1430 1492 loco
1453 1468 1520 1505 po-

865 1513 982 1549 nimus
1002 1526 1080 1549 cum
1091 1512 1211 1549 Kruse
1224 1513 1246 1549 l.
1264 1512 1286 1551 l.
1311 1525 1346 1561 p.
1366 1515 1410 1552 11
1437 1525 1518 1560 sqq.

865 1570 918 1608 30
939 1581 1018 1616 sqq.
1039 1570 1092 1608 38
1116 1581 1219 1616 sqq.‚
1250 1568 1311 1604 ubi
1332 1568 1425 1604 Iovis
1440 1567 1519 1604 Urii

864 1625 931 1660 suit
963 1623 1161 1674 templum3
1201 1623 1357 1661 Anacloli
1389 1623 1518 1659 Kavak

864 1693 959 1716 nunc
976 1685 1121 1717 vocant.
1161 1679 1195 1716 A
1213 1693 1285 1729 quo
1307 1679 1385 1716 loco
1402 1692 1518 1728 usque

864 1737 912 1773 ad
942 1736 1071 1773 Phasis
1111 1737 1205 1774 ostia
1240 1737 1396 1786 spatium
1436 1748 1518 1773 esse

864 1791 999 1829 CXLII
1051 1793 1165 1830 ferme
1219 1793 1518 1830 Germanicorum

863 1848 1105 1885 milliariorum
1131 1850 1290 1886 tradunt.

921 1926 1038 1970 αὗται
1068 1931 1206 1971 ἕνδεκα
1236 1927 1424 1983 μυριάδες
1450 1929 1516 1969 καὶ

867 1985 1006 2027 ἑκατόν
1025 1983 1215 2040 ὀργυιέων
1234 1987 1425 2039 γίνονται]
1459 1987 1518 2023 Tu

865 2046 939 2081 vid.
963 2050 1057 2081 nott.
1077 2046 1126 2081 ad
1144 2045 1190 2090 ΙΙ,
1216 2047 1307 2085 119.
1354 2043 1409 2080 Ac
1428 2047 1524 2080 recte

867 2101 1005 2138 monuit
1041 2101 1424 2148 Schweighaemerus,
1470 2099 1525 2135 in-

866 2156 978 2204 telligi
1048 2159 1124 2197 111
1195 2157 1377 2206 myriades
1448 2155 1524 2191 sive

873 2215 1087 2258 1,110,000
1123 2214 1289 2261 orgyias·‚
1328 2213 1428 2250 unde
1451 2223 1524 2247 non

869 2282 958 2318 opus
983 2282 1062 2305 cum
1085 2268 1267 2306 Larchero
1297 2269 1333 2304 in
1354 2272 1444 2304 nott.
1472 2267 1520 2303 ad

867 2326 900 2361 h.
923 2325 945 2362 l.
968 2330 1005 2361 et
1022 2326 1184 2374 Breiger.
1206 2325 1226 2360 l.
1248 2325 1271 2362 l.
1291 2337 1375 2375 pag.
1399 2325 1451 2364 38
1470 2323 1521 2359 ita

867 2386 1108 2431 transponere
1135 2394 1259 2419 voces:
1291 2379 1428 2419 ἕνδεκα
1453 2378 1520 2417 καὶ

868 2435 1001 2476 ἑκατὸν
1066 2432 1255 2489 μυριάδες
1319 2433 1516 2487 ὀργυιέων-

865 2495 960 2531 Add.
991 2494 1111 2532 Kruse
1139 2494 1160 2531 l.
1186 2494 1209 2531 l.
1229 2508 1314 2544 pag.
1338 2497 1363 2534 9
1388 2494 1424 2530 in
1442 2497 1518 2529 not.

867 2550 956 2587 Inde
976 2550 1082 2600 paulo
1099 2551 1246 2589 inferius
1268 2564 1349 2588 cum
1366 2553 1517 2587 recentt.

867 2607 953 2644 edd.
1005 2607 1147 2643 exhibui
1185 2611 1289 2656 τρεῖς
1332 2601 1518 2657 μυριάδες

865 2661 932 2701 καὶ
950 2658 1182 2713 τριήκοντα,
1212 2664 1275 2700 ubi
1292 2663 1399 2712 vulgo
1416 2664 1519 2712 τρεῖς

865 2718 931 2757 καὶ
945 2715 1156 2770 τριήκοντα
1177 2716 1387 2771 μυριάδες-ς
1407 2730 1515 2767 quem

866 2776 1029 2813 ordinem
1059 2777 1249 2814 verborum
1280 2776 1426 2814 retineri
1445 2773 1519 2810 vult

865 2844 994 2871 censor
1014 2833 1174 2871 lenensis
1198 2832 1327 2880 (1817
1353 2844 1407 2869 nr.
1439 2831 1518 2870 162

864 2901 950 2939 pag.
973 2887 1085 2941 364).
