1904 3304
577 238 926 280 THALIA.
984 238 1046 277 111.
1391 238 1437 278 11

148 355 269 400 Ξέπεί
297 369 342 398 τε
369 350 549 408 τάχιστα
578 350 833 407 παρέλαβον
851 350 1092 406 Αἴγυπτον.
1147 346 1252 390 Τότε
1283 346 1330 389 δὲ
1361 344 1443 389 οὐκ

174 426 324 477 ἐόντος
362 440 426 468 κω
464 422 626 474 ὕδατος
655 423 856 479 ἑτοίμου,
904 419 1145 476 Καμβύσης
1184 416 1446 473 πυθόμενος

172 502 253 542 τοῦ
277 494 636 557 Ἁλικαρνησσέος
665 496 833 548 ξείνου,
873 492 1044 549 πέμψας
1073 490 1194 544 παρὰ
1222 489 1302 532 τόν
1328 487 1448 544 Ἀρά-

172 573 274 628 βιον
312 566 545 624 ἀγγέλους,
598 567 672 610 καὶ
712 565 883 622 δεηθεὶς
921 568 997 619 τῆς
1038 561 1278 618 ἀσφαλείης
1319 561 1505 617 ἔτυχε,15

175 642 316 692 πίστις
347 636 455 688 δούς
483 653 528 680 τε
562 637 637 680 καὶ
668 636 899 692 δεξάμενος
929 633 1037 689 παρ’
1069 632 1224 677 αὐτοῦ.

83 715 115 759 8

287 710 507 766 Σέβονται
546 709 593 753 δὲ
625 707 818 764 Ἀράβιοι
847 709 990 757 πίστις
1030 703 1282 759 ἀνθρώπων
1314 700 1450 758 ὁμοῖα

1510 698 1639 726 Arabum
1673 697 1786 730 quanta

1507 733 1602 765 fides,
1632 732 1680 765 qui
1711 730 1787 756 ritus

1507 768 1536 794 in
1558 764 1681 792 foedere
1712 762 1786 790 saci-

171 787 285 826 τοῖσι
314 780 513 837 μάλιστα.
566 786 794 825 ποιεῦνται
836 780 881 824 δὲ
923 776 1058 827 αὐτὰς
1087 773 1236 832 τρόπῳ
1267 776 1462 832 τοιῷδε··
1507 800 1603 834 endo,
1650 798 1700 833 qui
1727 796 1788 831 nn,

1508 842 1585 868 quac
1610 833 1788 868 capillorum

173 858 263 897 τῶν
300 851 583 910 βουλομένων
621 851 674 896 τὰ
711 850 840 896 πιστοὶ
872 850 1128 899 ποιέεσθαι,
1173 847 1306 897 ἄλλος
1337 844 1448 902 ἀνὴρ
1508 873 1644 895 mnsam,

178 923 442 982 ἀμφοτέρων
482 922 628 968 αὐτῶν
668 924 716 968 ἐν
749 923 866 981 μέσῳ
901 920 1078 971 ἑστεώς,
1120 921 1231 978 λίθω
1273 917 1362 986 ὀξέϊ
1400 916 1450 960 τὸ

177 996 261 1040 ἔσω
299 999 388 1039 τῶν
425 1000 582 1051 χειρῶν
615 995 735 1051 παρὰ
764 995 869 1046 τοὺς
900 990 1146 1043 δακτύλους
1175 988 1283 1040 τούς
1320 986 1509 1045 μέγα-20

148 1071 286 1118 Ξλους
326 1065 548 1122 ἐπιτάμνει
596 1072 686 1110 τῶν
735 1065 1011 1121 ποιευμένων
1050 1063 1126 1114 τὰς
1165 1063 1323 1111 πίστις·
1380 1060 1453 1103 καὶ

177 1138 320 1182 ἔπειτα
359 1138 508 1194 λαβὼν
558 1138 605 1182 ἐκ
641 1142 723 1182 τοῦ
764 1139 940 1193 ἱματίου
983 1135 1192 1189 ἑκατέρου
1238 1132 1450 1188 κροκύδα,
1510 1143 1589 1182 197

177 1208 345 1266 ἀλείφει
373 1213 435 1269 τῷ
466 1211 615 1266 αἵματι
644 1210 691 1254 ἐν
721 1211 835 1266 μέσῳ
867 1208 1095 1264 κειμένους
1137 1207 1294 1257 λίθους
1326 1203 1452 1247 ἑπτά·

178 1361 253 1398 τοῦ
278 1357 604 1412 Ἁλικαρνησσέος
631 1359 781 1411 ξείνου]

120 1414 407 1467 Ἀλικαρνησσέ
420 1432 440 1456 ο
453 1433 472 1464 ς
507 1430 549 1454 ex
571 1418 785 1455 Florentino

122 1473 292 1522 binisque
326 1472 404 1510 aliis
433 1474 555 1524 recepi
584 1474 682 1511 libris
718 1487 785 1524 pro

123 1529 220 1578 vulg.
255 1527 644 1580 Ἁλικαρνησσῆος,
684 1530 785 1580 quod

122 1586 218 1623 idem
243 1587 431 1624 damnavit
454 1588 589 1624 Struve
615 1589 651 1624 in
674 1587 784 1637 Spec.

120 1642 167 1680 11.
198 1642 351 1686 Quaest.
372 1644 420 1681 de
435 1644 617 1681 Herodot.
634 1643 717 1680 dial.
746 1657 784 1694 p.

126 1700 146 1738 1
168 1712 274 1749 seqq.
302 1701 363 1740 16.
405 1700 503 1738 Illam
530 1700 721 1738 lectionem
751 1702 788 1738 in

123 1757 287 1794 seeundo
319 1757 497 1794 vocabulo
531 1758 670 1794 exordii
698 1757 726 1803 Ι,
764 1759 783 1796 1

122 1824 145 1850 a
177 1826 237 1850 me
275 1818 448 1864 receptae
491 1814 788 1852 substituendam

123 1869 301 1906 existimo.
346 1892 391 1898 -
448 1869 507 1907 Ad
546 1871 788 1908 accusativum

124 1925 255 1972 πίστις
284 1928 380 1964 conf.
408 1926 542 1964 Matth.
564 1928 630 1964 Gr.
658 1927 725 1964 Gr.
747 1924 788 1978 §.

127 1983 180 2023 80
200 1987 278 2019 not.
297 1985 335 2023 6.

345 2085 454 2135 Cap.
481 2085 575 2123 VIII.
600 2082 604 2085 ’

183 2149 303 2203 ὁμοῖα
323 2155 426 2190 τοῖσι
447 2148 629 2203 μάλιστα]
661 2152 720 2190 De
738 2151 792 2189 lo-

125 2209 269 2246 cutione
302 2209 374 2245 vid.
405 2208 536 2246 Matth.
569 2210 636 2248 Gr.
657 2210 722 2246 Gr.
755 2206 792 2259 ἓ.

126 2267 210 2306 290
233 2269 270 2303 et
291 2266 386 2302 conf.
411 2265 475 2309 Ill,
509 2268 574 2305 57.
624 2266 794 2314 Sequen-

126 2322 177 2358 tia
204 2322 317 2359 verba
345 2323 397 2358 sic
421 2322 606 2371 intellige:
661 2323 702 2358 Si
731 2322 793 2371 qui

126 2377 241 2415 velint
259 2379 390 2416 foedus
410 2379 501 2416 inire
529 2392 668 2424 secum,
700 2378 792 2416 alius

127 2435 278 2485 quidam
302 2435 356 2471 vir
375 2436 471 2473 inter
490 2440 685 2485 utrumque
706 2434 794 2485 (pa-

128 2491 324 2529 ciscentem
346 2493 416 2538 sc.)
433 2493 575 2542 medius
596 2492 792 2529 collocatus

127 2547 250 2598 lapide
278 2552 385 2585 acuto
407 2549 616 2586 interiorem
647 2561 792 2586 manum

130 2604 319 2653 utriusque
338 2604 445 2650 illius,
475 2606 536 2654 qui
555 2606 687 2642 foedus
703 2606 794 2641 inire

129 2660 237 2708 velit,
266 2661 368 2698 iuxta
388 2661 553 2711 pollicem
579 2662 704 2699 incidit
724 2666 794 2699 etc.

187 2715 230 2755 ἐκ
257 2719 329 2755 τοῦ
364 2717 523 2767 ἱματίου
551 2716 794 2768 ἑκατέρου

129 2768 290 2824 κροκύ
308 2772 389 2824 δα]
455 2774 554 2812 Male
604 2775 677 2811 duo
715 2775 796 2811 libri

129 2829 321 2881 κροκίδα;
360 2830 487 2879 reliqui
524 2831 714 2881 vulgatum
739 2835 796 2868 te·

131 2889 232 2925 nent.
255 2885 383 2924 Pollux
399 2886 481 2935 VII,
499 2889 552 2927 63
569 2901 608 2940 p.
620 2889 702 2929 732
724 2888 795 2925 ita:

842 1357 944 1412 λέγει
977 1353 1052 1398 οὖν
1080 1354 1313 1409 Ἡρόδοτος·
1355 1350 1511 1405 Λαβιδν

843 1414 1040 1465 κρόκυν
1067 1414 1110 1454 ἐκ
1137 1416 1211 1453 τοῦ
1233 1411 1402 1463 ἱματίου.
1434 1411 1512 1448 De-

842 1474 928 1510 inde
951 1485 994 1510 ex
1016 1471 1263 1522 Aristophane
1277 1469 1404 1506 laudat
1421 1482 1511 1518 κρο-

841 1525 957 1568 κύδα.
992 1529 1229 1577 Significatur
1242 1527 1381 1576 floccus
1404 1525 1513 1575 plane

843 1590 883 1623 ut
920 1587 956 1622 in
992 1585 1240 1635 Theophrast.
1270 1583 1445 1619 charact.
1485 1583 1511 1619 2

845 1643 994 1692 aliisque
1014 1643 1104 1678 locis
1128 1654 1150 1679 a
1174 1638 1397 1687 Wesseling.
1419 1637 1516 1674 indi-

845 1701 947 1736 catis.
990 1698 1061 1735 Pro
1086 1695 1275 1748 ἑκατέρου
1298 1696 1406 1732 iidem
1432 1694 1516 1731 libri

847 1755 898 1795 ἓκ
911 1751 935 1794 οἱ
948 1767 1074 1794 στου.
1107 1754 1319 1805 Perperam.
1342 1751 1516 1801 Namque

845 1808 1031 1862 ἑκάτερος
1059 1812 1214 1858 dicitur,
1251 1823 1331 1847 cum
1362 1813 1517 1857 uterque

846 1870 1035 1908 seiunctim
1053 1881 1158 1905 suum
1175 1867 1331 1917 quisque
1351 1865 1516 1916 peragit3

847 1921 1091 1977 οἷμφότεροι,
1131 1937 1211 1961 cum
1234 1928 1392 1972 uterque
1419 1923 1515 1959 idem

847 1984 976 2021 eadem
995 1983 1033 2019 in
1048 1995 1088 2019 re
1107 1981 1198 2030 agit.
1258 1980 1348 2017 Post
1366 1978 1517 2016 Ammo·
1560 1986 1564 1991 '

848 2040 946 2077 nium
967 2039 1014 2076 de
1041 2039 1160 2076 differ.
1179 2037 1332 2073 vocabb.
1354 2048 1441 2086 pag.
1463 2032 1516 2073 14

848 2096 1010 2142 monuit,
1039 2095 1110 2131 hoc
1136 2094 1215 2130 loco
1245 2092 1379 2138 allato,
1411 2091 1518 2140 Wyt—

849 2151 1017 2190 tenbach.
1043 2151 1091 2187 ad
1115 2149 1300 2187 Plutarch.
1323 2147 1467 2186 Morall.
1487 2147 1517 2193 Ι,

850 2211 877 2248 2
907 2221 994 2259 pag.
1016 2209 1124 2247 1060
1143 2219 1223 2256 seq.
1265 2205 1326 2244 Tu
1348 2206 1443 2242 conf.
1462 2205 1519 2241 in-

849 2266 905 2303 fra
923 2265 970 2301 lll
983 2293 993 2311 ,
1027 2266 1091 2303 12.
1109 2266 1174 2303 60.

907 2317 1062 2370 ἄλείφει
1099 2340 1155 2347 —-
1191 2318 1336 2365 λίθους
1377 2312 1516 2367 ἔπηξ’]

849 2378 1034 2416 Numerus
1064 2379 1280 2427 septenarius
1308 2375 1406 2426 apud
1426 2374 1520 2411 Ara-

851 2436 915 2472 bes
939 2447 1088 2484 quoque
1109 2446 1212 2471 sacer
1233 2434 1345 2469 fuisse
1358 2432 1524 2476 videtur,

851 2493 939 2541 quin
959 2492 1007 2528 ad
1027 2494 1155 2539 septem
1175 2503 1260 2527 oves
1278 2490 1523 2525 iuramentum

852 2548 1006 2596 exigitur
1026 2548 1064 2584 in
1078 2548 1216 2584 Genes.
1231 2546 1332 2591 XXI,
1351 2547 1405 2584 28
1418 2557 1522 2593 seqq.

851 2605 902 2641 Et
930 2606 1050 2655 ipsum
1078 2604 1228 2640 verbum
1260 2603 1346 2640 vnw'
1378 2601 1434 2637 vel
1456 2614 1524 2651 po-

853 2663 924 2698 tius
957 2664 1069 2710 2·qu
1097 2658 1218 2709 (quod
1248 2658 1365 2695 solum
1392 2658 1429 2694 iu
1457 2670 1524 2693 usu

854 2719 929 2766 est)
955 2708 1115 2763 iuravit,
1155 2716 1349 2754 deducitur
1384 2726 1406 2750 a
1434 2727 1524 2751 voce

856 2777 939 2821 37:35
969 2775 992 2809 i.
1013 2786 1046 2811 e.
1064 2776 1211 2823 septem,
1240 2784 1319 2810 eam
1338 2772 1454 2822 ipsam
1476 2770 1523 2806 ob

853 2823 1024 2876 causam,
1064 2830 1186 2879 quod,
1233 2841 1313 2865 cum
1353 2838 1523 2864 numerus

855 2887 1080 2937 septenarius
1099 2887 1139 2924 in
1158 2885 1257 2924 omni
1277 2885 1418 2922 oriente
1436 2894 1522 2920 san-
