1904 3304
73 1377 137 1420 32

603 262 956 303 THALIA.
1014 264 1077 301 111.
1411 265 1464 304 61

173 377 458 431 4παρευρεθῇ
478 389 518 416 τι
538 371 717 420 ἄδικον,
749 373 871 429 μέχρι
893 371 1066 417 τούτου.
1125 366 1251 415 οὗτοι
1281 372 1327 418 δὲ
1355 376 1468 416 τοῖσι

202 446 400 504 Πέρσῃσι
429 447 551 496 δίκας
584 445 829 498 δικάζουσι,
859 445 932 488 καὶ
952 444 1147 500 ἐξηγηταὶ
1167 447 1256 487 τῶν
1273 445 1469 499 πατρίων
1480 451 1524 484 70

200 522 380 574 θεσμῶν
407 518 626 572 γίνονται,
667 516 740 560 καὶ
770 515 911 559 πάντα
942 516 984 567 ἐς
1010 515 1193 566 τούτους
1223 513 1468 558 ἀνακέαται.

171 589 455 644 5Εἰροιιένου
496 585 558 631 ὦν
596 592 676 631 τοῦ
707 585 974 643 Καμβύσεω,
1018 586 1307 642 ὑπεκρίνοντο
1349 583 1470 643 αὐτῷ

200 655 325 703 οὗτοι
355 661 426 703 καὶ
456 660 603 703 δίκαια
632 659 705 703 καὶ
735 657 953 713 ἀσφαλέα·
993 657 1204 714 φάμενοι,
1234 659 1374 714 νόμον
1396 656 1469 700 οὐ-

200 729 304 773 δένα
324 730 596 785 ἐξευρισκειν,
631 730 680 782 ὃς
698 729 860 773 κελεύει
880 727 1067 787 ἀδελφεή
1088 730 1330 773 συνοικέειν
1350 727 1469 773 ἀδελ·

201 801 321 858 φεόν·
348 800 482 845 ἄλλον
501 803 578 858 μέν
597 820 663 845 τοι
685 800 958 857 ἐξευρηκέναι
976 800 1130 856 νόμον,
1150 805 1210 859 τῷ
1223 800 1525 857 βασιλεῦον-75

171 880 244 916 6τι
276 873 479 926 Περσέων
510 874 666 925 ἐξεῖναι
703 871 865 916 ποιέειν
893 871 942 915 τὸ
975 871 1030 913 ἂν
1064 870 1288 927 βούληται.
1352 870 1467 915 οὕτω

201 943 300 988 οὔτε
341 944 419 987 τὸν
455 944 593 1000 νόμον
638 945 795 988 ἔλυσαν
835 946 1052 992 δείσαντες
1088 943 1347 998 Καμβύσεα·
1397 945 1470 985 ἴνα

198 1032 243 1058 τε
272 1015 330 1071 μὴ
368 1013 494 1058 αὐτοὶ
533 1014 780 1059 ἀπόλωνται
817 1014 895 1059 τὸν
931 1013 1072 1070 νόμον
1108 1016 1470 1068 περιστέλλοντες,

198 1088 467 1141 παρεξεῦρον
500 1086 633 1129 ἄλλον
663 1085 803 1142 νόμον
833 1086 1063 1142 σύμμαχον
1091 1089 1150 1142 τῷ
1189 1086 1366 1130 θέλοντι
1395 1105 1472 1143 γα-

168 1156 319 1213 7μέειν
359 1156 581 1214 ἀδελφεάς.
645 1158 749 1201 Τότε
785 1159 864 1213 μὲν
903 1157 956 1214 δὴ
999 1155 1022 1200 ὁ
1064 1156 1306 1214 Καμβύσης
1344 1158 1529 1215 ἔγημεὸο

197 1229 277 1286 τήν
307 1228 549 1286 ἐρωμένην·
590 1229 695 1286 μετα
726 1230 806 1286 μέν
835 1248 901 1273 τοι
927 1228 981 1273 οὐ
1009 1231 1171 1273 πολλὸν
1197 1230 1359 1316 χρόνον
1381 1231 1474 1287 ἔσχε

197 1299 331 1357 ἄλλην
361 1298 588 1356 ἀδελφεήν.
646 1301 839 1344 τουτέων
869 1304 976 1358 δῆτα
1002 1301 1081 1358 τὴν
1109 1302 1347 1359 νεωτέρην,
1385 1301 1470 1346 ἐπι-

198 1372 420 1428 σπομένην
450 1373 493 1415 οἱ
531 1371 600 1415 ἐπ’
641 1375 888 1429 Αἴγυπτον,
930 1375 1099 1417 κτείνει.
1154 1371 1287 1429 Ἀμφὶ
1325 1373 1371 1417 δε
1408 1377 1470 1431 τῷ
1529 1385 1643 1420 Duplex
1670 1384 1805 1412 narratto

197 1442 378 1500 θανάτῳ
408 1441 539 1498 αὐτῆς
567 1444 704 1496 διξὸς,
737 1444 881 1499 ω’σπερ
912 1446 1008 1499 περὶ
1039 1445 1277 1501 Σμέρδιος,
1309 1444 1527 1501 λέγεταιὸῑ

199 1514 339 1569 λόγος.
385 1513 591 1572 Έλληνες
618 1515 697 1571 μὲν
725 1516 918 1573 λέγουσι,
950 1518 1190 1574 Καμβύσεα
1216 1516 1473 1574 συμβαλέειν

200 1662 266 1701 καὶ
295 1657 427 1701 πάντα
456 1661 495 1708 ἐς
526 1658 692 1709 τούτους
713 1657 806 1700 α’να-
864 1663 995 1701 ticulae
1029 1662 1205 1714 μέντοι
1235 1662 1370 1700 consul.
1394 1663 1528 1702 Matth.

143 1717 294 1769 κέαται]
341 1719 363 1756 i.
396 1733 426 1756 e.
465 1723 499 1757 et
529 1719 577 1754 ad
606 1732 659 1755 eos
691 1722 808 1755 omnia
865 1721 930 1757 Gr.
952 1721 1016 1757 Gr.
1039 1719 1074 1771 ἓ.
1099 1723 1193 1767 622,
1219 1723 1243 1761 6
1275 1734 1312 1770 p.
1343 1720 1462 1761 1264.

144 1775 355 1826 referuntur.
390 1777 497 1813 Conf.
523 1776 548 1821 l,
571 1777 636 1815 97.
655 1797 709 1804 —
731 1775 810 1812 Ali-
919 1773 988 1815 τόν
1009 1776 1137 1827 νόμον
1160 1793 1189 1815 π
1204 1776 1402 1827 εριστέλ
1417 1781 1529 1816 λον-

144 1838 235 1883 quot
264 1833 344 1869 libri
367 1833 537 1870 exhibent
561 1827 806 1871 α’νακέεται.
863 1834 960 1883 τες]
1001 1834 1021 1871 ἰ.
1055 1848 1086 1871 e.
1116 1838 1271 1879 tuentes,
1312 1834 1531 1871 observantes

143 1890 203 1927 De
233 1902 301 1926 usu
330 1889 613 1939 praepositionis
646 1890 700 1933 εἰς
731 1904 808 1926 mo-
866 1891 985 1939 Iegem.
1013 1892 1120 1927 Conf.
1137 1896 1230 1927 nott.
1247 1891 1294 1927 ad
1313 1891 1360 1937 H,
1378 1889 1456 1931 147
1468 1892 1529 1928 fin.

145 1947 224 1982 nuit
251 1945 382 1982 Matth.
403 1946 468 1983 Gr.
493 1946 558 1982 Gr.
592 1944 628 1997 §-
648 1949 743 1993 578,
774 1959 807 1984 a.
922 1944 995 1996 τήν
1019 1946 1236 1998 ἐρωμένην]
1282 1947 1444 1985 Atossam
1476 1948 1532 1984 in-

145 2015 229 2052 pag.
253 2001 372 2043 1142.
866 2004 997 2053 telligit
1020 2004 1135 2041 Dario
1167 2008 1252 2053 post
1280 2008 1452 2054 nuptam,
1492 2009 1529 2042 ut

866 2065 969 2110 patet
998 2073 1040 2097 ex
1062 2061 1125 2106 ΙΙΙ,
1148 2062 1201 2101 88
1229 2059 1308 2097 coll,
1331 2061 1393 2109 ΙΙΙ,
1415 2063 1469 2102 68
1492 2065 1530 2098 et

205 2108 403 2165 φάμενοι]
451 2114 553 2151 Idem
593 2129 809 2165 responsum
867 2129 910 2154 ex
931 2116 1052 2153 Schol.
1072 2116 1222 2153 Luciam.
1245 2116 1266 2152 l.

146 2171 218 2208 hoc
251 2172 331 2221 ipso
367 2184 409 2209 ex
437 2170 517 2208 loeo
553 2171 660 2209 affert
689 2171 809 2208 Schol.
925 2171 1008 2221 ἔσχε
1033 2169 1156 2221 ἄλλην
1175 2167 1392 2222 ἀδελφεήν]
1431 2171 1529 2222 ἔσχε,

148 2228 196 2265 ad
235 2227 385 2265 Lucian.
438 2227 484 2264 de
517 2228 677 2265 sacrific.
718 2227 752 2279 ἓ.
783 2228 807 2269 5
866 2233 1040 2266 monente
1068 2229 1240 2266 Valcken.
1282 2229 1329 2265 ad
1359 2229 1432 2276 IX,
1461 2231 1528 2276 76,

149 2284 256 2322 Tom.
281 2283 332 2320 ΙΙΙ
355 2297 391 2334 p.
412 2286 461 2323 71
482 2284 564 2334 Bip.
601 2285 697 2321 Satis
720 2298 807 2321 vero
866 2290 940 2323 est:
970 2288 1091 2321 uxoris
1111 2285 1181 2321 loco
1202 2285 1337 2322 habuit.
1382 2284 1529 2322 Nomen

149 2353 192 2377 ex
212 2341 323 2377 hocce
341 2353 517 2390 respons«)
535 2340 659 2389 liquet,
680 2354 808 2390 regum
866 2341 971 2378 huius
994 2342 1128 2378 sororis
1159 2347 1247 2378 natu
1276 2342 1424 2379 minoris
1448 2340 1531 2379 Me-

148 2397 338 2435 Persarum
369 2401 613 2446 potestatem,
656 2398 724 2435 etsi
754 2398 809 2434 in·-
867 2401 949 2435 τοέη
981 2399 1109 2444 fuisse,
1150 2411 1193 2436 ex
1209 2398 1338 2435 Liban.
1359 2398 1528 2435 Antioch.

148 2453 282 2490 stitutis
295 2454 510 2501 quibusdam
529 2455 639 2490 sacris
655 2455 811 2504 ipsoque
868 2469 902 2505 p.
925 2453 1006 2495 343
1029 2455 1106 2492 coll.
1138 2468 1188 2491 or.
1210 2455 1353 2491 XXXII
1392 2469 1427 2505 p.
1448 2457 1529 2495 668

148 2509 218 2546 hoc
254 2510 411 2546 iudicum
440 2522 659 2547 summorum
690 2511 808 2547 conci·
867 2510 913 2549 D.
937 2516 1042 2548 notat
1063 2511 1282 2560 lVesseling.
1324 2510 1446 2560 Atque
1470 2511 1530 2547 alii

149 2565 196 2601 lio
234 2565 498 2615 circumscripta
540 2567 654 2603 videri
684 2572 810 2615 queat,
868 2581 1015 2617 quoque
1040 2569 1192 2604 tradunt
1221 2580 1339 2605 rerum
1372 2568 1527 2617 scripto-

150 2621 254 2658 nullis
291 2626 413 2659 tamen
444 2622 585 2670 legibus
619 2624 809 2660 coercitam
867 2637 945 2670 reS,
999 2624 1219 2673 Cambysem
1268 2624 1314 2661 ab
1355 2622 1528 2675 Aegypto

153 2690 233 2714 esse
254 2679 467 2728 omniaque,
508 2683 548 2716 ut
575 2680 722 2716 omnino
744 2693 812 2730 per
867 2681 954 2718 inde
978 2693 1210 2731 progressum
1237 2693 1319 2718 esse
1343 2693 1456 2730 usqne
1479 2680 1527 2717 ad

153 2733 327 2770 orientem
346 2735 423 2772 fieri
445 2734 561 2781 solet,
602 2737 638 2772 in
658 2749 729 2773 uno
752 2749 809 2774 re-
867 2737 1058 2783 Meroem,
1098 2737 1154 2774 cui
1182 2737 1258 2774 sive
1285 2736 1422 2774 insulae
1453 2737 1530 2773 sive

153 2789 208 2838 gis
235 2789 385 2827 arbitrio
407 2792 517 2828 fuisse
545 2793 678 2841 posita,
727 2792 811 2829 Mo-
868 2793 949 2831 urbi
967 2806 1101 2831 nomen
1119 2794 1253 2829 sororis
1271 2793 1494 2843 imposuerit.

152 2846 232 2882 nuit
253 2844 411 2883 Heeren.
430 2848 554 2885 Ideen.
579 2848 595 2885 Ι
615 2861 701 2899 pag.
718 2848 809 2890 459.
1053 2849 1084 2886 C
1097 2861 1161 2899 ap.
1191 2848 1340 2886 XXXII.

153 2924 208 2929 —
228 2901 268 2937 In
297 2902 418 2939 verbis
445 2916 547 2954 seqq.
574 2906 621 2942 de
645 2918 710 2942 usu
727 2918 812 2956 par·
911 2901 1104 2956 ’Έλληνες
1124 2903 1196 2956 μὲν
1215 2903 1386 2957 λέγουσι]
1408 2905 1528 2941 Vocu-

1532 1418 1568 1446 de
1616 1419 1773 1447 occasione

1532 1452 1636 1479 mortis
1669 1452 1774 1480 illatae

1532 1486 1626 1514 uxori.
