1904 3304
404 233 487 272 12⁰

798 232 1270 272 HERODOTI

404 338 508 382 ἕπτοὶ
539 339 633 382 ἔτεα
662 339 732 383 καὶ
759 343 898 396 μῆνας
930 342 1078 395 πέντε,
1118 342 1284 388 ἄπαιδα
1313 344 1359 388 δὲ
1388 344 1436 388 τὸ
1466 343 1675 399 παράπαν

376 407 536 452 δέοντα
568 411 740 463 ἔρσενος
769 411 841 453 καὶ
870 412 1029 467 θήλεος
1057 413 1206 468 γόνου.
1267 416 1472 470 Περσέων
1499 415 1545 458 δὲ
1563 420 1676 459 τοῖσι

404 484 618 535 παρεοῦσι
657 479 832 535 ἀπιστίη
868 484 1005 538 πολλὴ
1041 483 1306 540 ὑπεκέχυτο,
1350 485 1455 537 τούς
1491 485 1677 541 Μάγους

406 553 516 607 ἔχειν
558 552 610 595 τὰ
649 552 911 607 πρήγματα·

972 553 1066 597 ἀλλ’
1102 553 1338 618 ῚΆἦπιστλέῃριῖο
1386 556 1454 600 ἐπὶ
1495 559 1731 614 διαβολῇ45

407 624 540 665 εἰπεῖν
568 622 829 678 Καμβύσεα,
859 622 912 666 τὰ
944 622 1034 667 εἶπε
1062 621 1268 679 περῖἶῖ-ὀῦ
1291 627 1508 683 Σμέρδιος
1535 627 1676 671 θανά-

377 697 515 744 4του
554 695 626 736 ἵνα
657 696 700 736 οἷ
739 694 1024 751 έκπολεμωθῃ
1061 700 1150 739 πᾶν
1178 715 1225 741 το
1261 697 1492 753 Περσικόν
1552 695 1676 742 οὗτοι

406 763 486 817 μέν
515 780 599 805 νυν
627 764 856 823 ἠπιστέατο
878 766 1072 822 Σμέρὸιν
1095 766 1174 810 τόν
1192 767 1348 822 Κύρου
1379 769 1557 824 βασιλέα
1586 768 1678 813 α’νε-

684 812 830 835 «ψη-..κ

407 838 593 877 6v8a3toc

351 1126 485 1161 gnasse
505 1114 637 1160 tradit3
661 1114 726 1151 nisi
747 1115 812 1151 hos
831 1116 867 1152 in
888 1129 1014 1154 nume-

352 1183 411 1207 ros
443 1171 614 1207 mendum
642 1172 836 1220 irrepserit.
906 1173 1013 1210 Unus

353 1227 524 1263 Clemens
546 1227 810 1264 Alexandrinus
837 1229 1014 1265 Stromat.

352 1283 365 1319 I
387 1296 422 1333 p.
443 1282 523 1322 395
547 1282 658 1319 decem
677 1284 781 1333 ponit
801 1296 936 1331 annos,
956 1298 1014 1322 re-

352 1339 439 1387 liqui
472 1339 665 1389 scriptores
698 1340 929 1378 Herodotum
958 1354 1016 1378 se-

352 1398 536 1444 quuntur,
566 1396 684 1433 minus
706 1396 756 1433 illi
784 1397 930 1445 quidem
956 1411 1017 1435 ae-

354 1455 477 1489 curate
507 1455 581 1488 octo
611 1464 727 1489 annos
753 1453 928 1503 Cambysi
952 1454 1017 1491 tri-

352 1508 523 1545 buenteS.
582 1506 634 1546 At
657 1509 738 1546 mec}
763 1510 909 1574 quidem
932 1522 1017 1547 sen-

353 1564 469 1601 tentia
482 1564 710 1601 Herodotum
723 1565 779 1601 hic
798 1567 898 1615 sequi
910 1579 1018 1616 prae-

354 1624 438 1656 stat.
476 1621 583 1660 Conf,
616 1621 664 1658 ad
694 1621 856 1659 Ctesiam
893 1622 1016 1660 laudd.

353 1689 440 1727 pag.
459 1678 534 1716 131
559 1677 682 1726 ibique
703 1678 924 1716 Osiandr.1n
934 1692 1019 1729 pro-

354 1737 547 1781 grammat.
568 1733 601 1770 11
632 1733 678 1771 de
707 1734 830 1771 Ctesia
859 1735 1016 1784 (Stuttg.

358 1788 487 1835 1821)
514 1787 551 1839 ἓ.
579 1790 632 1831 25
663 1802 747 1839 pag.
774 1791 824 1831 15
850 1791 938 1829 haec
966 1792 1018 1828 ita

355 1844 546 1882 conciliare
577 1847 807 1893 studentem,
840 1852 879 1884 ut
910 1848 1017 1896 quin·

354 1900 472 1938 decim
486 1902 587 1938 annis
606 1906 691 1940 ante
704 1903 790 1951 Cyri
808 1904 943 1940 obitum
957 1917 1015 1941 re-

355 1957 417 2006 gio
439 1959 599 2007 quodam
626 1958 765 1996 honore
789 1964 850 1996 aut
870 1961 1018 2010 provin-

356 2014 435 2050 ciae
454 2014 601 2051 alicuius
618 2017 847 2065 praefectura
857 2018 1018 2066 Camby-

357 2083 434 2107 sem
454 2076 619 2108 ornatum
639 2072 751 2109 fuisse
771 2077 898 2109 sumat.
942 2073 1017 2110 lta-

356 2139 430 2175 que
448 2127 567 2164 malim
587 2129 721 2166 referre
743 2128 933 2177 Cambysis
952 2130 1020 2166 ob-

356 2183 447 2220 itum
467 2184 516 2220 ad
535 2183 682 2234 Olymp.
695 2184 828 2231 LXlV,
847 2185 871 2224 4
891 2199 920 2222 s.
937 2186 1015 2226 521

357 2252 392 2276 a.
413 2239 499 2276 Chr.
520 2253 555 2277 n.
588 2241 670 2277 Vid.
691 2241 849 2278 Clinton.
876 2242 977 2279 Fast.
998 2255 1020 2279 a

357 2295 528 2343 Kriigero
549 2309 728 2334 converss.
749 2309 835 2346 pag.
854 2297 914 2338 14.
926 2298 1018 2336 Lar-

358 2351 455 2387 cher.
472 2351 540 2398 (T.
552 2353 617 2388 VH
637 2366 672 2402 p.
685 2355 785 2401 630)
806 2366 940 2390 annum
953 2368 1022 2404 po-

357 2407 414 2443 nit
434 2407 514 2447 522
536 2421 568 2444 a.
589 2408 674 2444 Chr.
694 2421 729 2445 n.
771 2410 847 2446 Sed
865 2410 932 2446 hoc
954 2412 1021 2447 mi-

357 2476 437 2500 rum
459 2468 536 2509 est,
566 2465 666 2514 apud
686 2465 879 2515 scriptores
898 2467 1018 2504 orien-

359 2519 452 2556 tales
473 2520 647 2569 ipsosque
670 2520 802 2558 Persas
821 2522 908 2558 nihil
926 2523 1021 2560 rela-

359 2579 436 2611 tum
450 2576 603 2612 inveniri
623 2590 689 2614 nec
701 2578 748 2614 de
761 2577 943 2627 Cambyse
958 2592 1023 2616 nec

359 2632 407 2668 de
431 2632 574 2669 Smerdi
602 2632 726 2681 Mago.
787 2634 1023 2685 Quapropter

359 2686 544 2724 Malcolm.
572 2687 697 2737 (Hist.
730 2690 830 2726 Pers.
854 2690 867 2725 l
900 2704 935 2740 p.
968 2691 1021 2732 46

360 2744 516 2780 version.
540 2745 739 2793 vernacul.)
771 2759 922 2793 regnum
949 2749 1024 2785 τοῦ

360 2798 542 2850 Lohrasp,
573 2802 674 2849 quod
694 2814 760 2851 per
783 2802 887 2838 CXX
907 2815 1021 2840 annos

362 2857 579 2905 extendunt,
596 2861 632 2895 et
643 2858 834 2907 Cambysis
852 2863 887 2896 et
899 2859 1023 2898 Smer-

653 837 805 886 δεινως
836 836 921 892 γάρ
953 838 1027 881 καὶ
1057 837 1080 881 ὁ
1115 838 1380 894 Πρηξάσπης
1416 840 1593 894 ἔξαρνος
1622 835 1679 896 ἦν

407 904 466 961 μή
497 905 577 960 μὲν
616 904 868 951 ἀποκτεῖναι
896 908 1113 965 Σμέρδιν·

1178 909 1232 953 οὐ
1269 926 1354 966 γαρ
1383 904 1440 967 ἦν
1471 912 1514 954 οἱ
1541 910 1680 967 ἀσφα-

1072 1118 1127 1154 dis
1144 1131 1295 1167 regnum
1313 1119 1418 1156 simul
1437 1118 1737 1170 comprehendis-

1072 1187 1111 1212 se
1132 1176 1328 1213 existimat.

1129 1263 1197 1302 ι’νοι
1226 1263 1267 1302 οἵ
1294 1263 1560 1317 ἐκπολεμωθῇ
1583 1265 1666 1302 πᾶν
1688 1278 1732 1302 το

1074 1316 1291 1371 Περσικόν]
1322 1321 1345 1357 i.
1368 1333 1398 1358 e.
1420 1324 1461 1356 ut
1485 1322 1535 1357 sic
1564 1332 1659 1356 omne
1678 1319 1738 1356 illi

1072 1390 1191 1414 nomen
1204 1376 1386 1413 Perswwn
1405 1377 1607 1414 redderetur
1627 1377 1736 1413 hosti-

1074 1434 1115 1470 le.
1148 1433 1189 1472 οἷ
1208 1434 1255 1470 ad
1286 1434 1457 1471 Smerdin
1484 1437 1640 1484 spectat.
1677 1432 1737 1470 De

1072 1490 1185 1527 verbo
1233 1488 1479 1540 ἐκπολεμοῦν
1517 1489 1736 1538 Wesseling.

1074 1547 1168 1583 conf.
1188 1547 1235 1591 V,
1249 1548 1315 1587 73.
1348 1546 1545 1596 loseph.B.
1564 1546 1641 1583 Iud.
1655 1545 1737 1592 VH,

1077 1605 1128 1641 10
1152 1600 1239 1652 §.2
1271 1602 1438 1638 Ammon.
1469 1601 1530 1652 [cf.
1560 1603 1739 1638 Animad-

1073 1671 1184 1696 verss.
1197 1657 1370 1695 Valcken.
1389 1671 1470 1708 cap.
1488 1660 1538 1698 18
1558 1671 1643 1708 pag.
1655 1658 1738 1707 72]‚

1073 1714 1230 1752 Moerid.
1253 1713 1352 1764 [pag.
1374 1716 1455 1754 309
1473 1715 1529 1752 ed.
1548 1714 1676 1763 Piers.]
1700 1718 1739 1751 et

1073 1771 1205 1808 Thom.
1238 1771 1387 1820 Magist.
1416 1769 1467 1821 [p.
1497 1770 1608 1820 703}
1638 1769 1738 1808 Add.

1073 1827 1214 1865 Herod.
1238 1827 1301 1875 IV,
1327 1829 1419 1867 120.
1548 1851 1550 1853 »

1133 1923 1159 1967 οἷ
1171 1944 1193 1967 ν
1207 1942 1222 1967 ε
1234 1940 1284 1967 στ
1294 1943 1309 1967 ε
1321 1930 1352 1966 ὦ
1362 1943 1381 1966 τ
1392 1926 1432 1978 α]
1464 1928 1603 1966 Contra
1622 1927 1738 1966 libro-

1075 1998 1153 2022 rum
1203 1990 1430 2023 vetustorum
1489 1985 1739 2022 auctoritatem

1076 2041 1250 2079 Valcken.
1273 2042 1330 2078 hic
1353 2041 1459 2078 scribi
1475 2041 1552 2077 vult
1573 2039 1625 2079 ἐν
1639 2053 1738 2080 εστε·

1079 2100 1157 2136 ὦτα
1180 2103 1216 2135 et
1234 2098 1270 2135 h.
1290 2097 1312 2134 l.
1333 2102 1370 2135 et
1389 2098 1580 2144 111,67‚ut
1600 2097 1628 2144 I}
1648 2099 1739 2138 120,

1078 2155 1161 2198 Qua
1203 2158 1326 2192 tamen
1368 2154 1628 2191 emendatione
1663 2166 1738 2190 non

1077 2223 1192 2261 opus;
1209 2211 1382 2259 frequens
1401 2211 1496 2247 enim
1517 2204 1738 2256 ἐνιστάναι,

1077 2268 1139 2304 ubi
1159 2267 1206 2304 de
1224 2266 1422 2304 rebellione
1443 2279 1561 2304 sermo
1585 2271 1652 2304 est.
1681 2267 1739 2304 Cf.

1077 2323 1142 2371 111,
1167 2325 1232 2364 62.

1135 2410 1298 2461 ἔξαρνος
1330 2405 1384 2462 ἦν
1415 2408 1478 2462 μή
1518 2410 1609 2462 μὲν
1643 2407 1739 2451 α’πο-

1077 2466 1242 2517 mentm]
1275 2464 1360 2517 μὲν,
1389 2468 1488 2505 cuius
1506 2468 1584 2505 loco
1604 2469 1678 2505 duo
1699 2469 1740 2505 li-

1077 2524 1134 2561 bri
1157 2538 1248 2575 μιν,
1279 2523 1406 2560 Ionum
1438 2536 1481 2561 ex
1502 2538 1569 2561 usu
1595 2526 1742 2575 ponitur

1078 2593 1145 2631 pro
1168 2575 1261 2630 μήν,
1294 2580 1449 2617 docente
1478 2582 1632 2630 Gregor.
1661 2582 1740 2619 Co-

1079 2636 1186 2673 rinth.
1220 2636 1268 2673 de
1297 2636 1383 2672 dial.
1414 2636 1487 2674 lon.
1513 2636 1550 2688 §.
1572 2641 1650 2685 62,
1679 2639 1741 2675 ubi

1078 2692 1149 2728 vid.
1170 2692 1291 2728 Koen.
1310 2692 1451 2742 p.471.
1483 2695 1589 2731 Conf.
1600 2695 1739 2732 Herod.

1079 2748 1126 2794 ll,
1156 2749 1246 2786 118.
1272 2748 1336 2795 lll,
1364 2749 1429 2788 74.
1453 2751 1518 2790 99.
1550 2751 1610 2788 De
1628 2751 1742 2800 parti-

1079 2804 1158 2841 cula
1178 2800 1230 2854 μή
1253 2806 1348 2841 conf.
1370 2804 1504 2843 Matth.
1528 2807 1594 2846 Gr.
1615 2807 1680 2844 Gr.
1703 2804 1740 2857 ἓ.

1080 2860 1175 2909 534,
1206 2866 1279 2897 not.
1303 2861 1341 2899 4.
