1904 3304
605 246 955 287 THALIA.

1014 246 1076 283 111.
1419 247 1475 285 87

200 359 309 402 κατα
341 357 393 412 δή
424 357 501 400 τὸν
533 356 673 400 αὐτὸν
703 355 866 411 χρόνον
886 358 965 398 τοῦ
996 358 1213 410 κρητῆρος
1231 357 1282 410 τῇ
1302 351 1475 409 ἁρπαγῇ
1488 360 1530 391 SO

171 427 396 484 δγεγονός.
457 429 746 482 Κερκυραίων
775 426 860 482 γὰρ
905 428 1063 477 παῖδας
1092 427 1370 481 τριηκοσίους
1403 421 1474 466 οἱν-

199 501 319 554 δρῶν
347 504 435 542 τῶν
466 499 650 553 πρώτων
684 501 956 552 Περίανδρος
987 497 1010 540 ὁ
1043 496 1252 546 Κυψέλου
1279 497 1322 547 ἐς
1356 494 1475 549 Σάρ-

168 573 267 621 4δις
298 568 518 627 ἀπέπεμψε
550 571 667 625 παρα
696 568 922 611 Ἀλυάττεα
944 567 1006 610 ἐπ’
1034 569 1207 625 ἐκτομῇ.
1256 567 1473 622 προσχόν-

198 658 286 685 των
325 642 369 684 δὲ
409 643 450 693 ἐς
490 643 567 697 τὴν
610 642 765 695 ,Σάμον
805 644 893 682 τῶν
933 638 1131 696 α’γόντων
1172 641 1276 690 τοὺς
1315 641 1474 688 παῖδας

197 715 481 766 Κορινθίων,
521 713 770 767 πυθόμενοι
811 714 853 755 οἱ
884 711 1049 767 Σάμιοι
1086 711 1165 755 τόν
1204 710 1359 765 λόγον,
1403 707 1528 752 ἐπ’85

199 782 286 828 οἶσι
327 783 505 840 ἀγοίατο
547 784 589 835 ἐς
619 784 809 838 Σάρδις,

197 856 400 907 ἐδίδαξαν
438 857 542 910 ἱροῦ
588 854 787 907 ἅψασθαι
824 853 1090 910 Ἀρτέμιδος·

143 1021 190 1058 de
210 1022 246 1057 in
267 1021 484 1058 Herodoteo
507 1021 586 1057 loco
618 1021 759 1058 literam
782 1026 809 1072 ᾖ

138 1082 224 1115 ante
237 1090 359 1114 vocem
380 1080 503 1132 γενεῇ
516 1079 693 1115 excidisse
709 1079 806 1115 idem

137 1135 362 1184 suspicatur,
393 1148 465 1184 qno
489 1135 624 1171 seilicet
653 1140 725 1172 tres
747 1136 802 1172 in-

141 1190 502 1242 telliganturyevscu',
517 1192 804 1241 expeditionem-

140 1260 211 1296 que
222 1247 593 1284 Lacedaemoniorum
607 1249 709 1296 ponit
722 1260 801 1284 ver-

142 1316 201 1339 sus
223 1304 331 1339 tinem
359 1304 559 1353 Polycratis
590 1305 800 1353 Olympiad.

140 1359 274 1404 LXIII,
298 1363 323 1399 2
345 1373 372 1395 s.
397 1362 477 1400 527
499 1374 519 1397 a
553 1360 637 1396 Chr.
661 1374 711 1406 n.,
733 1360 802 1397 Pe-

140 1416 276 1452 riandri
296 1421 415 1453 autem
438 1419 582 1453 iuvenes
612 1418 659 1453 ad
681 1416 803 1464 Alyat-

139 1476 213 1509 tem
235 1473 363 1508 missos
388 1473 464 1509 vult
485 1473 631 1522 Olymp.
650 1473 800 1520 XLVII,

141 1531 165 1568 3
193 1541 219 1564 s.
244 1528 321 1569 591
350 1541 381 1564 a.
411 1530 497 1565 Chr.
539 1529 678 1565 Bellum
708 1530 802 1566 inter

139 1583 452 1621 Lacedaemonios
483 1590 519 1622 et
552 1587 695 1622 Samios
733 1600 799 1634 ge-

139 1646 234 1677 stum
277 1641 371 1678 idem
418 1643 527 1679 refert
563 1642 611 1678 ad
653 1642 799 1692 Olymp.

138 1696 253 1744 LXII,
276 1699 302 1738 3
329 1711 358 1734 s.
383 1696 464 1738 530
491 1711 522 1734 a.
545 1699 628 1735 Chr.

195 1751 294 1791 κατὰ
320 1751 370 1804 δή
398 1751 466 1792 τὸν
491 1750 612 1793 αὐτὸν
641 1751 795 1805 χρόνον]

138 1810 287 1847 Retinui
320 1824 398 1847 cum
427 1811 561 1848 Matth.
589 1809 666 1860 δή,
699 1813 798 1848 cuius

138 1866 216 1903 Ioco
238 1867 440 1915 Schweigh.
468 1873 506 1904 et
531 1869 647 1905 Gaisf.
671 1882 691 1905 e
713 1869 798 1905 Flo-

140 1923 282 1958 rentino
309 1928 344 1959 et
368 1924 550 1960 Sancrosti
576 1924 668 1961 libro
699 1938 800 1961 rece-

140 1983 273 2028 perant
303 1977 364 2016 δέ.
427 1979 464 2015 ln
485 1993 586 2029 seqq.
613 1982 660 2017 ad
687 1981 799 2016 dativi

140 2047 242 2071 usum
261 2035 355 2087 ἰιιτῇ
377 2033 535 2089 ἁρπαγῇ
556 2038 650 2073 conf.
668 2038 799 2073 Matth.

141 2091 206 2127 Gr.
227 2092 290 2127 Gr.
313 2093 408 2137 385,
440 2096 456 2131 1
487 2105 571 2141 pag.
594 2095 686 2133 706.

198 2147 446 2197 Περίανδρος
465 2147 692 2198 όΚυψέλου
713 2164 747 2186 κ.
769 2163 799 2186 τ.

139 2204 184 2253 L]
229 2205 322 2241 Cum
351 2205 550 2242 Periander
577 2219 596 2242 e
629 2205 799 2242 Larcheri

139 2261 338 2298 rationibus
370 2263 500 2298 obierit
537 2264 617 2302 563
644 2276 676 2298 a.
711 2263 797 2298 Chr.

78 2341 86 2344 -
138 2331 189 2363 n.,
218 2331 283 2364 ea,
309 2331 403 2366 qnae
432 2319 487 2354 liic
517 2324 730 2365 narrantur,
760 2319 798 2355 in

83 2389 93 2407 ,ι
139 2387 273 2411 annum
303 2376 404 2420 565,
436 2375 545 2422 igitur
574 2375 682 2424 paulo
714 2380 798 2412 ante

138 2431 326 2468 Periandri
347 2432 486 2468 obitum
514 2432 687 2468 accidisse
709 2444 796 2467 eon-

140 2492 351 2524 sentaneum
387 2492 453 2524 est.
497 2512 548 2516 —
601 2488 659 2525 De
696 2488 798 2524 Peri-

141 2544 256 2579 andro
293 2546 388 2580 conf.
419 2544 455 2590 I,
487 2547 552 2584 23.
621 2544 692 2581 Per
720 2544 797 2592 Ly-

142 2599 236 2635 diam
259 2608 378 2637 autem
399 2613 472 2636 non
489 2600 602 2637 solum
623 2601 683 2636 illo
702 2605 796 2637 tem-

141 2668 244 2704 pore,
272 2669 392 2693 verum
419 2658 526 2693 etiam
543 2662 686 2707 postea,
710 2657 799 2693 Per-

143 2723 262 2747 sarum
296 2713 332 2748 in
367 2714 540 2751 ditionem
570 2727 649 2750 eum
690 2713 799 2762 Lydii

141 2767 341 2814 venissent,
372 2770 556 2818 negotium
585 2770 798 2807 castrando-

140 2837 219 2860 rum
239 2837 433 2873 puerorum
453 2827 606 2863 maxime
621 2827 798 2863 exercita-

143 2886 232 2928 tum,
244 2881 402 2930 indeque
420 2883 526 2919 etiam
546 2883 799 2920 commercium

860 787 1012 836 πρῶτα
1052 784 1130 838 μὲν
1171 782 1276 832 τοὺς
1314 783 1473 831 παῖδας

1153 852 1257 909 μετὰ
1300 852 1366 904 δὲ,
1416 849 1472 894 ου’

866 1018 1111 1057 eunuchorum
1131 1019 1333 1056 factitatum
1353 1019 1463 1056 fuisse
1474 1019 1526 1055 vi-

863 1078 980 1114 detur.
1026 1075 1086 1111 Tu
1105 1075 1175 1110 vid.
1203 1076 1363 1125 inprimis
1389 1076 1525 1112 Herod.

862 1133 961 1180 VIII,
989 1131 1079 1172 105.
1111 1131 1269 1169 Heeren.
1302 1133 1411 1169 I‹leen
1444 1131 1471 1178 l,
1504 1135 1523 1171 1

860 1203 945 1240 pag.
981 1188 1072 1229 154.
1103 1209 1156 1216 —-
1184 1189 1224 1224 In
1257 1202 1360 1238 seqq.
1392 1189 1525 1224 retinui,

858 1241 1135 1296 προσχόντων,
1177 1246 1339 1293 quamvis
1368 1246 1404 1281 in
1436 1244 1524 1281 Flo-

860 1304 1002 1339 rentino
1016 1316 1113 1351 προς
1128 1314 1148 1338 σ
1160 1299 1319 1351 χόντων.
1332 1302 1415 1338 Vid.
1431 1305 1525 1338 nott.

860 1360 907 1395 ad
931 1359 957 1405 l,
979 1363 1014 1399 2.

915 1412 982 1453 τὸν
1002 1409 1135 1466 λόγον,
1158 1407 1233 1452 ἐπ’
1253 1428 1272 1451 ο
1287 1409 1360 1452 ἷσι
1386 1408 1527 1465 οἷγοία-

858 1470 928 1521 το]
975 1471 1113 1507 Similia
1167 1471 1349 1518 quaedam
1399 1471 1526 1519 attigit

859 1529 988 1565 Matth.
1014 1528 1078 1563 Gr.
1103 1528 1168 1562 Gr.
1193 1524 1228 1576 ἓ.
1247 1527 1342 1570 479,
1365 1540 1397 1563 a.
1429 1528 1527 1563 Add.

858 1585 997 1621 Herod.
1019 1584 1046 1629 1,
1072 1587 1136 1624 22.
1158 1583 1220 1629 111,
1241 1583 1307 1623 48.
1328 1583 1408 1629 Vll,
1432 1585 1522 1624 158.

857 1640 914 1677 Ad
928 1641 1036 1678 verba
1057 1636 1107 1678 ου’
1118 1638 1389 1690 περιορέοντες
1405 1635 1524 1677 α’]τέλ-

857 1712 941 1735 κειν
975 1698 1069 1733 conf.
1101 1697 1256 1733 eundem
1284 1696 1421 1733 Matth.
1445 1696 1467 1732 l.
1498 1695 1522 1732 l.

858 1752 892 1804 ἓ.
916 1754 997 1795 553
1019 1753 1079 1790 [in.
1110 1767 1147 1802 p.
1169 1754 1287 1792 1086.
1319 1752 1415 1789 Infra
1435 1750 1523 1802 χρέ-

858 1825 978 1848 ωνται
1005 1823 1084 1846 cum
1108 1809 1311 1857 Schweigh.
1339 1814 1375 1846 et
1401 1809 1520 1847 Gaisf.

856 1867 1008 1916 reliqui,
1049 1867 1213 1915 quamvis
1254 1865 1333 1901 libri
1372 1865 1521 1914 quidam

857 1923 1048 1974 χρέονται,
1071 1923 1252 1973 probante
1273 1921 1458 1959 Larchero
1476 1934 1520 1958 ac

857 1980 1068 2017 Schaesero,
1128 1978 1308 2027 Equidem
1340 1979 1376 2014 in
1409 1977 1520 2025 hisce,

857 2037 893 2072 in
916 2036 1046 2084 quibus
1066 2048 1111 2071 ne
1130 2035 1248 2084 ipsum
1269 2035 1416 2083 quidem
1444 2034 1523 2071 He-

856 2093 1025 2128 rodotum
1049 2092 1115 2126 sibi
1139 2091 1287 2127 omnino
1313 2091 1522 2127 constitisse

856 2149 1022 2193 credam,
1052 2147 1235 2197 potiorum
1261 2146 1434 2183 librorum
1457 2159 1523 2182 au-

856 2205 1061 2241 ctoritatem
1085 2203 1188 2252 sequi
1209 2202 1328 2239 malui.
1361 2202 1471 2239 Conf.
1490 2203 1519 2250 l,

857 2265 909 2301 34
933 2261 1018 2308 ibiq.
1038 2264 1128 2296 nott.

915 2317 1005 2368 ἱροῦ
1028 2310 1464 2366 ἅψασθαιἈρτέμιδος]
1477 2313 1518 2350 In

855 2374 956 2410 Sami
988 2373 1103 2409 insula
1128 2385 1206 2409 cum
1235 2376 1381 2421 praeter
1409 2372 1519 2407 Iuno-

854 2444 938 2467 nem
960 2429 1164 2479 Apollinem
1188 2441 1336 2477 quoque
1366 2427 1520 2476 insigni-

855 2492 910 2524 ter
929 2487 1103 2531 colerent,
1129 2485 1177 2521 nil
1196 2485 1338 2529 mirum,
1359 2483 1518 2520 Dianam

854 2556 1015 2580 sororem
1031 2543 1068 2578 in
1080 2541 1241 2579 eiusdem
1263 2540 1410 2577 honoris
1431 2552 1520 2576 con-

854 2600 968 2636 sortio
999 2600 1132 2645 fuisse,
1163 2597 1356 2647 ipsamque
1388 2597 1518 2633 eximie

855 2656 989 2693 cultam
1010 2656 1178 2703 adeoque
1201 2653 1338 2690 colonis
1363 2665 1383 2689 e
1404 2652 1516 2689 Samo

855 2712 1019 2750 deductis
1041 2711 1206 2748 additam
1228 2710 1350 2746 fuisse.
1400 2708 1515 2745 Cuius

854 2770 907 2806 rei
918 2768 1021 2818 plura
1037 2767 1243 2804 testimonia
1261 2765 1367 2802 affert
1380 2764 1518 2800 Panof-

856 2826 905 2862 ka
926 2824 946 2861 I.
970 2836 1080 2873 supra
1110 2823 1131 2859 l.
1158 2835 1245 2872 pag.
1265 2823 1331 2862 63.
1373 2820 1516 2857 Habuit

855 2881 946 2918 haee
960 2881 1030 2918 dea
1046 2891 1147 2916 suam
1168 2879 1306 2923 sedem,
1320 2875 1356 2914 T
1359 2887 1515 2926 auropo-

1534 355 1638 379 reutur
1656 353 1762 379 missos
1780 361 1805 379 c.

1533 395 1560 413 a.
1579 387 1639 419 5³6,
1658 387 1750 413 samii
1770 385 1807 412 ad

1533 420 1808 455 seappulsos,quo-

1534 455 1620 482 inodo
1646 454 1807 481 servarint.
