1904 3304
540 259 880 302 THALIA.

941 260 1003 297 111.
1327 260 1409 299 179

140 369 468 428 συναμφότεροι
501 371 574 416 διὰ
608 371 759 425 τρίτου
798 371 912 421 ἔτεος
953 366 1148 424 ἀγίνεον,
1188 363 1465 423 ἄγινὲουσιΙό

139 443 184 488 δὲ
213 442 285 487 καὶ
315 441 363 486 τὸ
393 443 515 499 μέχρι
545 443 671 498 ἐμεῦ,
702 440 783 486 δύο
805 443 998 497 χοίνικας
1019 438 1194 494 ἀπύρου
1212 440 1410 495 χρυσίου,

136 514 210 559 καὶ
240 515 466 569 διηκοσίας
496 512 722 570 φάλαγγας
751 513 932 569 ἐβένου,
976 512 1048 556 καὶ
1088 510 1212 555 πέντε
1251 513 1412 562 παῖδας

137 587 381 636 Αἰθίοπας,
425 586 496 629 καὶ
527 585 759 641 ἐλέφαντος
789 582 972 635 ὀδόντας
1009 580 1223 639 μεγάλους
1263 584 1411 626 ε’ίκοσι.

109 657 310 712 5Κόλχοι
341 658 386 701 δὲ
421 657 626 710 ἐτάξαντο
663 655 706 708 ἐς
738 655 816 712 τὴν
847 653 1039 712 δωρεὴν,
1084 654 1156 698 καὶ
1187 655 1231 698 οἱ
1257 665 1412 709 προσε-

141 866 215 912 δύο
246 871 424 923 χοίνικας
457 865 618 921 α’πύρου
652 884 744 920 χρυ-

85 927 190 979 σίου]
225 941 351 966 aurum
375 941 502 979 purum
525 926 749 975 intelligitur,

85 987 184 1036 quod
206 991 345 1023 coctum
374 997 446 1022 non
473 989 541 1030 est,
573 983 680 1033 quale
704 995 749 1021 ex

85 1043 203 1080 ssus-iis
247 1042 414 1079 auriferis
449 1041 643 1090 provenit,
687 1044 750 1077 aut

87 1100 125 1136 in
163 1099 316 1136 desertis
351 1097 528 1135 sabulosis
560 1097 749 1147 reperitur.

87 1156 196 1192 Conf.
228 1160 321 1192 nott.
354 1155 401 1192 ad
429 1154 465 1201 Ι,
490 1156 555 1194 50.
592 1153 650 1191 De
674 1154 751 1190 auri

88 1211 238 1263 pulvere
247 1212 385 1259 cogitat
396 1210 567 1248 Larcher.
586 1211 632 1247 ob
643 1210 752 1248 choe-

89 1268 177 1306 nicis
199 1280 405 1305 mensuram
428 1267 641 1304 adhibitam.

148 1356 353 1407 διηκοσίας
406 1351 614 1408 φᾶλαγγας
664 1353 753 1406 ἐβέ-

91 1412 179 1464 νου]
211 1416 230 1450 ἰ.
256 1427 285 1451 e.
305 1414 469 1450 ducentos
486 1414 584 1450 ebeni
603 1417 753 1451 truncos.

91 1470 174 1507 vid.
194 1470 255 1517 ΙΙΙ,
278 1470 376 1518 114,
401 1471 462 1506 ubi
482 1475 518 1507 et
540 1471 696 1507 ebenum
717 1474 755 1507 et

91 1526 305 1577 elephantos
337 1527 374 1564 in
402 1525 621 1576 Aethiopiae
649 1527 754 1562 bonis

90 1588 281 1621 memorat.
340 1583 516 1620 Nostrum
535 1583 648 1619 locum
669 1583 755 1619 atti-

91 1640 147 1688 git
176 1639 314 1676 Plinius
341 1639 390 1677 H.
424 1639 472 1677 N.
500 1639 590 1685 Xll,
619 1638 644 1679 4
675 1638 754 1676 coll.

91 1695 259 1733 Eustath.
277 1696 324 1733 ad
348 1696 387 1733 ll.
405 1710 440 1747 p.
454 1695 549 1742 469,
563 1698 587 1735 2
609 1709 637 1732 s·
656 1697 753 1742 357,

92 1755 157 1793 30.
209 1751 318 1802 Apud
339 1753 563 1801 Hesychium
585 1748 755 1804 φαλαγγΦ

93 1813 178 1845 sunt
241 1804 459 1861 στρογγύλα
520 1804 618 1856 ξύλα
686 1807 752 1847 καὶ

94 1861 295 1915 σύμμετρα
317 1871 354 1903 et
378 1867 476 1916 apud
496 1865 616 1902 Schol.
640 1865 755 1916 Apol-

95 1920 167 1957 lon.
187 1921 307 1958 Rhod.
337 1922 381 1967 ll,
405 1922 485 1962 845
514 1917 683 1973 φάλαγξ,
715 1918 757 1961 τὸ

96 1975 284 2027 ἐπίμηκες
301 1977 366 2015 καὶ
379 1976 618 2029 στρογγύλον
637 1975 756 2025 ξύλον

98 2039 134 2070 et
161 2046 255 2082 quae
283 2040 483 2083 sequuntur
512 2036 758 2085 comparanda

96 2102 177 2126 cum
220 2090 290 2135 iis,
331 2104 424 2139 quae
461 2091 559 2141 apud
596 2091 758 2128 Nonium

96 2158 181 2196 pag.
204 2147 278 2186 163
303 2146 491 2196 leguntur:
513 2146 759 2195 „Plzalangae

97 2203 265 2238 dicuntur
318 2204 432 2241 fustes
473 2209 606 2241 teretes
655 2210 721 2241 etc.
735 2205 759 2223 “

96 2258 239 2308 Sponte
274 2259 310 2295 in
351 2264 510 2298 mentem
544 2261 645 2298 venit
680 2260 761 2298 No-

98 2320 208 2351 strum
232 2314 405 2353 Planlcen.

155 2391 366 2442 ἐλέφαντος
386 2390 548 2442 ὀδόντας
567 2391 761 2447 μεγάλους

102 2448 246 2500 εἴκοσι]
279 2451 415 2488 Plinius
438 2453 488 2489 H.
509 2453 557 2490 N.
581 2454 680 2499 UH,
713 2455 761 2494 3:

101 2506 278 2544 Praedam
301 2509 367 2558 ipsi
395 2510 431 2545 in
454 2522 494 2547 se
515 2511 761 2560 expetendam

103 2562 219 2599 sciunt
239 2563 351 2601 solam
373 2578 452 2602 esse
481 2566 517 2602 in
538 2567 646 2603 armis
675 2567 760 2614 suis,

103 2630 197 2665 quae
218 2619 306 2656 Iuba
325 2634 460 2658 cornua
484 2622 659 2672 appellat,
683 2624 762 2660 He-

103 2674 253 2711 rodotus
276 2680 378 2712 tanto
408 2679 592 2727 antiquior
618 2684 654 2716 et
675 2693 762 2717 con-

104 2731 261 2767 suetudo
294 2732 441 2779 melius,
476 2735 645 2773 dentes.“
704 2737 762 2773 Ad

105 2798 213 2834 quern
234 2786 349 2824 locum
370 2801 463 2826 nunc
485 2797 608 2829 monet
629 2793 764 2829 doctis-

104 2843 214 2879 simus
233 2844 305 2880 Cin
314 2844 376 2881 ier.
395 2840 499 2897 (pag.
513 2846 593 2887 407
610 2861 688 2897 seq.
713 2848 761 2887 T.

104 2898 153 2934 vl
177 2900 234 2937 ed.
260 2900 526 2950 Panckouck.),
553 2909 761 2943 controver-

807 869 895 907 siam
909 870 956 907 de
973 873 1106 907 natura
1117 871 1281 908 dentium
1292 870 1469 907 maiorum

806 926 923 974 (Galli
941 931 1072 963 vocant
1090 926 1266 976 ‹lefenses)
1285 926 1469 976 elephanti

806 996 923 1034 nuper
940 983 1138 1020 admodum
1151 984 1263 1021 fuisse
1282 984 1470 1033 agitatam,

806 1040 990 1089 lubaeque
1020 1040 1247 1090 opinionem,
1284 1053 1379 1089 quae
1409 1053 1472 1078 ea-

809 1097 893 1134 dem
915 1097 962 1133 sit
973 1096 1190 1144 Pausaniae,
1203 1097 1386 1134 invenisse
1404 1109 1472 1146 pa-

808 1158 934 1191 tronos
984 1153 1040 1190 vel
1090 1154 1286 1191 recentiori
1331 1158 1471 1200 aetate,

810 1222 1031 1259 quamquam
1065 1223 1140 1247 non
1171 1211 1346 1257 dubium,
1384 1211 1472 1260 quin

810 1267 932 1317 potior
974 1267 1024 1303 sit
1056 1266 1240 1304 Herodoti
1277 1267 1473 1313 sententia,

811 1335 892 1360 cum
914 1335 1041 1360 revera
1065 1324 1135 1360 sint
1158 1323 1296 1370 (lentes,
1326 1323 1474 1361 minime

810 1392 958 1417 cornua.
1001 1379 1105 1416 Ebur
1123 1380 1219 1417 idem
1238 1380 1384 1418 Cuvier.
1407 1380 1475 1416 ad-

811 1437 866 1472 dit
901 1436 957 1472 vix
987 1436 1135 1474 differre
1164 1437 1210 1474 ab
1244 1449 1289 1475 ea
1319 1436 1475 1473 materia

809 1493 997 1539 interiori,
1029 1505 1125 1541 quae
1158 1493 1195 1530 in
1228 1493 1397 1531 dentibus
1418 1493 1476 1530 in-

810 1550 881 1595 sit,
912 1549 1118 1598 dentesque
1146 1549 1225 1586 illos
1243 1550 1400 1587 maiores
1420 1550 1476 1586 in-

811 1611 929 1643 sertos
960 1618 1042 1643 esse
1071 1606 1124 1642 ori
1146 1606 1276 1644 dentes
1305 1606 1475 1643 incisivos

810 1662 962 1711 gerenti.
1021 1662 1079 1700 De
1107 1663 1363 1712 magnitudine
1384 1663 1476 1700 den-

809 1720 899 1756 tium
934 1719 1035 1756 Idem
1077 1719 1199 1756 attulit
1235 1720 1476 1757 recentiorum

810 1776 884 1812 duo
904 1776 1128 1823 testimonia,
1143 1776 1240 1814 unde
1259 1780 1363 1826 patet
1384 1777 1477 1813 den-

809 1836 866 1869 tes
886 1832 942 1870 vel
962 1838 1107 1870 centum
1126 1832 1203 1870 libr.
1223 1833 1396 1883 ponderis
1416 1845 1478 1869 su-

813 1902 973 1939 perasse.
1032 1889 1258 1940 Elephantos
1290 1890 1327 1926 in
1355 1889 1478 1926 Africa

812 1947 1024 1994 frequentes
1050 1947 1220 1996 reperiri,
1260 1946 1359 1983 unde
1388 1946 1478 1983 ebur

813 2003 1043 2052 potissimum
1070 2003 1118 2039 ad
1149 2003 1337 2053 Europam
1370 2003 1479 2039 fuerit

814 2058 960 2095 allatum
983 2072 1050 2108 per
1071 2059 1284 2105 Phoenices,
1314 2058 1478 2109 pluribus

816 2115 983 2164 exposuit
1000 2116 1042 2151 A.
1066 2115 1112 2150 G.
1135 2116 1182 2152 de
1195 2114 1374 2164 Schlegel.
1396 2115 1475 2152 lnd.

815 2171 913 2209 Bibl.
940 2170 978 2217 l,
1004 2175 1030 2212 2
1056 2184 1141 2221 pag.
1167 2173 1246 2212 137
1269 2184 1372 2220 seqq.
1398 2170 1473 2211 141

816 2240 939 2276 seqq.‚
971 2228 1032 2276 qui
1060 2229 1157 2265 idem
1186 2229 1207 2264 l.
1235 2227 1257 2264 1.
1287 2241 1374 2278 pag.
1400 2226 1478 2267 145

815 2284 996 2330 observat,
1016 2284 1243 2321 Herodotum
1255 2286 1409 2334 primum
1422 2296 1480 2320 es-

816 2353 856 2377 se
869 2341 962 2378 inter
974 2341 1136 2378 Graecos
1155 2341 1366 2391 scriptores,
1380 2340 1480 2390 apud

817 2410 927 2446 quem
951 2396 1092 2444 ἔλεφας
1113 2398 1160 2435 de
1182 2398 1261 2448 ipso
1281 2397 1479 2448 elephanto

816 2455 977 2504 positum
1000 2455 1213 2491 inveniatur.

876 2506 1063 2557 ἐτάξαντο
1087 2510 1125 2557 ἐς
1143 2507 1216 2561 τήν
1229 2506 1398 2561 δωρεὴν]
1414 2510 1436 2547 i.
1448 2522 1479 2546 e.

818 2566 971 2613 „Colchi
996 2569 1067 2617 ipsi
1093 2566 1163 2618 [se]
1189 2567 1238 2603 ad
1260 2568 1482 2604 donationem

819 2624 1069 2661 ordz'narmztf‘
1107 2625 1164 2660 Ita
1186 2623 1343 2661 Wessel.
1368 2623 1482 2660 subii-

820 2682 931 2727 ciens,
960 2682 1055 2718 ferre
1082 2680 1133 2717 sic
1153 2693 1292 2717 morem
1311 2681 1348 2717 in
1370 2679 1483 2716 ultro-

819 2750 890 2774 nea
912 2738 1035 2774 tributi
1062 2742 1099 2774 et
1118 2737 1295 2773 donorum
1317 2736 1483 2773 collatio-

820 2807 888 2840 ne,
919 2798 957 2830 ut
987 2794 1101 2831 infra:
1139 2787 1250 2832 οὗτοι
1283 2787 1340 2831 οἷν
1373 2792 1482 2839 δῶρα

820 2847 868 2888 τα
894 2846 1080 2896 ἐτάξαντο
1109 2855 1145 2887 et
1180 2862 1290 2900 supra
1320 2850 1370 2888 13
1401 2843 1482 2900 (ubi

820 2907 894 2943 vid.
916 2904 1029 2958 nott.)
1058 2907 1122 2952 IV,
1141 2906 1207 2946 35-
1230 2905 1322 2946 165·

1117 2963 1169 3002 12
1187 2960 1204 2979 *
