1904 3304
452 252 536 292 552
853 246 1324 286 HERODOTI

460 375 551 408 τοι,
582 356 639 400 ου’
665 354 748 410 γοῖρ
780 353 897 410 εἶχον
927 354 953 398 ὅ
981 372 1022 398 τι
1052 356 1231 399 ποιέωσι
1260 355 1385 408 ἄλλο,
1417 356 1554 402 ὀπίσω
1586 357 1716 402 ἀπαλ-

431 428 678 472 4λάσσοντο
717 425 760 476 ἐς
793 425 871 480 τὴν
905 425 1066 482 Θήρην.
1125 429 1167 470 οἱ
1196 427 1241 470 δὲ
1274 430 1456 482 Θηραῖοι
1484 430 1717 485 καταγομέ-

461 516 566 549 νους
596 497 802 553 ἔβαλλον,
831 497 904 539 καὶ
934 495 1016 539 οὐκ
1047 497 1129 539 ἔων
1157 500 1210 553 τῇ
1237 499 1295 552 γῇ
1322 501 1590 554 προσίσχειν,
1622 498 1715 543 ἀλλ’
1730 508 1773 541 10

431 567 599 612 ὀόπίσω
651 565 810 609 πλώειν
859 567 1071 610 ἐκέλευον.
1145 568 1187 609 οἱ
1237 567 1305 617 δὲ,
1368 566 1720 623 ἀναγκαζόμενοι,

462 637 598 682 ὀπίσω
631 635 879 680 ἀπέπλωον·
911 639 985 680 καὶ
1014 637 1186 680 ἔκτισαν
1212 641 1349 691 νῆσον
1379 637 1448 680 ἐπὶ
1467 639 1610 694 Λιβύῃ
1639 655 1721 682 κει-

462 707 619 764 μένην,
660 710 713 764 τῇ
754 706 948 762 οὕνομα,
987 708 1046 758 ὣς
1081 709 1155 751 καὶ
1190 706 1402 761 πρότερον
1431 709 1595 764 εἰρέθη,
1634 709 1723 754 ἐστὶ

463 778 648 822 Πλατέα.
704 777 869 833 λέγεται
905 778 950 822 δὲ
981 780 1051 836 ἴση
1082 776 1194 822 εἶναι
1224 777 1250 835 ἡ
1279 781 1412 834 νῆσος
1440 783 1493 836 τῇ
1521 783 1605 823 νῦν
1633 784 1722 824 Κυ-

463 851 656 908 ρηναίων
679 848 794 892 πόλι.

579 920 753 976 Ταύτην
792 920 1008 973 οἰκέοντες
1048 920 1129 964 δύο
1172 921 1288 972 ἔτεα,
1338 918 1467 964 οὐδὲν
1509 919 1594 975 γάρ
1635 932 1713 976 σφι
1729 929 1772 967 15

466 991 653 1049 χρηστόν
690 991 971 1047 συνεφέρετο,
1013 991 1088 1034 ἕνα
1128 989 1276 1035 αὐτῶν
1313 991 1644 1046 καταλιπόντες,
1684 994 1728 1036 οἱ

437 1062 615 1105 Ξλοιποὶ
643 1061 798 1113 πάντες
828 1060 1041 1104 ἀπέπλεον
1073 1063 1114 1112 ἐς
1134 1062 1348 1118 Δελφούς.
1398 1061 1656 1118 ἀπικόμενοι
1681 1065 1727 1108 δὲ

466 1133 537 1177 ἐπὶ
574 1132 622 1177 τό
661 1132 943 1189 χρηστήριον,
987 1133 1219 1187 ἐχρέωντο,
1261 1131 1450 1189 φάμενοι
1490 1133 1647 1178 οἰκέειν
1683 1152 1728 1181 τε

463 1204 542 1260 τὴν
570 1202 763 1262 Λιβύην,
793 1203 867 1246 καὶ
897 1200 1026 1245 οὐδὲν
1057 1202 1236 1258 ἄμεινον
1266 1203 1473 1258 πρήσσειν
1503 1206 1727 1258 οἰκεῦντες.

431 1273 489 1330 3ἡ
519 1275 564 1318 δὲ
595 1275 747 1329 Πυθίη
776 1285 856 1329 σφι
885 1273 992 1328 πρὸς
1020 1277 1157 1317 ταῦτα
1185 1277 1267 1331 χρᾷ
1296 1272 1419 1318 τάδε·
1740 1282 1787 1319 20

307 924 405 970 157

133 990 259 1018 Βίιτιιιιῐο
279 994 343 1023 post
361 998 410 1016 co-

133 1025 204 1057 luni,
222 1026 257 1059 Ρ)
268 1025 329 1051 thia
342 1032 409 1050 con-

133 1059 212 1085 sulta
237 1060 267 1085 in
286 1058 407 1091 Libyam

133 1092 313 1124 transgressi
343 1090 408 1118 Azi-

134 1125 180 1152 rin
195 1124 342 1154 habitant.

595 1363 643 1398 Αἰ
662 1363 706 1398 τὺ
734 1361 818 1407 ἐμεῦ
843 1360 987 1408 Λιβύην
1009 1362 1245 1408 μηλοτρόφον
1269 1361 1374 1404 οἶδας
1399 1359 1560 1407 ἄμεινον,

594 1423 644 1469 μὴ
672 1421 793 1459 ἐλθών
816 1421 1012 1467 ἐλθόντος,
1039 1419 1134 1468 ἄγαν
1158 1420 1298 1469 ἄγαμαι
1322 1425 1456 1469 σοφίην
1481 1436 1553 1459 σευ.

413 1578 519 1615 codd.
551 1572 789 1624 οἷπέπλωον,
830 1578 890 1615 ubi
920 1590 991 1615 una
1008 1576 1072 1614 Al-

413 1635 500 1671 dina
551 1629 770 1680 ἇπέπλεον,
838 1634 1071 1672 Florentinus

414 1686 667 1730 ἆπέπλωσαν.
718 1691 829 1728 Unde
851 1691 936 1727 satis
956 1694 1072 1740 patet,

413 1759 461 1784 ne
479 1748 515 1782 in
539 1747 594 1783 his
614 1747 762 1795 quidem
779 1747 903 1783 formis
922 1747 1074 1796 scripto-

413 1815 489 1840 rem
511 1802 686 1840 Nostrum
715 1803 784 1840 sibi
811 1816 960 1853 prorsus
987 1815 1075 1839 con-

416 1864 513 1896 stare
552 1872 735 1908 unamque
768 1859 870 1907 sequi
911 1852 1073 1895 nor'mam

416 1916 656 1964 eandemque.
686 1936 741 1943 —
769 1915 828 1951 Ad
855 1916 965 1952 verba
988 1910 1073 1953 ὀπί-

416 1983 473 2010 σω
505 1966 821 2017 4οἷπαλλοῖσσοντο
869 1976 905 2008 et
950 1966 1074 2010 ὀπίσω

418 2023 631 2066 ἀπέπλωον
663 2028 728 2076 (cf.
757 2027 831 2075 lv,
858 2026 957 2074 157)
982 2028 1076 2064 conf.

418 2089 511 2121 nott.
539 2084 589 2121 ad
610 2084 683 2132 111,
721 2087 784 2125 16.
808 2106 859 2112 -—
918 2084 1078 2120 Verbum

418 2141 643 2192 προσίσχειν
661 2141 846 2189 attigimus
867 2141 915 2177 ad
935 2140 996 2186 Ν,
1013 2142 1077 2181 76.

478 2196 519 2236 οἵ
537 2194 579 2235 δὲ
601 2200 770 2247 Θηραῖοι
787 2195 1080 2248 καταγομένους

422 2252 602 2303 ἔβαλλον]
634 2254 745 2297 Quod
764 2266 852 2290 sane
875 2253 1080 2290 consentire

423 2323 501 2346 cum
524 2311 588 2355 iis,
618 2322 712 2358 quae
733 2310 779 2346 de
797 2310 975 2346 discessus
997 2322 1081 2346 cau-

423 2378 464 2401 sa
484 2378 504 2402 e
524 2365 690 2402 Menecle
717 2378 827 2415 supra
855 2366 963 2402 allata
984 2369 1080 2411 sunt,

423 2426 548 2458 monet
575 2421 918 2459 Raoul-Roehette
941 2422 963 2458 l.
984 2422 1007 2459 l.
1030 2422 1080 2457 ΙΙΙ

424 2489 509 2527 pag.
530 2479 627 2517 261.
651 2499 700 2504 -
719 2477 808 2513 Mox
827 2491 907 2514 cum
926 2482 1079 2516 recentt.

426 2534 512 2572 edd.
544 2533 687 2570 exhibui
717 2531 855 2583 εἰρέθη
885 2547 950 2583 pro
982 2533 1078 2582 vulg.

426 2585 606 2639 ἐρῤήθη,
637 2590 734 2625 cuins
754 2589 833 2625 loco
850 2590 1080 2627 Florentinus

426 2646 570 2683 exhibet
605 2640 746 2694 η’ρέθη.
806 2645 864 2682 Tu
893 2648 987 2682 conf.
1017 2646 1080 2693 lv,

427 2705 493 2742 77·
520 2701 583 2750 Vl,
603 2701 663 2743 15·
693 2701 772 2746 VH'
795 2700 884 2741 154.
916 2702 1081 2739 Eustalh.

429 2758 475 2795 ad
498 2759 633 2805 Odyss.
662 2771 698 2808 p.
717 2756 837 2803 1540,
867 2760 918 2798 12
937 2771 964 2794 S·
988 2761 1083 2804 230,

429 2815 495 2854 32.
535 2814 574 2851 Ιιι
596 2814 748 2851 Platone
768 2826 863 2850 nunc
883 2827 948 2863 pro
976 2812 1084 2863 ε’ρᾷέ-

430 2874 488 2921 θη
518 2871 780 2917 Schneiderus,
813 2870 912 2907 cuius
936 2871 1084 2921 copiosa

1129 1580 1246 1615 exstat
1277 1576 1465 1613 annotatio
1489 1577 1536 1615 ad
1565 1577 1671 1616 Polit.
1694 1580 1728 1616 V
1745 1593 1782 1630 p.

1129 1633 1210 1674 450
1232 1633 1297 1679 (T.
1325 1632 1356 1669 ll
1384 1645 1421 1680 p.
1444 1633 1512 1680 5),
1542 1635 1700 1672 restituit
1721 1635 1784 1686 ἐρ’-

1130 1686 1252 1738 ῥήθη.
1283 1689 1341 1726 De
1361 1687 1490 1725 Platea
1510 1690 1628 1728 insula
1645 1692 1717 1728 dixi
1737 1693 1785 1730 ad

1130 1745 1193 1794 IV,
1219 1744 1311 1786 151.

1314 1801 1345 1838 C
1359 1813 1426 1851 ap.
1459 1801 1606 1840 CLVII.

1187 1857 1244 1897 Aa?
1263 1854 1309 1895 τῦ
1331 1872 1366 1895 κ.
1386 1872 1417 1894 τ.
1438 1857 1486 1906 λ.]
1528 1859 1550 1897 ἰ.
1581 1874 1613 1896 e.
1647 1858 1694 1896 Si
1714 1858 1793 1908 Tu,

1132 1917 1194 1965 qui
1232 1914 1294 1961 (in
1329 1913 1508 1964 Libyam)
1540 1929 1606 1952 non
1641 1919 1788 1963 veneris,

1133 1971 1255 2008 melius
1272 1974 1377 2019 atque
1397 1983 1480 2019 ego,
1512 1974 1573 2021 qni
1597 1970 1666 2022 (eo)
1687 1985 1788 2010 vene-

1134 2030 1223 2076 τίηι,
1252 2028 1344 2063 nosti
1362 2026 1539 2077 Libyam,
1569 2029 1672 2065 valde
1691 2031 1789 2078 equi-

1135 2085 1210 2121 ‹lem
1263 2084 1369 2120 miror
1417 2088 1514 2121 tuam
1567 2086 1788 2135 sapientiam.

1135 2141 1238 2177 ldem
1290 2139 1472 2176 oraculum
1518 2146 1639 2178 exstat
1689 2141 1788 2192 apud

1135 2196 1315 2235 Plutarch.
1339 2197 1437 2247 Opp.
1457 2196 1488 2233 11
1516 2210 1551 2247 p.
1574 2197 1655 2238 403
1678 2198 1723 2234 A.
1746 2211 1784 2247 p.

1137 2256 1219 2294 670
1246 2252 1460 2300 Wyttenb„
1499 2266 1605 2302 quem
1637 2252 1730 2293 conf.
1751 2255 1788 2289 in

1136 2314 1228 2345 nott.
1251 2310 1366 2355 critt„
1406 2309 1466 2345 ubi
1490 2310 1690 2346 invenimus
1711 2312 1787 2347 Λι-

1137 2361 1242 2416 βύαν
1276 2361 1523 2416 μαλοτρόφον
1563 2369 1599 2402 et
1643 2361 1790 2411 οἶσθας

1138 2419 1274 2472 ἕίρειον
1294 2434 1359 2471 pro
1379 2419 1489 2466 οἶδας
1514 2418 1700 2470 ἄμεινον,
1731 2434 1789 2459 re-

1135 2478 1233 2528 liqua
1251 2478 1370 2514 omnia
1378 2477 1598 2514 Herodoteis
1615 2490 1788 2526 congrua.

1138 2557 1189 2562 ——
1211 2535 1314 2579 „Ore
1332 2533 1483 2582 loquens
1506 2532 1626 2569 lonico
1641 2533 1791 2581 Noster,

1136 2590 1431 2639 quandoquidem
1476 2589 1605 2626 Dorica
1643 2602 1790 2639 quoque

1138 2647 1239 2683 dedit
1266 2646 1301 2681 in
1331 2645 1474 2681 oraculo
1508 2647 1675 2693 sequenti
1709 2659 1789 2696 cap.

1142 2702 1243 2747 159,
1283 2702 1438 2738 sortasse
1472 2715 1518 2738 ne
1553 2702 1610 2738 hie
1643 2702 1790 2750 quidem

1138 2758 1307 2796 Doricum
1339 2759 1374 2793 in
1406 2753 1568 2808 Λιβύαν
1602 2753 1791 2808 μαλοτρό-

1142 2828 1221 2863 φον
1271 2815 1467 2851 evitaverat
1509 2810 1790 2864 πλατειασμὸνς

1141 2871 1234 2907 sicut
1253 2869 1294 2908 αἰ
1312 2883 1378 2922 pro
1401 2870 1454 2917 εἰ,
1488 2871 1524 2908 in
1545 2870 1688 2908 Doricis
1709 2870 1791 2908 reli-
