1904 3304
98 376 138 416 ad
156 376 288 416 Budinos
300 383 380 404 com-

101 414 259 450 migrarunt
271 419 279 436 :
315 418 378 450 ηψ-

99 447 174 470 ῑειῐιο
206 451 310 471 eorum
345 452 376 471 lu

100 477 194 513 lupos.

436 274 520 313 476

834 271 1302 311 HERODOTI

436 382 643 437 κατέλαβε
691 378 879 422 ἐκλιπεῖν
923 378 1003 435 τὴν
1050 379 1197 436 χώρην
1235 385 1381 424 πᾶσαν
1417 379 1504 426 ὑπὸ
1546 381 1700 437 ὀφίων.

405 451 571 507 Ξὸφιας
599 449 681 506 γάρ
724 460 804 505 σφι
839 449 1030 500 πολλοὺς
1065 450 1144 504 μὲν
1180 450 1207 506 ἦ
1237 451 1356 508 χώρη
1387 451 1616 509 α’νέφαινε,
1659 455 1759 497 0540

433 523 478 566 δὲ
509 524 688 571 πλεῦνες
721 518 894 563 ἄνωθέν
933 531 1012 572 σφι
1049 519 1095 563 ἐκ
1133 525 1221 563 τῶν
1261 522 1433 577 ἐρήμων
1472 524 1695 568 ἐπέπεσον·

430 592 473 643 ἐς
503 591 546 639 ὃ,
578 591 841 647 πιεζόμενοι,
872 591 1055 647 οἴκησαν
1084 592 1189 647 μετὰ
1209 595 1462 646 Βουδίνων,
1491 595 1571 651 τήν
1594 596 1698 639 ἑωυ-

429 765 775 821 κατὲλαβε-ὖπό
801 763 948 819 ὀφίων]
978 769 1036 807 Ad

374 829 524 866 verbum
546 824 734 877 κατέλαβε
757 828 850 863 conf.
876 831 967 863 nott.
988 827 1034 863 ad

376 884 439 931 lll,
460 882 525 924 42.
548 905 605 911 -—
631 880 704 933 τήν
734 879 868 933 χώρην
901 885 1036 921 πᾶσαν

377 954 506 978 omnem
532 944 661 976 terram
683 940 770 976 dicit
793 952 894 985 eam,
925 952 1036 988 quam

377 1002 572 1035 tenuerant
586 1025 598 1044 ,
638 1003 833 1044 antequam
854 996 896 1032 iis
920 996 957 1032 iu
979 1009 1037 1032 re-

377 1054 569 1103 gionibus,
609 1053 647 1090 in
674 1053 805 1102 quibus
831 1065 894 1090 eos
915 1053 1035 1089 Hero-

379 1111 488 1147 dotus
533 1109 658 1156 novit,
712 1109 820 1146 sedes
870 1109 1035 1145 fixerant.

373 1167 484 1211 Quod
505 1167 553 1203 ad
571 1169 774 1216 serpentes,
800 1165 931 1213 quibus
953 1164 1035 1201 loco

372 1222 464 1273 pulsi
499 1223 656 1267 fuerint,
703 1222 856 1268 attinet,
887 1234 908 1257 a
938 1221 1034 1257 ranis

375 1278 479 1315 simili
499 1279 608 1314 modo
628 1277 797 1314 Abderae
812 1276 948 1313 incolas
963 1276 1037 1313 eie-

374 1339 454 1372 ctos
486 1334 596 1372 fuisse
626 1338 752 1370 auctor
790 1337 846 1370 est
875 1332 1034 1369 Iustinus

374 1390 455 1436 XV,
477 1392 516 1436 2,
534 1403 555 1426 a
575 1389 744 1427 culicibus
765 1388 900 1426 incolas
911 1389 1035 1425 Minn-

372 1449 418 1484 tis
435 1451 590 1484 testatur
607 1446 761 1483 Pausan.
783 1445 866 1493 Vll,
891 1448 916 1485 2
940 1444 975 1496 §.
995 1447 1033 1485 7.

372 1504 474 1548 Quos
497 1507 685 1555 serpentes
708 1507 836 1540 contra
859 1502 1034 1539 disertum

370 1560 555 1598 Herodoti
580 1559 847 1605 testimonium,
889 1560 952 1608 qui
971 1571 1034 1595 eos

375 1617 567 1654 maximam
602 1622 744 1666 partem
778 1629 798 1653 e
825 1615 1036 1664 regionibus

375 1673 645 1723 superioribus,
691 1672 714 1709 i.
749 1685 780 1709 e.
817 1671 1036 1721 septentrio-

377 1729 519 1767 nalibus
546 1730 662 1778 iisque
682 1728 837 1766 desertis
856 1749 913 1755 —-
931 1724 1034 1765 ἅνω-

376 1789 453 1825 θεν
479 1785 520 1824 ἐκ
544 1788 625 1824 τῶν
651 1781 813 1837 ἐρήμων
832 1806 888 1812 —
909 1797 1035 1834 super-

377 1843 517 1880 venisse
537 1846 681 1888 narrat,
718 1854 734 1878 e
764 1841 905 1877 meridie
932 1841 1036 1878 Neu-

375 1912 495 1936 rorum
531 1899 718 1947 regionem
751 1899 925 1934 invasisse
960 1896 1036 1933 vult

377 1956 549 2005 Kiippen.
579 1954 782 2003 Nordgest.
810 1955 847 1991 d.
870 1955 973 1990 Pont.
1000 1967 1035 2002 p.

378 2014 480 2058 103,
534 2012 699 2048 nimirum
751 2024 771 2049 e
824 2010 1035 2060 regionibus

376 2068 557 2117 Opln'usae
584 2068 624 2114 (i.
654 2081 685 2104 e.
715 2068 947 2117 serpentinae
975 2079 1035 2103 ur-

374 2125 471 2170 bis),
508 2125 556 2162 ad
579 2123 717 2174 Tyram
740 2125 888 2161 fluvium
918 2124 1033 2168 sitae3

372 2181 425 2218 ita
452 2185 493 2217 ut
519 2185 709 2231 serpentes
747 2181 804 2217 isti
840 2179 1034 2218 tessararia

373 2238 495 2288 potius
517 2238 659 2274 ratione
680 2237 752 2273 sint
772 2236 975 2287 accipiendi
997 2240 1034 2273 et

368 2294 417 2330 ad
458 2306 559 2330 sacra
601 2293 869 2343 religionesque
895 2292 1029 2330 Neuris

368 2350 556 2400 oppositas
588 2351 812 2394 referantur,
859 2362 1030 2399 praeser-

369 2407 434 2442 tim
463 2419 543 2442 cum
567 2406 677 2443 multa
698 2407 735 2442 in
760 2406 889 2443 fabulis
910 2419 951 2442 ac
973 2418 1030 2441 sa-

370 2462 439 2499 cris
470 2467 545 2499 tam
574 2463 798 2499 Graecorum
830 2475 937 2511 quam
973 2461 1032 2498 ln-

371 2519 500 2556 dorum
519 2520 653 2556 mentio
670 2522 891 2568 serpentum.
924 2518 1031 2561 Quae

372 2575 542 2624 equidem
565 2588 622 2612 me
642 2575 876 2625 peritioribus
897 2575 1031 2612 diiudi-

372 2632 488 2668 canda
507 2632 683 2681 relinquo.
715 2631 805 2668 Mihi
823 2631 921 2669 haud
939 2645 1031 2681 pau-

373 2700 415 2724 ca
451 2689 497 2724 de
524 2688 692 2735 locustis,
729 2701 822 2738 quae
854 2689 1030 2725 immensa

372 2744 602 2783 multitudine
630 2745 926 2796 supervenientes
956 2757 1031 2781 me-

372 2801 566 2839 ridionales
577 2802 731 2839 Russiae
751 2802 920 2850 regiones
934 2800 1030 2837 Pon-

373 2862 411 2895 to
450 2860 631 2908 proximas
670 2859 720 2896 ita
768 2862 937 2904 vastant,
992 2860 1032 2893 ut

374 2914 472 2952 nulla
493 2914 629 2966 planta,
657 2914 753 2953 nulla
772 2914 884 2954 herba
902 2915 938 2951 in
955 2914 1033 2952 solo

1092 776 1300 820 remaneat,
1337 771 1476 821 legenti
1509 772 1544 809 in
1575 771 1753 810 recentio-

1092 842 1170 866 rum
1202 829 1517 879 peregrinatorum
1549 829 1755 874 itinerariis,

1092 885 1292 934 aliquando
1312 886 1347 921 in
1367 889 1527 922 mentem
1549 885 1660 930 venit,
1683 897 1755 920 ser-

1087 946 1230 992 pentes,
1260 941 1391 990 quibus
1412 941 1527 978 Neuri
1550 941 1655 977 eiecti
1675 941 1755 977 fue-

1094 1000 1187 1045 rint,
1218 998 1372 1034 locustas
1397 999 1528 1044 fuisse,
1559 1009 1656 1046 quae
1674 1009 1754 1033 cum

1093 1068 1218 1093 omnes
1240 1060 1358 1092 terrae
1376 1056 1499 1103 fruges
1517 1054 1567 1089 ita
1584 1053 1754 1090 comede-

1093 1112 1188 1157 rint,
1228 1116 1269 1147 ut
1299 1110 1386 1147 nihil
1410 1122 1558 1160 prorsus
1593 1108 1753 1146 relictum

1093 1172 1207 1213 esset,
1250 1172 1397 1215 gentem
1428 1167 1524 1203 victu
1549 1166 1753 1202 necessario

1093 1224 1269 1273 privatam
1313 1223 1502 1271 cogerint,
1559 1226 1598 1257 ut
1634 1222 1754 1270 patria

1091 1284 1187 1317 terra
1209 1278 1355 1326 relicta,
1387 1278 1458 1315 alio
1489 1291 1529 1315 se
1557 1277 1754 1325 conferret,

1093 1336 1154 1373 ubi
1172 1336 1284 1372 vitam
1304 1339 1512 1372 sustentare
1528 1337 1666 1384 posset.

1149 1391 1189 1439 ἐς
1200 1388 1235 1439 ὃ,
1247 1387 1486 1442 πιεζόμενοι,
1507 1389 1674 1440 οἴκησαν
1687 1403 1752 1440 με·

1091 1445 1141 1487 vn?
1152 1448 1373 1496 Βουδίνων,
1391 1444 1464 1498 τὴν
1481 1446 1639 1487 ἑωυτῶν
1654 1445 1752 1485 ἔκλι-

1090 1500 1246 1554 πόντες]
1270 1506 1291 1541 i.
1313 1518 1344 1543 e.
1365 1504 1469 1541 donec
1480 1505 1596 1554 pressi
1614 1503 1679 1550 (ab
1697 1502 1752 1539 his

1092 1562 1325 1612 serpentibus
1356 1566 1488 1598 terram
1528 1560 1752 1597 devastanti-

1091 1619 1160 1655 bus
1181 1618 1228 1655 ad
1253 1618 1362 1654 sedes
1384 1630 1469 1654 suas
1494 1615 1751 1664 relinquendas

1091 1674 1222 1722 coacti)
1261 1687 1334 1710 una
1360 1686 1437 1710 cum
1460 1672 1618 1709 Butlz'nz's
1649 1672 1752 1708 laabi-

1091 1734 1231 1778 tarunt,
1253 1744 1319 1767 sua
1336 1732 1489 1780 ipsorum
1505 1732 1601 1766 terra
1619 1728 1750 1777 (quam

1090 1788 1189 1838 prius
1219 1788 1429 1834 tenuerant)
1472 1786 1607 1825 relicta.
1666 1785 1751 1828 Quo

1092 1844 1239 1880 minime
1266 1843 1354 1879 illud
1373 1844 1574 1889 indicatur,
1603 1841 1750 1879 Neuros

1092 1904 1291 1950 postquam
1331 1912 1352 1935 a
1393 1899 1621 1949 serpentibus
1658 1897 1752 1948 pulsi

1091 1957 1140 1993 ad
1171 1956 1336 1993 Budinos
1372 1956 1650 2001 successissent,
1687 1954 1752 1991 de—

1091 2026 1163 2049 nuo
1194 2011 1443 2063 (serpentibus
1467 2011 1532 2048 illis
1558 2024 1607 2048 sc,
1628 2023 1752 2060 egres-

1091 2069 1160 2117 sis)
1191 2069 1228 2106 in
1258 2069 1396 2120 priores
1428 2069 1534 2106 sedes
1561 2079 1748 2116 regressos

1091 2139 1172 2163 esse
1197 2125 1260 2172 (ut
1279 2125 1406 2162 volunt
1426 2126 1624 2170 Gatterer.,
1650 2123 1749 2160 Hee-

1090 2196 1167 2220 ren.
1187 2182 1216 2229 Ι,
1235 2186 1261 2223 2
1283 2196 1319 2233 p.
1338 2184 1434 2229 276,
1465 2181 1634 2218 Volcker.
1655 2179 1677 2215 l.
1695 2179 1716 2216 1.
1731 2180 1748 2215 I

1090 2252 1177 2289 pag.
1227 2240 1347 2285 181),
1394 2238 1460 2276 sed
1500 2238 1619 2287 potius
1659 2235 1748 2272 illud

1090 2308 1222 2342 unum,
1274 2294 1437 2342 Neuros,
1487 2294 1632 2331 sedibus
1673 2292 1746 2328 suis

1087 2351 1242 2398 relictis,
1285 2352 1333 2388 ad
1361 2351 1526 2388 Budinos
1555 2348 1747 2386 secessisse

1088 2416 1124 2446 et
1153 2421 1233 2445 cum
1265 2408 1306 2443 iis
1334 2421 1406 2444 una
1426 2406 1608 2444 habitasse
1625 2417 1669 2441 ea
1692 2404 1746 2440 ni-

1088 2466 1218 2501 mirum
1247 2468 1393 2511 aetate,
1423 2463 1496 2512 qua
1521 2462 1607 2498 vixit
1626 2454 1747 2498 Hero-

1088 2521 1211 2557 dotus.
1242 2521 1298 2557 Ita
1317 2526 1413 2557 recte
1435 2519 1530 2555 hunc
1553 2518 1666 2554 locum
1687 2530 1747 2555 ac-

1089 2578 1229 2626 cepisse
1257 2576 1360 2614 video
1380 2575 1563 2612 Mannert.
1588 2574 1636 2610 lV
1662 2586 1747 2624 pag.

1091 2635 1170 2674 102
1212 2634 1388 2670 immerito
1430 2631 1688 2682 reprehensum
1725 2643 1748 2667 a

1087 2689 1282 2739 Kiippenio
1313 2689 1334 2726 l.
1366 2689 1388 2726 l.
1419 2702 1504 2738 pag.
1541 2689 1644 2733 103,
1685 2687 1748 2736 qui

1088 2747 1136 2784 ad
1169 2746 1332 2783 Budinos
1360 2745 1474 2783 Neuri
1501 2745 1601 2794 quod
1621 2744 1748 2781 confu-

1089 2804 1221 2852 gerint,
1243 2802 1279 2838 id
1295 2815 1338 2839 ex
1357 2802 1478 2852 stirpis
1489 2801 1647 2851 quadam
1657 2813 1747 2848 cog-

1089 2860 1236 2897 natione
1265 2860 1379 2909 repeti
1407 2871 1517 2909 posse
1545 2857 1745 2895 contendit.

1094 2938 1142 2943 --
1184 2915 1242 2954 De
1275 2914 1314 2963 ἐς
1349 2911 1390 2964 ὁ,
1430 2916 1529 2953 euius
1565 2913 1644 2951 loco
1667 2913 1748 2951 libri
