1904 3304
569 322 913 362 THALIA.
968 323 1032 363 III.

1379 324 1436 363 35

129 433 423 490 Ξοίκημένους
453 432 499 476 δὲ
529 433 696 489 Λιβύης
725 433 794 477 ἐπὶ
822 437 875 490 τῇ
904 433 1030 490 νοτίῃ
1058 429 1273 489 θαλάσσῃ.
1332 433 1434 487 βου-

158 505 378 563 λευομένῳ
418 503 464 548 δέ
502 505 546 547 οἱ
581 504 719 558 ἔδοξε,
764 505 833 549 ἐπὶ
873 505 953 560 μὲν
983 504 1319 559 Καρχηδονίους
1355 501 1493 545 τόν30

159 576 370 620 ναυτικὸν
400 576 586 632 στρατὸν
613 576 912 620 ἀποστέλλειν·
969 576 1037 619 ἐπὶ
1066 575 1112 619 δὲ
1148 573 1432 630 Ἀμμωνίους,

160 652 240 691 τοῦ
269 652 400 701 πεζοῦ
429 648 749 704 ἀποκρίναντα·
791 648 858 691 ἐπὶ
889 647 936 690 δὲ
964 647 1067 698 τοὺς
1093 647 1329 697 Αἰθίοπας,
1359 661 1434 688 κα-

157 718 319 770 τόπτας
347 724 544 774 πρῶτον,
577 721 825 776 ὀψομένους
855 736 900 763 τε
928 717 1007 774 τὴν
1038 719 1085 762 ἐν
1105 717 1302 761 τούτοισι
1323 721 1436 760 τοῖσι

158 792 347 843 Αἰθίοψι
387 791 625 849 λεγομένην
661 790 773 835 εἶναι
814 790 941 847 ἡλίου
993 789 1225 845 τράπεζαν,
1272 791 1308 833 εἰ
1347 789 1437 833 ἔστι

159 860 381 920 ἀληθέως,
423 864 497 907 καὶ
533 863 641 918 πρὸς
678 861 814 919 ταύτῃ
848 862 902 906 τὰ
933 860 1043 904 ἄλλα
1084 860 1434 917 κατοψομένους·

101 1053 264 1086 statuere
281 1062 456 1099 perquam
470 1048 628 1087 difficile.
657 1048 768 1092 Quod

103 1106 199 1143 enim
221 1105 305 1142 olim
330 1105 540 1143 Macrobios
562 1107 610 1142 ad
630 1106 767 1142 tribum

102 1162 289 1211 quandam
303 1161 420 1208 (nunc
441 1163 621 1199 nominari
640 1162 767 1199 dicunt

103 1217 338 1268 Shangallas)
366 1224 514 1256 auctore
536 1219 674 1265 Bruce,
707 1232 767 1255 ce-

103 1275 294 1313 leberrimo
313 1276 601 1325 peregrinatore,
631 1274 768 1313 retule-

104 1337 211 1378 runt,
241 1332 279 1368 id
310 1333 474 1380 quamvis
498 1345 614 1382 nuper
638 1333 684 1369 ab
706 1345 769 1369 eo-

106 1389 189 1425 dem
213 1387 432 1424 Maltebrun.
468 1388 490 1424 Ι.
520 1388 541 1424 l.
572 1401 656 1436 pag.
686 1390 768 1428 360

106 1444 187 1494 (ubi
216 1445 424 1481 Macrobios
455 1445 500 1481 ab
524 1444 770 1494 Ichthyopha-

107 1502 163 1550 gis
183 1501 293 1549 longe
319 1506 480 1538 remotos
506 1501 615 1538 fuisse
635 1499 768 1550 negat)

107 1559 228 1594 denuo
250 1562 480 1606 susceptum,
511 1557 641 1594 falsum
665 1570 770 1608 repe-

106 1615 195 1651 ritur
230 1614 462 1651 monentibus
501 1613 688 1651 Larchero
734 1617 770 1650 et

105 1670 312 1716 Heereni0‚
342 1683 422 1706 cum
452 1671 520 1707 ista
554 1684 646 1718 gens
676 1671 770 1707 infra

105 1727 296 1775 regionem
318 1728 509 1765 auriferam
523 1727 629 1764 Gaba
644 1732 679 1764 et
690 1727 770 1764 Nu-

106 1784 154 1820 ba
175 1785 221 1820 ad
240 1788 432 1832 utramque
452 1783 528 1820 Nili
552 1784 682 1834 ripam,
713 1797 771 1821 se-

106 1840 349 1890 ptentrionem
387 1853 511 1877 versus
548 1853 569 1876 a
606 1839 771 1877 Fazukla

106 1897 260 1943 habitet,
281 1901 317 1933 et
336 1897 484 1945 quidem
506 1897 627 1934 media
644 1897 681 1933 in
698 1903 771 1934 ter-

106 1966 148 1990 ra
173 1952 300 2003 procul
327 1965 348 1990 a
378 1954 490 1999 mari,
519 1966 586 1991 nec
608 1966 770 2002 unquam

108 2010 145 2046 in
172 2009 278 2046 urbes
306 2014 453 2056 coacta,
484 2023 552 2046 nec
581 2011 628 2046 ad
658 2011 770 2046 vitam

107 2067 225 2114 magis
257 2065 417 2112 civilem,
455 2065 598 2114 qualem
624 2066 772 2103 Macro-

109 2122 189 2159 bios
225 2123 342 2171 egisse
377 2123 463 2158 satis
495 2123 657 2159 ostendit
692 2123 772 2170 ipsa

106 2178 474 2225 Herodotinarratio,
485 2179 661 2215 traducta.
694 2178 774 2215 He-

107 2235 229 2272 rodoti
256 2234 433 2272 Macrobii
460 2236 505 2271 ad
537 2248 637 2272 mare
664 2235 772 2272 sedes

108 2292 244 2329 habere
270 2292 450 2337 dicuntur,
477 2292 513 2328 in
535 2292 689 2329 maxime
716 2304 773 2328 re-

109 2349 218 2385 motis
253 2353 430 2386 terrarum
468 2349 565 2385 orbis
608 2348 772 2398 partibus

109 2405 204 2451 (111,
227 2403 346 2455 114),
377 2405 425 2441 ad
452 2417 544 2453 qnos
571 2405 772 2452 Cambyses

108 2462 177 2498 iter
196 2462 346 2507 faciens,
376 2461 536 2510 quintam
562 2462 672 2498 modo
693 2462 774 2498 viae

108 2521 250 2568 partem
271 2518 442 2568 explevit,
473 2531 551 2554 cum
575 2531 614 2555 re
638 2519 775 2554 infecta

111 2573 186 2623 (ΙΙΙ
203 2601 213 2619 ,
262 2573 346 2624 25)
388 2575 616 2611 redeundum
663 2579 772 2611 esset.

112 2630 237 2673 Quare
256 2631 314 2667 xix
339 2631 501 2677 dubium,
532 2631 648 2679 magis
668 2631 776 2667 meri-

113 2686 209 2723 diem
228 2700 353 2724 versus
377 2688 483 2724 sedes
502 2687 774 2724 Macrobiorum

112 2755 195 2779 esse
224 2744 476 2790 quaerendas,
511 2750 550 2780 ut
576 2750 674 2781 recte
700 2749 774 2779 sta-

112 2799 184 2835 tuit
204 2799 363 2836 Heeren.
384 2800 406 2835 l.
424 2801 446 2836 l.
467 2813 551 2850 pag.
574 2802 655 2841 337
670 2829 680 2845 ,
712 2800 775 2848 qui

113 2855 270 2892 Cosmae
309 2857 553 2893 narrationem
593 2857 639 2893 de
678 2861 776 2893 terra

113 2912 205 2948 Susa
236 2912 357 2960 (quod
377 2925 511 2949 nomen
536 2913 605 2949 iam
631 2913 774 2949 duobus

112 2973 198 3018 post
233 2968 465 3005 Herodotum
511 2968 660 3007 saeculis
701 2970 775 3007 fre-

948 941 988 953 n-
1000 944 1014 951 o

825 1060 941 1096 quens
971 1045 1191 1098 reperitur),
1222 1046 1300 1083 auri
1327 1044 1386 1082 illa
1411 1046 1493 1094 qui-

825 1104 909 1141 dem
949 1104 1058 1154 plena
1101 1105 1148 1141 ad
1193 1103 1287 1140 hanc
1326 1103 1373 1140 de
1411 1102 1495 1139 Ma-

823 1161 954 1198 crobiis
1012 1161 1257 1197 narrationem
1310 1159 1493 1204 referens,

823 1217 1034 1254 Macrobios
1066 1217 1133 1254 hac
1155 1217 1234 1266 ipsa
1262 1216 1299 1253 in
1325 1221 1424 1253 terra
1445 1216 1494 1253 ad

826 1287 930 1311 oram
975 1274 1189 1311 maritimam
1244 1286 1360 1323 prope
1409 1285 1494 1322 pro-

826 1332 1047 1368 montorium
1080 1331 1293 1375 Gardefan,
1342 1330 1378 1365 in
1420 1336 1493 1367 ter—

826 1400 891 1434 ra,
931 1400 1042 1436 quam
1075 1400 1171 1424 nune
1206 1390 1333 1424 tenent
1361 1385 1493 1423 Sama-

827 1444 884 1490 lis,
917 1444 1024 1480 sedes
1051 1444 1221 1480 habuisse
1241 1442 1356 1492 ponit.
1408 1443 1493 1479 Vid.

828 1501 942 1538 ldeen
960 1501 989 1545 Ι,
1014 1503 1033 1540 1
1058 1502 1187 1549 p.337
1207 1512 1309 1548 seqq.
1338 1512 1373 1548 p.
1395 1497 1493 1539 345.

828 1558 1007 1605 Idemque
1028 1561 1154 1593 monet
1173 1556 1227 1592 vir
1254 1557 1406 1599 doctus,
1437 1567 1494 1599 ea,

828 1626 923 1663 quae
940 1613 1157 1650 Herodotus
1182 1615 1341 1658 enarret,
1363 1612 1494 1648 nonni-

827 1670 875 1707 hil
897 1674 1122 1718 exaggerata
1142 1668 1258 1707 videri
1276 1673 1313 1706 et
1332 1668 1381 1705 ad
1399 1668 1496 1706 exci-

827 1728 980 1763 tandam
1027 1726 1310 1763 admirationem
1357 1724 1493 1771 efficta,

827 1784 1043 1834 praesertim
1073 1796 1155 1820 cum
1186 1795 1304 1832 aeque
1339 1795 1380 1819 ac
1410 1781 1495 1818 reli-

827 1853 922 1889 qua,
953 1840 1000 1876 de
1040 1839 1226 1889 Cambyse
1265 1851 1360 1888 quae
1392 1838 1495 1888 apud

826 1897 1059 1934 Herodotum
1081 1896 1272 1945 legantur,
1304 1908 1347 1933 ex
1371 1893 1496 1943 Aegy—

826 1954 991 2003 ptiorum
1022 1954 1252 1990 sacerdotum
1286 1965 1350 1989 ore
1379 1952 1497 1988 fluxe-

827 2011 908 2046 rint.
969 2010 1022 2046 Ac
1052 2010 1213 2058 regionis
1241 2009 1363 2046 Sebae
1394 2008 1494 2044 inco-

828 2065 880 2102 las
902 2065 1009 2103 valde
1029 2079 1213 2116 proceros,
1245 2078 1336 2114 quos
1356 2064 1495 2102 Iesaias

829 2122 952 2169 XLV,
991 2121 1041 2161 14
1082 2126 1367 2168 commemoret,
1420 2133 1495 2157 non

829 2178 918 2215 alios
932 2179 1043 2215 videri
1054 2184 1165 2227 atque
1177 2178 1386 2214 Macrobios
1397 2177 1495 2214 idem

830 2235 934 2271 addit
969 2248 1054 2283 pag.
1095 2237 1188 2275 350.
1227 2233 1381 2271 Rennel.
1416 2232 1436 2269 l.
1473 2232 1496 2269 l.

829 2305 915 2342 pag.
938 2292 1020 2332 572
1058 2292 1093 2328 iu
1123 2297 1242 2336 terra,
1275 2303 1370 2340 quae
1400 2302 1496 2326 nunc

830 2349 961 2384 dicitur
986 2348 1194 2398 Abyssfflia,
1225 2346 1495 2384 Macrobiorum

832 2405 939 2442 sedes
961 2404 1191 2441 collocandas
1215 2417 1296 2441 esse
1319 2407 1453 2441 censet.

887 2456 1087 2507 κατόπτας
1101 2459 1277 2511 πρῶτον]
1301 2456 1497 2505 κατόπτας

831 2517 1061 2567 speculatores
1085 2519 1173 2555 dicit
1202 2522 1314 2566 atque
1335 2515 1497 2566 explora-

832 2578 942 2619 tores,
985 2587 1076 2623 quos
1108 2575 1257 2611 eosdem
1292 2573 1377 2611 alibi
1412 2572 1496 2619 (ΙΙΙ,

837 2634 898 2671 19.
919 2631 984 2670 25.
1009 2633 1098 2672 136.
1123 2633 1222 2677 138)
1251 2635 1358 2667 vocat
1378 2643 1490 2667 κατα-

835 2683 1020 2732 σκόπους.
1065 2687 1167 2725 Idem
1200 2687 1415 2723 vocabulum
1441 2686 1497 2722 in-

834 2745 888 2780 sra
910 2743 973 2789 ΙΙΙ,
994 2747 1058 2784 21.
1090 2744 1197 2780 Conf.
1217 2743 1342 2780 Pollux
1364 2743 1408 2789 Il,
1430 2745 1496 2783 59.

893 2799 927 2838 εἰ
951 2799 1030 2838 ἔστι
1052 2796 1252 2849 οἷληθὲως]
1284 2800 1306 2836 ἰ.
1336 2813 1366 2836 e.
1391 2812 1436 2835 an
1463 2811 1499 2855 [e

833 2868 915 2893 vera
936 2859 990 2894 ita
1005 2872 1038 2893 se
1059 2858 1206 2899 leabeczt,·
1230 2857 1289 2892 nbi
1312 2856 1424 2893 verbo
1447 2857 1498 2892 εἰ·

833 2927 900 2951 ναι
928 2915 1140 2951 adiunctum
1182 2918 1238 2951 est
1272 2912 1497 2954 adverbium,

833 2970 881 3007 de
897 2982 985 3019 quo,
1006 2970 1096 3008 alios
1115 2975 1156 3007 ut
1175 2975 1329 3015 taceam,
1360 2968 1499 3005 monuit

1219 3021 1279 3064 ὃ*
