1904 3304
535 230 1212 271 MELPOMENE.1V.

239 347 284 397 ὃς
323 341 590 401 βουλόμενος
630 340 771 386 Ἰνδόν
818 342 1037 399 ποταμὸν,
1097 341 1145 394 ὃς
1188 341 1531 397 κροκοδείλουςΒ

238 414 442 468 δεύτερος
474 417 604 465 οὗτος
633 417 844 470 ποταμῶν
867 413 1047 457 πάντων
1067 412 1318 469 παρέχεται,
1348 415 1508 455 τοῦτον

236 487 313 530 τὸν
335 486 534 541 ποταμὸν
554 486 713 529 εἰδέναι
734 490 787 542 τῇ
818 486 860 537 ἐς
880 486 1111 530 θάλασσαν
1131 485 1321 532 ἐκδιδοῖ,
1352 482 1510 538 πέμπει

1423 231 1507 271 367

234 558 428 600 πλοίοισι
469 558 630 608 α’λλους
676 574 721 600 τε
774 563 887 599 τοῖσι
937 558 1131 601 ἐπίστευε
1169 555 1249 614 τήν
1288 553 1508 611 ἀληθηίἠν

206 627 398 683 Ωέρέειν,
429 629 501 671 καὶ
533 628 585 683 δὴ
618 628 690 671 καὶ
720 627 932 670 Σκύλακα
963 627 1103 683 ἄνδρα
1128 626 1404 681 Καρυανδέα.
1454 625 1842 675 0535be..‘2=1n‹1.ana-

235 699 304 750 δὲ,
344 699 607 756 ὁρμηθέντες
649 700 695 743 ἐκ
727 698 1029 753 Κασπατύρου
1067 716 1109 742 τε
1148 698 1303 749 πόλιος
1331 699 1404 741 καὶ
1434 702 1510 755 τῆς

238 774 490 827 Πακτυϊκῆς
528 775 624 827 γῆς,
666 771 818 814 ἔπλεον
848 769 957 812 κατά
991 769 1193 826 ποταμὸν
1226 769 1339 825 πρὸς
1368 769 1434 827 ἠῶ
1463 786 1508 814 τε

380 953 488 1002 Cap.
522 952 652 990 xle.

237 1006 282 1056 ὸς
331 1010 610 1061 κροκοδείλοις
661 1004 843 1059 δεύτερος

179 1081 298 1112 ουτος
324 1082 358 1104 κ.
387 1081 418 1104 τ.
412 1064 485 1122 L]
526 1065 586 1103 Ad
622 1065 841 1102 locutionem

179 1118 362 1174 δεύτερος
378 1123 495 1168 οὑτος
517 1124 611 1159 conf.
630 1123 659 1168 Ι,
681 1123 734 1163 25
754 1123 841 1170 ibiq.

179 1185 273 1217 nott.
314 1180 373 1217 De
399 1179 582 1216 crocodilo
602 1180 697 1217 conf.
721 1179 765 1224 ll,
787 1181 840 1219 67

180 1249 283 1286 seqq.
301 1237 425 1285 ibique
441 1237 628 1273 adnotata.
661 1236 743 1272 Hoc
763 1236 841 1272 loco

179 1293 267 1329 illud
315 1293 526 1338 adiicimus‚
581 1296 676 1329 teste
717 1291 841 1329 wahl.

181 1349 400 1386 Erdbeschr.
424 1362 457 1385 v.
480 1349 625 1386 Ostind.
653 1360 737 1398 pag.
759 1349 840 1388 838

179 1406 217 1441 in
238 1405 351 1452 ludo,
393 1405 527 1453 Gange
552 1405 704 1454 aliisque
726 1405 843 1442 amni-

180 1462 246 1498 bus
278 1462 437 1510 regionis
464 1463 673 1498 Hindostan
704 1474 745 1498 ac
763 1461 841 1498 De-

178 1531 245 1554 can
290 1517 422 1555 multos
466 1518 649 1567 hodieque
692 1518 841 1567 reperiri

177 1574 378 1611 crocodilos
407 1573 647 1624 Aegyptiacis
677 1574 732 1612 vel
764 1587 842 1610 ma-

176 1631 358 1667 iores.—-
387 1630 444 1667 Ad
479 1631 625 1668 voculae
658 1634 706 1684 τῇ
736 1643 840 1667 usum

176 1687 292 1734 confi,
331 1700 425 1736 quae
451 1687 630 1724 simillima
655 1700 698 1724 ex
717 1688 840 1724 Hero-

177 1744 266 1780 doto
314 1744 501 1793 congessit
549 1745 682 1782 Struve
729 1744 839 1794 Spec.

177 1804 245 1837 etc.
262 1799 300 1847 I,
331 1813 417 1850 pag.
438 1802 488 1841 31
515 1813 640 1850 seqq.;
672 1807 709 1838 et
728 1800 839 1850 paulo

177 1861 285 1893 antea
309 1857 356 1893 ad
381 1857 492 1894 verba
511 1859 654 1896 τοῦτον
675 1854 746 1896 τόν
768 1872 840 1895 πο-

177 1909 300 1961 ταμὸν
327 1913 371 1949 cf.
401 1913 536 1951 Matth.
571 1914 636 1951 Gr.
656 1914 721 1950 Gr.
750 1927 838 1964 pag.

179 1969 272 2009 877.
299 1969 376 2008 881
400 1982 503 2019 seqq.
524 1993 575 1998 —
608 1970 740 2019 Attigit
761 1971 840 2008 He-

178 2025 352 2070 rodotea,
391 2031 562 2063 monente
593 2026 684 2073 Cr.‚
716 2027 760 2064 A.
790 2027 837 2064 G.

178 2080 356 2128 Schlegel.
379 2081 456 2119 Ind.
474 2082 569 2119 Bibl.
591 2082 636 2130 ll,
656 2085 681 2124 3
701 2097 736 2133 p.
756 2084 838 2123 298

178 2142 214 2175 et
244 2136 349 2184 304,
392 2139 453 2175 ubi
488 2140 534 2177 de
565 2140 712 2176 nomine
741 2140 841 2176 fluvii

177 2193 282 2239 Indi,
321 2196 384 2243 qui
414 2197 561 2245 proprie
587 2196 633 2233 sit
663 2195 838 2233 Sae'ndlaus.

235 2245 424 2289 Σκύλακα
444 2248 570 2303 ἄνδρα
583 2251 836 2303 Καρυανδέα]

177 2305 235 2343 De
259 2306 411 2358 Scylace
437 2309 473 2345 in
491 2309 655 2358 Excursu
683 2310 733 2346 ad
755 2310 789 2346 h.
818 2309 840 2346 Ι.

177 2363 332 2411 egimus.
386 2364 608 2415 Caryanda,
652 2379 747 2415 quae
784 2373 841 2404 est

178 2420 309 2458 Cariae
328 2421 427 2469 urbs,
458 2423 494 2459 in
513 2424 594 2473 ipso
617 2423 839 2460 continentis

177 2479 297 2513 terrae
315 2477 419 2515 litore
438 2480 558 2529 posita
582 2480 650 2527 (de
673 2493 745 2529 qua
765 2480 838 2517 vid.

179 2530 386 2571 Tzschuck.
417 2536 464 2571 ad
493 2535 672 2587 Pompon.
701 2536 788 2573 Mel.
811 2536 839 2584 Ι,

181 2589 231 2626 16
259 2594 350 2627 nott.
377 2603 471 2640 exeg
446 2605 509 2640 g.g
542 2606 628 2643 pag.
653 2591 731 2632 471
757 2593 840 2630 Vol.

178 2642 228 2679 ΙΙΙ
263 2643 304 2682 Ρ.
334 2646 368 2693 l)
405 2649 579 2686 oriundus
618 2650 677 2687 ille
718 2650 840 2701 perhi-

179 2698 293 2737 betur.

235 2754 518 2807 όρμηθέντες’
502 2775 543 2798 εκ
563 2757 838 2813 Κασπατυρου

179 2825 219 2849 τε
250 2809 384 2860 πόλιος
410 2814 475 2854 καὶ
504 2819 575 2866 τῆς
605 2821 839 2870 Πακτυικῆς

180 2869 278 2919 7²19]
311 2871 332 2908 i.
353 2883 384 2908 e.
410 2872 568 2923 profecti
594 2887 611 2911 e
640 2875 839 2928 Caspatyro

901 952 985 988 urbe
1014 954 1223 1002 regiumque
1254 952 1440 1003 Pactyz'ca.
1492 953 1566 990 Ubi

900 1008 1126 1046 Maltebrun.
1160 1010 1305 1047 Annali.
1345 1011 1381 1047 d.
1422 1010 1564 1058 Voyag.

902 1065 932 1102 ll
960 1079 995 1115 p.
1028 1068 1112 1107 330
1146 1079 1224 1116 seq.
1252 1067 1401 1104 ierbum
1433 1065 1564 1117 ὁρμᾶ-

900 1127 999 1160 σθαι
1038 1122 1157 1159 latiori
1193 1136 1303 1160 sensu
1333 1124 1446 1174 accipi
1470 1123 1561 1169 vult,

899 1184 939 1215 ut
962 1180 1008 1215 sit
1026 1181 1150 1228 partit·
1168 1180 1202 1216 (Γ
1225 1194 1274 1216 un
1288 1182 1393 1230 point
1411 1181 1452 1217 (Ie
1474 1185 1563 1217 terre

891 1234 1005 1285 ferme
1035 1249 1127 1286 pour
1153 1236 1245 1273 aller
1271 1250 1346 1273 vers
1370 1251 1419 1274 un
1449 1241 1562 1274 autre.

900 1293 983 1336 Quo
1017 1306 1125 1329 sensu
1155 1294 1184 1330 si
1211 1293 1268 1330 hic
1285 1293 1482 1344 accipiatur
1501 1292 1563 1343 ὄρ-

901 1364 953 1398 μη
963 1348 1117 1395 θέντες,
1144 1350 1231 1386 nihil
1260 1351 1379 1387 inesse
1401 1356 1506 1400 putat
1525 1353 1561 1387 in

900 1406 1084 1442 Herodoti
1116 1407 1253 1453 verbis,
1287 1408 1388 1456 quod
1420 1408 1562 1457 Caspa-

900 1463 970 1511 tyri
991 1463 1115 1499 urbem
1138 1463 1186 1498 ad
1208 1464 1335 1500 Indum
1352 1464 1458 1500 sitam
1479 1477 1562 1502 esse

898 1531 964 1554 nos
985 1524 1148 1556 statuere
1162 1524 1283 1568 cogat.
1316 1520 1426 1564 Quod
1443 1522 1562 1570 ipsum

898 1576 1132 1612 coniunctum
1160 1580 1217 1613 est
1251 1589 1333 1613 cum
1362 1576 1465 1613 huius
1495 1577 1563 1613 viri

897 1631 997 1668 docti
1043 1633 1223 1669 sententia
1263 1633 1310 1670 de
1351 1633 1560 1684 Caspatyro

898 1688 986 1725 urbe
1005 1701 1047 1725 ac
1066 1690 1216 1737 regione
1238 1689 1422 1739 Paetyica,
1449 1703 1561 1739 quam

897 1745 933 1780 in
962 1744 1126 1782 Excursu
1147 1746 1195 1783 ad
1218 1746 1288 1794 ΙΙΙ,
1326 1749 1406 1787 102
1434 1752 1564 1796 protu-

897 1800 1012 1838 limus,
1044 1801 1231 1851 Scylacem
1249 1804 1346 1840 enim
1365 1804 1563 1841 arbitratur

897 1859 1092 1907 navigasse
1119 1872 1193 1896 non
1226 1873 1293 1909 per
1313 1859 1462 1908 Indum,
1495 1861 1562 1898 sed

896 1927 963 1964 per
982 1915 1090 1952 alium
1103 1917 1286 1964 quendam
1299 1917 1464 1964 fluvium,
1486 1918 1562 1967 qui,

896 1971 943 2008 ab
995 1973 1183 2023 occidente
1232 1974 1408 2010 orientem
1449 1979 1562 2023 atque

896 2028 1084 2065 meridiem
1105 2042 1232 2067 versus
1256 2029 1445 2076 delabens,
1469 2030 1560 2066 Indo

897 2096 937 2121 se
965 2085 1188 2132 admisceat,
1218 2099 1261 2123 ex
1291 2099 1364 2135 quo
1389 2087 1469 2137 ipso
1493 2087 1560 2124 de-

896 2153 995 2177 mum
1014 2142 1064 2177 ad
1086 2154 1208 2179 verum
1233 2143 1361 2180 Indum
1382 2156 1560 2193 pervene-

896 2197 944 2234 rit
960 2197 1103 2247 Scylax.
1132 2198 1192 2236 De
1212 2211 1284 2248 quo
1302 2199 1383 2250 ipso
1402 2213 1486 2236 mox
1506 2201 1560 2237 vi-

896 2254 1075 2291 debimus.

954 2308 1093 2349 ἔπλεον
1125 2325 1224 2349 κατα
1256 2308 1433 2361 ποταμόν
1458 2328 1559 2364 προς

896 2361 958 2417 ἠῶ
991 2382 1030 2406 τε
1063 2366 1130 2406 καὶ
1160 2365 1277 2417 ἡλίου
1302 2363 1535 2416 ανατολας’
1518 2385 1559 2416 ες

896 2419 1135 2475 θαλασσαν]
1167 2425 1188 2462 i.
1213 2438 1245 2462 e.
1261 2427 1487 2475 navegarunt
1505 2439 1558 2463 se-

897 2481 1012 2517 cundo
1035 2483 1154 2532 fluvio
1180 2483 1342 2519 orientem
1373 2496 1493 2520 versus
1519 2485 1559 2520 in

896 2549 1001 2574 mare.
1042 2538 1165 2582 Quum
1194 2538 1305 2575 Indus
1334 2541 1484 2588 fluvius,
1519 2544 1560 2577 ut

896 2607 1004 2631 nemo
1032 2595 1166 2642 nescit,
1203 2596 1350 2633 minime
1381 2597 1558 2634 orientem

895 2663 1020 2688 versus
1071 2664 1210 2688 cursum
1261 2665 1365 2689 suum
1410 2653 1557 2701 dirigat,

896 2708 962 2745 sed
987 2720 1009 2745 a
1028 2708 1225 2754 montibus,
1257 2709 1354 2747 unde
1374 2710 1557 2759 provenit,

895 2768 996 2802 recta
1026 2765 1103 2801 fere
1128 2765 1317 2802 meridiem
1345 2779 1469 2802 versus
1492 2767 1557 2802 de-

895 2819 1051 2867 labatur,
1071 2821 1276 2859 Larcherus
1296 2822 1385 2859 haec
1403 2821 1556 2871 Scylaci‚

895 2877 1033 2929 quippe
1044 2877 1261 2928 intelligenti
1275 2879 1553 2929 peregrinatori,

1535 349 1558 381 0
1568 344 1657 371 Asiae
1669 351 1738 379 pars
1755 350 1772 369 a
1784 343 1834 369 Da-

1566 379 1610 405 rio
1645 378 1764 404 detecta
1789 385 1842 416 μοι·

1583 414 1636 446 Nc)
1647 413 1757 443 11‚cem
1775 411 1824 449 qui

1566 446 1602 472 ab
1642 445 1715 472 ludo
1749 431 1806 471 ’flu
1795 452 1842 470 ὀι

1565 480 1590 506 ci
1597 488 1646 519 ¹⁰¹¹.
1650 488 1690 506 ιιι
1679 483 1781 505 vectus
1798 481 1844 504 est

1567 513 1596 539 in
1623 514 1658 539 sii
1640 521 1719 539 ιιιιιιιι
1740 512 1843 539 Arabi

1567 555 1632 574 cuni
1681 555 1719 572 ιιιι
1724 555 1757 572 us
1778 550 1844 578 post

1585 581 1684 608 Nilum
1724 580 1826 612 ludim,

1586 623 1618 641 cr
1621 615 1736 641 uiocodl
1720 623 1752 640 os
1776 614 1813 640 ha

1569 683 1614 709 rio
1627 682 1752 710 subacti.
