1904 3304
552 240 903 282 THALIA.
963 243 1025 282 111.

1338 245 1421 288 163

147 367 280 397 κοντα
308 351 381 395 καὶ
409 348 677 408 τριηκόσιοι,
708 352 886 409 ἑκάστης
903 350 1068 410 ἡμέρης
1088 349 1148 404 εἷς
1171 350 1416 410 γινόμενος,

144 424 216 468 καὶ
245 421 435 466 τάλαντα
474 421 692 478 ἀργυρίου
731 422 1017 467 πεντακόσια·

1076 422 1247 466 τούτων
1282 438 1419 470 τεσσε-
1430 434 1476 468 30

143 494 336 550 ράκοντα
364 494 443 550 μὲν
474 495 548 538 καὶ
577 494 733 538 ἑκατὸν
763 495 805 546 ἐς
833 494 913 552 τη“ν
939 495 1254 552 φρουρέουσαν
1283 498 1418 543 ἵππον

138 564 219 622 τήν
249 567 453 621 Κιλικίην
489 565 638 622 χώρην
671 564 986 624 οἷναισιμοῦτο,
1027 565 1080 609 τὰ
1112 566 1157 610 δὲ
1186 568 1417 625 τριηκόσια

139 637 213 680 καὶ
243 635 450 693 ἑξήκοντα
481 639 655 694 Δαρείῳ
698 636 867 694 ἐφοίτα.
924 637 1062 694 νομὸς
1103 638 1303 694 τέταρτος
1346 637 1418 685 οὗ-

15 702 78 748 91
137 724 223 759 τος.
279 708 380 752 ’And
413 709 459 753 δὲ
491 712 758 766 Ποσειδηΐου
784 707 961 760 πόλιος,
993 708 1072 766 τὴν
1099 707 1360 768 Ἀμφίλοχος
1390 712 1414 757 ὁ

139 778 384 836 Ἀμφιάρεω
419 783 555 824 οἴκισε
586 780 652 824 ἐπ’
685 780 861 835 οὔροισι
899 785 1013 824 τοῖσι
1044 783 1238 825 Κιλίκων
1264 799 1309 826 τε
1339 784 1414 827 καὶ

140 852 327 907 Σύρων,
376 851 621 908 ἀρξάμενον
668 850 756 896 ἀπὸ
806 851 965 908 ταύτης
1002 852 1126 909 μέχρι
1167 854 1468 909 Αἰγύπτου,35

139 923 253 979 πλὴν
289 926 442 980 μοίρης
471 928 546 979 τῆς
573 921 808 980 Ἀραβίων,
858 928 995 967 ταῦτα
1034 924 1115 980 γὰρ
1153 919 1210 982 ἦν
1249 922 1413 978 ἀτελέα,

110 994 412 1051 Ξπεντήκοντα
451 996 525 1039 καὶ
554 993 779 1052 τριηκόσια
806 993 998 1039 τάλαντα
1028 994 1170 1053 φόρος
1199 992 1266 1053 ἦν.
1327 997 1416 1041 ἔστι

139 1122 294 1167 τούτων
339 1121 625 1177 τεσσεράκοντα
670 1122 742 1176 μὲν

81 1182 148 1222 καὶ
179 1180 320 1223 ἑκατόν
345 1198 378 1222 κ.
406 1197 437 1220 τ.
466 1182 526 1233 λ.]
562 1180 632 1233 μὲν
663 1196 742 1220 cum

79 1246 234 1278 recentt.
267 1241 352 1277 edd.
373 1240 500 1277 adieci.
532 1240 650 1288 Vulgo
677 1240 743 1277 ab-

81 1301 147 1336 est.
204 1297 356 1333 Atteudi
383 1296 457 1333 vult
483 1297 517 1332 h.
537 1296 559 1332 l.
585 1295 740 1333 Rennel.

80 1352 103 1389 l.
125 1353 169 1399 l.,
198 1358 237 1389 ut
267 1354 302 1389 in
329 1366 414 1401 que,
447 1353 546 1402 quod
575 1354 741 1403 nuspiam

80 1409 164 1446 alibi
191 1410 408 1456 invenimus,
429 1410 591 1458 equitum
611 1422 740 1446 manus

79 1467 188 1515 regiis
217 1466 390 1515 impensis
416 1467 609 1503 sustentari
639 1467 739 1503 dica-

78 1527 149 1559 tur.
208 1523 370 1559 Fuerunt
393 1524 487 1560 enim
509 1523 576 1559 hac
597 1523 632 1558 in
653 1536 740 1572 pro-

76 1579 193 1615 vincia
221 1580 365 1624 fauces,
397 1592 463 1629 per
493 1592 582 1628 quas
616 1579 738 1615 aditus

75 1635 114 1672 in
142 1636 296 1684 Syriam,
326 1633 552 1686 Aegyptum,
581 1635 738 1684 reliquas

75 1692 262 1729 interiores
283 1693 387 1741 regni
405 1697 527 1742 partes
550 1693 682 1742 patuit,
701 1696 738 1729 et

76 1761 118 1785 ex
141 1749 184 1785 iis
207 1749 291 1799 ipsis
318 1762 441 1786 rursus
462 1749 499 1785 in
522 1749 645 1785 Asiam
669 1750 737 1785 mi-

75 1817 209 1843 norem.
258 1805 298 1841 In
317 1805 445 1843 Xerxis
466 1806 580 1855 copiis
602 1805 735 1842 Cilices

76 1874 151 1898 non
181 1867 449 1907 memorantur3
486 1866 627 1898 centum
654 1867 737 1898 tan-

76 1921 153 1954 tum
179 1930 288 1954 naves
310 1918 532 1955 exhibebant
560 1918 642 1964 Vll,
668 1920 734 1958 91.

76 1995 133 2000 --
163 1976 309 2021 φοιτᾶν
346 1975 393 2011 de
425 1975 559 2011 tributo
593 1975 736 2021 dicitur,

77 2030 177 2078 quod
198 2031 234 2066 in
256 2031 395 2078 regium
420 2031 516 2067 redit
544 2032 735 2068 aerarium.

76 2086 185 2123 Conf.
207 2085 251 2133 V,
276 2089 326 2126 17
349 2086 429 2124 coll.
457 2086 537 2132 Vn,
558 2089 621 2128 23.

296 2177 401 2227 Cap.
419 2176 517 2214 XCI.

127 2249 221 2294 Ἀπὸ
245 2252 287 2293 δὲ
311 2256 557 2306 Ποσειδηΐου
579 2251 732 2306 πόλιος]

71 2310 173 2348 Haec
210 2312 294 2349 urbs
338 2314 529 2351 duodecim
569 2313 733 2350 milliaria

72 2369 259 2406 meridiem
279 2382 402 2406 versus
428 2374 483 2407 est
506 2370 575 2406 sita
597 2370 644 2406 ab
668 2383 731 2407 ex-

72 2427 188 2461 tremo
210 2426 289 2462 sinu
308 2426 431 2473 Issico,
452 2427 512 2463 ubi
530 2426 639 2476 vulgo
664 2427 727 2463 Ci-

72 2478 174 2518 liciae
199 2489 236 2518 et
257 2482 384 2530 Syriae
410 2484 498 2521 fines
524 2488 732 2533 ponuntur3

73 2547 164 2584 quos
184 2538 280 2587 ipsos
305 2539 489 2576 Herodoti
511 2544 632 2577 aetate
654 2553 731 2577 ma-

74 2591 129 2640 gis
159 2605 265 2641 quarn
286 2600 416 2644 postea
437 2597 623 2633 meridiem
650 2610 730 2634 ver-

73 2660 133 2684 sus
153 2656 338 2697 porrectos
349 2652 457 2689 fuisse
476 2653 646 2691 credibile
658 2658 726 2691 est.

73 2705 130 2740 Cf.
161 2705 287 2754 steph.
318 2706 407 2756 Byz.
438 2722 465 2745 s.
493 2722 524 2744 v.
567 2730 616 2736 -—-
667 2710 726 2747 De

72 2760 318 2810 Ampliz'loclao,
359 2768 440 2801 vate
479 2764 727 2812 celeberrimo,

71 2817 142 2853 vid.
163 2817 320 2855 Pausan.
340 2818 384 2865 ll,
413 2822 474 2860 18.
502 2823 566 2860 20.
592 2822 638 2869 V,
662 2826 724 2863 17.

72 2872 145 2916 Qui
164 2873 259 2912 idem
286 2875 322 2911 in
344 2875 470 2914 Cilicia
492 2874 648 2916 Mallum
667 2892 727 2916 ur-

1474 1000 1557 1044 245

800 1125 882 1162 bem
895 1125 1103 1162 condidisse
1119 1126 1245 1176 fertur,
1258 1130 1351 1165 teste
1364 1128 1467 1166 Stra-

801 1183 886 1218 bon.
907 1182 995 1218 XIV
1024 1195 1059 1232 p.
1088 1184 1170 1222 675
1198 1195 1226 1219 s.
1259 1197 1295 1233 p.
1321 1186 1403 1226 993
1422 1185 1468 1223 A.

799 1238 953 1275 Lucian.
982 1238 1178 1275 Alexandr.
1213 1237 1249 1290 ἓ.
1273 1243 1326 1282 29
1355 1241 1464 1279 Tom.

798 1295 833 1331 V
850 1307 935 1345 pag.
959 1297 1013 1334 92
1037 1296 1095 1332 ed.
1116 1295 1212 1345 Bip„
1231 1295 1320 1333 aliis.
1364 1298 1466 1342 Quin

799 1350 1001 1401 Pamphylii
1026 1351 1072 1388 ab
1101 1352 1142 1387 iis
1168 1353 1320 1390 Graecis
1354 1355 1467 1404 origi-

798 1420 882 1445 nem
903 1408 1048 1445 trahere
1069 1408 1293 1457 dicebantur,
1312 1411 1373 1459 qui
1393 1411 1463 1450 hoc

796 1464 876 1515 ipso
914 1463 1156 1514 Amphilocho
1186 1470 1224 1503 et
1258 1466 1462 1506 Calchante

797 1521 950 1558 ducibus
963 1525 1050 1571 post
1061 1521 1212 1558 Troiam
1223 1527 1367 1572 captam
1387 1524 1464 1561 dis-

794 1577 893 1628 persi
915 1577 985 1614 alio
1004 1578 1138 1615 fuerint
1159 1578 1318 1628 appulsi.
1350 1581 1459 1618 Cous.

793 1633 936 1672 Herod.
962 1634 1040 1681 Vll,
1070 1636 1134 1674 91.
1166 1635 1289 1672 Strab.
1311 1635 1398 1673 XIV
1422 1651 1459 1688 p.

795 1689 877 1731 642
892 1703 977 1741 pag.
999 1692 1073 1732 951
1101 1691 1143 1728 C.
1170 1711 1222 1718 —
1249 1691 1348 1738 „De
1371 1693 1461 1731 Am-

791 1747 977 1798 philocho,
1002 1748 1039 1784 in
1072 1748 1169 1785 cuius
1194 1747 1311 1785 locum
1338 1750 1458 1787 infau-

793 1808 851 1841 sta
867 1817 995 1841 manus
1014 1804 1245 1841 Antilochum
1273 1805 1459 1854 intulerat,

792 1861 863 1898 vid.
888 1861 1008 1900 Iacob
1028 1861 1077 1898 ad
1099 1860 1252 1898 Luciani
1273 1862 1373 1900 Alex.
1393 1862 1415 1900 l.
1435 1864 1456 1901 l.

790 1930 826 1968 p-
845 1917 893 1958 41
916 1930 970 1966 sq.
990 1922 1026 1954 et
1051 1931 1086 1968 p.
1110 1920 1188 1959 126
1212 1921 1282 1967 sq!
1286 1919 1399 1956 ‘.Cr

849 1969 1074 2023 ἄρξάμενον
1096 1968 1173 2013 α’πό
1199 1970 1391 2026 ταύτης]
1382 1989 1404 2013 ι.
1424 1989 1455 2014 e.

792 2030 885 2080 quod
921 2032 1051 2067 αΐίιηεί
1095 2031 1144 2066 acl
1183 2044 1312 2069 omnem
1349 2035 1456 2070 astum

793 2090 946 2123 tractum
978 2101 1001 2123 a
1032 2086 1224 2123 Posnlonw
1259 2101 1369 2138 usque
1406 2090 1456 2126 ad

793 2145 956 2193 Aegypti
964 2144 1062 2193 fines
1077 2147 1284 2193 porrectum.
1333 2146 1455 2182 Minus

792 2206 879 2250 apte
900 2213 979 2236 cum
998 2200 1177 2250 participii
1203 2214 1270 2237 usu
1291 2200 1454 2240 Larche-

793 2269 852 2293 rus
895 2261 1082 2306 comparat
1118 2257 1310 2308 participia
1349 2257 1455 2306 δέον,

788 2310 890 2360 ἐξόν,
921 2308 1063 2363 παρόν.
1121 2313 1180 2350 De
1200 2315 1342 2352 Arabia
1359 2317 1454 2353 conf.

788 2370 852 2416 Ill,
872 2374 908 2410 7.
925 2371 960 2408 8.
984 2371 1049 2410 88.
1081 2369 1309 2419 lntelligitur‚
1329 2373 1454 2419 credo,

787 2428 817 2463 is
840 2433 958 2465 terrae
982 2430 1132 2473 tractus,
1153 2428 1213 2475 qui
1237 2429 1375 2464 medius
1394 2429 1452 2466 in-

788 2488 845 2520 ter
860 2483 1067 2533 Aegyptum
1085 2489 1120 2520 et
1139 2483 1384 2521 Palaestinam
1397 2490 1453 2523 est

787 2541 892 2587 situs,
909 2540 1094 2586 Idumaea,
1106 2553 1200 2588 quae
1211 2540 1318 2589 vulgo
1340 2554 1452 2578 voca-

784 2601 856 2643 tur,
876 2600 912 2634 et
930 2597 1112 2634 desertum
1131 2597 1222 2634 inter
1245 2598 1388 2635 Gazam
1411 2602 1449 2636 et

785 2654 978 2690 Pelusium.
1010 2653 1117 2689 Conf.
1144 2653 1297 2691 Rennel.
1324 2653 1347 2690 l.
1365 2654 1388 2691 l.
1411 2668 1449 2705 p.

785 2708 878 2751 490.
919 2709 979 2747 De
1005 2709 1119 2760 Syria
1141 2709 1353 2746 Palaestina
1376 2711 1448 2747 vid.

784 2767 849 2813 ΙΙΙ,
868 2766 892 2806 5
912 2770 948 2803 et
969 2766 1050 2813 Vll,
1063 2768 1115 2805 89
1137 2766 1217 2802 coll.
1235 2767 1276 2803 F.
1288 2767 1338 2803 H.
1352 2767 1447 2804 Mfil-

784 2822 846 2860 ler.
877 2822 936 2860 De
964 2823 1065 2860 rebb.
1090 2823 1238 2859 Samitt.
1268 2823 1446 2871 (Berolin.

785 2880 914 2925 1831)
933 2891 1021 2930 pag.
1037 2881 1104 2919 27.
1207 2932 1225 2950 *
