1904 3304
545 294 1014 334 THALlA.111.
1362 296 1416 336 51

1477 403 1646 432 Samiorum
1657 425 1666 438 ‚
1701 404 1751 432 iti-

1477 446 1552 466 nere
1562 442 1678 474 septem
1688 438 1750 466 die-

147 406 293 461 ἒχουσι
321 404 401 461 μὲν
430 405 621 462 Σάμιοι,
658 408 736 462 τῆς
765 405 1054 461 Αἰσχριωνίης
1081 407 1224 461 φυλῆς
1251 401 1421 460 λεγόμε-

89 581 174 620 pag.
198 568 252 609 50
282 580 385 617 seqq.
425 567 584 617 Langles
611 567 647 605 in
678 567 754 619 Ap-

88 625 201 676 pend.
229 624 261 660 ΙΙ
288 624 336 661 ad
356 625 506 674 Voyage
535 626 582 662 de
609 626 755 663 Horne·

89 693 212 719 mann.
232 680 279 718 T.
300 680 330 717 ΙΙ
351 694 386 731 p.
413 680 492 721 343
511 695 616 731 seqq.
656 681 754 719 Nam

89 738 188 788 apud
209 738 348 785 Coptas
374 739 571 775 etiamnum
603 738 754 787 antiqua

90 806 159 831 vox
174 790 399 840 sive''Oamg
418 795 482 831 suit
498 796 573 832 sive
585 792 753 841 Αὕασις,

88 850 225 888 residet
271 851 308 887 in
356 852 480 887 formis
527 851 669 888 Oualesz'
718 855 755 888 et

91 907 236 954 Ombe,
279 920 431 956 qnorum
462 907 531 945 hoc
562 920 641 945 cum
661 906 754 943 Ara-

88 964 174 1001 bum
195 977 284 1001 voce
308 963 408 1010 Walv,
439 965 511 1013 qua
529 977 623 1002 nunc
643 963 753 1012 vulgo

89 1021 207 1058 Oases
241 1021 514 1069 significantur,
562 1021 754 1058 convenire

89 1077 228 1113 volunt.
288 1077 327 1113 ln
360 1077 491 1126 quibus
525 1076 696 1114 domicilii
725 1089 753 1112 s.

89 1133 159 1170 loci
184 1132 340 1170 habitati
367 1134 492 1170 subest
517 1135 631 1171 notio.
669 1133 753 1170 Vid.

88 1189 220 1226 Ritter.
246 1190 448 1227 Erdkunde
479 1190 494 1226 1
522 1203 607 1240 pag.
633 1188 751 1229 1004.

88 1245 258 1283 Minutoli
294 1247 408 1284 Reise
452 1259 484 1283 Ζ.
520 1248 556 1283 d.
596 1246 751 1296 Tempel

89 1303 157 1340 des
183 1303 295 1353 Jupp.
315 1302 435 1339 Amm.
469 1315 552 1352 pag.
577 1305 629 1343 86
662 1304 750 1351 ibiq.

88 1358 212 1395 laudd.
258 1364 294 1396 et
339 1360 500 1409 inprimis
539 1359 659 1396 [deler
694 1360 750 1395 in:

87 1415 344 1463 Fundgruben
373 1416 438 1452 des
461 1415 609 1452 Orients
644 1415 691 1451 IV
713 1429 750 1465 p.

90 1473 184 1510 397.
245 1471 356 1514 Quod
394 1484 479 1508 vero
509 1485 616 1508 uuam
645 1473 756 1509 modo

89 1526 228 1565 Noster
249 1532 353 1564 vocat
370 1528 504 1574 Oasin,
536 1528 669 1565 Strabo
691 1528 713 1564 l.
732 1526 753 1564 l.

89 1588 171 1630 tre-v,
201 1583 430 1621 Ptolemaeus
452 1584 534 1631 (lv,
554 1585 578 1624 5
604 1585 754 1635 p.260)

89 1640 200 1687 duas,
238 1653 327 1689 quas
355 1641 501 1678 easdem
535 1654 630 1677 nunc
664 1654 754 1690 quo

89 1709 162 1746 que
183 1698 432 1744 constituunt,
471 1710 648 1747 perquam
678 1710 755 1734 cre-

90 1752 200 1790 dibile
222 1753 284 1799 fit,
315 1766 408 1802 quae
430 1767 525 1790 nunc
545 1767 679 1802 magno
698 1755 754 1790 in-

88 1809 239 1847 tervailo
257 1815 476 1860 separantur
494 1811 611 1848 Oases
632 1811 754 1856 binae,

90 1878 152 1903 eas
175 1866 256 1902 olim
279 1879 386 1903 unam
414 1867 527 1904 fuisse
548 1867 755 1917 eandemque

90 1923 207 1959 Oasin
233 1924 456 1960 continuam.
487 1924 650 1967 Quarum
662 1936 756 1972 quae

90 1979 204 2015 maior
233 1984 307 2025 est,
347 1980 394 2016 ad
424 1981 609 2017 meridiem
638 1980 755 2028 magis

90 2046 263 2072 conversa
289 2036 404 2082 (nunc
432 2042 564 2073 vocant
586 2036 638 2072 El
664 2036 753 2072 Wak

90 2091 121 2127 el
140 2090 284 2128 Keblz'elo
307 2093 382 2128 sive
409 2093 517 2128 etiam
546 2092 755 2142 simpliciter

90 2146 143 2184 El
179 2147 321 2196 Wah)‚
372 2149 443 2184 sita
481 2149 698 2186 intermedia
733 2161 755 2184 a

89 2203 230 2241 Thebis
260 2205 491 2241 Ammoniurn
525 2206 756 2255 proficiscen-

91 2260 211 2307 tibus,
248 2273 329 2298 eam
363 2261 409 2297 ab
446 2261 637 2298 Herodoto
664 2261 697 2297 h.
731 2260 754 2297 l.

90 2316 265 2365 indicari,
312 2318 369 2354 vix
405 2317 576 2363 dubium3
616 2319 652 2354 in
684 2329 756 2366 qua

91 2373 154 2422 qui
188 2386 285 2410 nune
322 2373 528 2423 appellatur
567 2374 665 2411 locus
703 2373 756 2409 El

92 2428 264 2478 Karglffl,
321 2443 402 2467 eum
430 2443 497 2480 pro
532 2431 624 2467 Oasi
662 2431 756 2477 urbe,

91 2498 202 2534 quam
232 2485 370 2523 Noster
398 2487 506 2533 dicit,
549 2487 755 2524 habendum

92 2555 173 2579 esse
194 2543 260 2579 viri
283 2543 381 2579 docti
403 2548 580 2580 statuunt.
632 2543 757 2593 Repe-

91 2599 234 2635 riuntur
254 2599 290 2635 in
308 2599 380 2635 ista
399 2601 518 2647 terra,
549 2612 667 2650 nuper
689 2601 756 2637 de-

92 2666 188 2690 mum
230 2655 381 2692 duorum
427 2657 755 2706 peregrinatorum,

93 2709 263 2747 Caillaud
284 2715 320 2748 et
338 2711 604 2760 Edmonstone,
634 2713 756 2749 studio

92 2767 294 2817 perquisita
310 2772 345 2804 et
361 2769 518 2817 cognita,
539 2781 754 2807 monumen-

91 2827 209 2859 torum
236 2824 467 2872 antiquorum
487 2827 632 2871 rudera,
662 2830 755 2863 tem-

91 2879 233 2929 plorum
250 2880 428 2927 vestigia,
469 2882 580 2920 aedes
603 2883 754 2920 Graecis

92 2935 388 2987 inscriptionibus
409 2941 546 2975 ornata.
599 2938 660 2976 Tu
682 2939 755 2976 vid.

811 569 974 606 Heeren.
988 567 1099 604 Ideen
1115 566 1161 612 11,
1184 566 1202 605 1
1219 578 1256 616 p.
1277 566 1360 605 218
1373 578 1477 616 seqq.

813 625 930 662 ldeler
949 624 969 660 l.
991 623 1013 660 l.
1041 623 1091 660 IV
1140 635 1227 673 pag.
1253 620 1349 662 412.
1381 621 1477 661 417.

810 680 965 719 Renuel.
986 679 1040 716 Ι.Ι.
1061 681 1200 730 [).630.
1214 679 1478 716 Schlichthorst

810 738 833 775 Ι.
856 737 879 774 Ι.
899 751 934 788 p.
954 738 1006 776 98
1019 749 1094 785 seq.
1115 737 1247 773 Ritter.
1267 735 1288 772 Ι.
1308 735 1330 772 Ι.
1354 735 1369 771 Ι
1390 748 1475 786 pag.

812 795 905 834 965.
929 795 1009 832 966
1029 805 1134 842 seqq.
1162 792 1268 832 1004
1296 804 1402 841 seqq.

868 846 1017 900 Σάμιοι
1031 851 1104 899 τῆς
1120 848 1385 898 Αἰσχριωνίης
1402 862 1477 897 φυ-

811 905 897 957 λῆς]
945 906 1067 949 Quum
1093 905 1190 956 apud
1208 905 1416 954 Etymolog.
1440 918 1477 954 p.

815 966 916 1009 160,
956 964 1011 1001 22
1049 962 1158 999 binae
1194 966 1334 998 tantum
1376 961 1477 999 Sami

811 1024 1058 1057 memorentur
1092 1019 1208 1055 tribus
1243 1018 1398 1068 Σχησία
1435 1022 1473 1054 et

808 1071 1086 1121 Ἀστυπαλαία,
1117 1074 1307 1111 Berkelius
1324 1075 1372 1111 ad
1391 1075 1478 1111 Ste-

810 1133 921 1184 phan.
946 1132 1103 1180 Byzant.
1125 1144 1153 1167 s.
1178 1144 1210 1167 v.
1232 1127 1390 1178 Αὕασις
1418 1131 1476 1167 hic

810 1203 876 1241 pro
913 1189 1184 1239 Αἰσχριωνίης
1234 1189 1362 1238 reponi
1402 1187 1478 1223 vult

810 1246 997 1297 Σχησίης.
1067 1245 1152 1288 Quo
1197 1245 1346 1282 minime
1384 1256 1477 1294 opus

809 1316 890 1340 esse
929 1306 1148 1339 monuerunt
1188 1302 1326 1337 dudum
1363 1300 1476 1337 inter-

808 1364 931 1410 pretes
946 1358 1162 1395 Herodotei.
1183 1357 1233 1394 Et
1249 1357 1355 1394 affert
1369 1357 1477 1394 Wes-

813 1416 941 1464 seling.
996 1414 1174 1451 Nicanor.
1229 1412 1475 1463 Alexipharm.

816 1472 892 1512 151
919 1484 999 1508 cum
1016 1470 1170 1507 Scholiis
1192 1475 1228 1507 et
1250 1471 1389 1507 Herod.
1412 1469 1477 1515 ΙΙΙ,

813 1530 876 1568 39.
914 1527 1087 1564 Panofka
1117 1528 1164 1564 de
1186 1527 1389 1563 Samiorum
1414 1525 1479 1562 tri-

812 1585 927 1621 bubus
949 1585 1044 1630 (Res
1064 1583 1201 1619 Samni.
1223 1595 1260 1633 p.
1285 1584 1334 1622 81
1353 1583 1477 1631 seqq)

811 1642 1031 1691 disputans,
1061 1639 1178 1676 tribus
1208 1639 1400 1689 partibus,
1439 1639 1477 1675 in

811 1710 901 1747 quas
926 1697 1027 1733 Sami
1053 1697 1233 1733 civitatem
1265 1695 1476 1745 Polycrates

811 1754 976 1791 diviserit
997 1751 1059 1805 (cf.
1078 1752 1218 1789 Herod.
1239 1752 1300 1799 ΙΙΙ,
1315 1754 1402 1800 39),
1420 1764 1478 1789 re-

811 1810 1006 1861 spondisse
1026 1808 1140 1846 videri
1160 1809 1300 1845 monuit
1325 1808 1391 1845 has
1410 1809 1477 1844 tri-

811 1868 880 1904 bus
902 1872 998 1912 tres,
1038 1878 1190 1914 quarum
1213 1866 1320 1902 binae
1340 1877 1479 1902 memo-

812 1928 940 1961 rantur
958 1923 1004 1959 ab
1023 1922 1258 1970 Etymolog0,
1282 1923 1388 1958 tertia
1399 1922 1479 1958 He-

813 1980 935 2016 rodoti
957 1980 1004 2016 sit
1027 1979 1292 2029 Αἰσχριωνία,
1333 1978 1379 2015 ab
1401 1979 1477 2014 Ae-

814 2036 980 2073 schrione
1000 2035 1123 2080 heroe,
1155 2036 1202 2072 ad
1224 2047 1332 2084 quem
1353 2035 1478 2071 auct'o-

812 2106 888 2129 rem
906 2093 1024 2129 tribus
1041 2091 1222 2127 referatur
1234 2120 1244 2138 ,
1275 2090 1326 2127 sie
1347 2090 1475 2140 appel-

811 2148 898 2185 lata.
949 2149 989 2183 Si
1020 2161 1106 2184 vero
1148 2160 1227 2183 cum
1257 2147 1331 2183 viro
1365 2149 1476 2183 docto

812 2204 952 2252 (ldeler
979 2203 1001 2239 Ι.
1030 2203 1051 2240 Ι.
1074 2216 1159 2253 pag.
1181 2201 1284 2249 418)
1307 2215 1476 2251 quaeras,

813 2274 884 2310 quo
908 2264 1016 2310 pacto
1031 2260 1144 2295 Samii
1163 2260 1222 2295 isti
1242 2259 1277 2295 in
1290 2259 1384 2296 hanc
1396 2259 1475 2295 Oa-

812 2319 867 2354 sin
898 2317 1134 2362 devenerint,
1181 2328 1267 2352 num
1298 2329 1319 2352 a
1352 2315 1473 2352 Persis

812 2373 894 2410 illuc
915 2373 1071 2409 traducti
1100 2371 1158 2409 iilo
1183 2384 1225 2409 ex
1246 2385 1366 2418 more,
1401 2384 1475 2421 quo

813 2435 943 2479 gentes
979 2429 1098 2466 victae
1134 2430 1222 2466 alias
1258 2441 1408 2479 prorsus
1438 2429 1476 2464 in

812 2488 983 2536 regiones
1019 2485 1117 2522 haud
1156 2498 1238 2521 raro
1275 2486 1475 2522 transfere-

814 2544 965 2590 bantur,
996 2555 1041 2579 an
1061 2542 1182 2592 potius
1202 2541 1270 2591 ipsi
1290 2541 1371 2578 illuc
1390 2553 1477 2591 pro-

812 2600 896 2637 fecti
927 2598 1112 2636 mercandi
1146 2611 1254 2634 causa
1293 2599 1476 2646 sedesque

813 2656 884 2693 illic
910 2655 1085 2704 figentes:
1123 2654 1242 2691 malim
1264 2654 1334 2691 hoc
1355 2656 1475 2705 ipsum

813 2717 998 2759 statuere,
1038 2712 1252 2761 praesertim
1288 2723 1368 2748 cum
1405 2711 1476 2746 Sa-

812 2769 965 2806 miorum
986 2780 1042 2805 res
1062 2767 1199 2804 navalis
1220 2771 1256 2804 et
1274 2770 1476 2804 mercatura

812 2825 883 2862 iam
916 2825 1064 2874 Olymp.
1103 2823 1280 2859 XXXVII
1320 2824 1475 2860 maxime

813 2883 980 2927 floreret,
1010 2885 1049 2917 ut
1064 2879 1120 2917 vel
1142 2879 1353 2918 Tartessum
1373 2879 1474 2917 veni-

813 2942 910 2976 rent.
956 2937 1040 2982 Quo
1080 2937 1210 2974 eodem
1239 2937 1353 2974 ferme
1383 2940 1474 2973 tern-

1140 2990 1196 3032 4.
