1904 3304
620 240 1296 279 MELPOMENE.1V.

335 354 513 407 οἴκημα,
553 351 598 394 ἐκ
636 351 714 405 μὲν
750 354 837 393 τῶν
869 352 1068 405 Θρηΐκιον
1096 347 1343 406 ἠφανίσθη·

1503 242 1585 281 459

1395 349 1583 403 καταβὰς

335 423 380 466 δὲ
409 420 526 465 κάτω
554 421 596 472 ἐς
625 421 673 464 τό
701 420 940 477 κατάγαιον
960 423 1117 477 οἴκημα
1127 453 1139 472 ,
1169 420 1360 462 διαιτᾶτο
1389 416 1458 460 ἐπ’
1491 418 1584 462 ἔτεα

278 574 419 622 aliquot
438 573 614 622 laudabo,
637 575 696 624 qui
718 576 933 624 septentrio-

277 631 408 667 nalium
438 633 653 680 populorum
683 637 719 668 et
739 632 932 668 Germani-

277 699 396 724 corum
427 700 527 723 sacra
553 689 729 732 attinent·⁷
767 688 932 724 nimirum

277 743 339 789 iis,
369 755 460 791 quos
481 744 646 780 Sturzius
673 742 736 793 (ad
755 743 932 780 Hellanic.

277 813 315 848 p-
343 800 404 838 13.
427 801 506 848 64)
538 800 726 845 excitavit,
765 799 860 836 adde
880 799 931 834 Ir-

277 855 421 892 hovium
442 856 487 892 de
497 855 751 904 Palirigenesia
768 859 930 892 veterum

278 911 358 949 Lib.
384 911 417 947 11
453 924 531 961 cap.
554 916 578 952 7
609 924 692 961 pag.
713 912 793 951 317
814 923 931 959 seqq,

279 968 341 1016 qui
371 968 416 1004 de
444 967 742 1004 Germanicorum
776 966 931 1017 populo-

277 1037 354 1060 rum
375 1036 483 1073 super
502 1023 700 1060 animorum
720 1022 931 1059 immortali-

277 1084 354 1116 tate
380 1080 533 1116 decretis
562 1080 661 1116 haud
688 1092 804 1130 pauca
844 1092 930 1116 con-

277 1136 402 1185 gessit.
437 1135 478 1172 Ei
499 1137 609 1184 iunge
631 1135 655 1172 Ι.
673 1137 699 1171 Ι.
723 1135 930 1172 Moeserum

277 1193 398 1229 Verm.
424 1192 568 1229 Schrift.
599 1192 629 1228 ll
651 1206 687 1242 p.
713 1193 792 1231 215
814 1204 929 1240 seqq,

278 1249 339 1297 qui
357 1250 484 1297 p.277
503 1252 600 1285 recte
620 1252 757 1295 monet,
776 1252 928 1285 metem-

277 1304 483 1354 psychosin,
503 1317 595 1353 quae
619 1305 758 1349 dicitur,
780 1317 854 1340 non
873 1317 928 1341 re-

278 1373 454 1411 pugnare,
471 1373 543 1409 quo
558 1361 674 1397 minus
686 1373 773 1397 sana
786 1361 832 1397 de
850 1360 926 1396 ani-

278 1430 337 1454 mo
348 1416 538 1453 immortali
550 1417 714 1453 doctrina
723 1415 929 1461 invalescat,

278 1477 388 1521 atque
410 1477 599 1521 utramque
617 1472 840 1522 saepiuscule
863 1473 930 1509 ob-

277 1528 428 1565 tinuisse
448 1529 544 1578 apud
571 1541 680 1564 unum
701 1528 929 1576 eundemque

275 1583 460 1634 populum.
496 1583 595 1620 Idem
616 1597 682 1620 nos
704 1584 861 1620 advertit
883 1584 929 1620 ad

276 1645 382 1677 antra
398 1652 440 1676 ac
459 1639 606 1690 spelaea
626 1653 692 1689 per
711 1640 929 1677 Germaniae

276 1709 358 1733 oras
377 1696 497 1742 obvia,
526 1696 562 1732 in
581 1697 711 1744 quibus
728 1696 829 1732 initia
848 1709 930 1745 per-

277 1757 359 1790 acta
380 1752 490 1789 fuisse
511 1752 681 1790 credibile
701 1753 756 1789 sit.
798 1752 929 1789 Cuius-

278 1809 377 1846 modi
404 1807 549 1858 spelaea
575 1808 775 1858 similiaque
803 1821 930 1845 monu-

278 1869 399 1902 menta
417 1864 747 1914 septentrionalium
768 1866 929 1913 gentium

280 1933 381 1958 sacra
427 1920 533 1957 docte
584 1934 700 1970 nuper
744 1920 930 1957 illustravit

280 1971 736 2027 Thorlacius(Vermischte
747 1976 931 2023 Aufsfitze,

280 2033 346 2070 das
377 2032 543 2078 Griech.‚
582 2033 687 2069 Rom.
715 2033 789 2069 und
814 2032 929 2069 Nord.

279 2088 433 2126 Alterth.
472 2088 677 2125 bctreffend
722 2101 808 2138 pag.
850 2090 930 2129 250

282 2146 416 2194 seqq.)
464 2143 584 2193 Atque
618 2148 659 2181 ut
692 2145 840 2181 redeam
873 2158 930 2187 eo,

281 2201 378 2237 unde
406 2213 484 2237 sum
509 2201 716 2248 digressus,
754 2200 840 2250 ipsis
858 2199 932 2237 Ae-

280 2257 458 2307 gyptiacis
487 2256 554 2293 illis
588 2261 661 2293 tam
692 2269 845 2307 operose
880 2257 932 2292 fa-

281 2314 348 2350 ctis
380 2312 550 2362 sepulcris
580 2313 755 2361 originem
787 2312 931 2349 dedisse

281 2375 386 2406 antra
401 2370 534 2415 nativa,
563 2369 600 2405 in
619 2370 747 2418 quibus
766 2369 810 2405 ab
828 2369 931 2404 initio

282 2425 458 2463 cadavera
490 2427 717 2474 reposuerint
755 2424 930 2472 homines,

284 2482 485 2531 suspicatur
510 2481 638 2530 Zoega
675 2481 731 2518 De
768 2479 930 2518 obeliscc.

284 2549 368 2586 pag.
396 2540 475 2578 279
503 2550 579 2586 seq.
593 2539 616 2558 ‘⁶
646 2560 701 2565 ——
746 2536 932 2583 „Classici

286 2593 333 2628 de
353 2592 514 2629 Zamolxi
545 2594 665 2643 deque
691 2593 839 2631 Druidis
866 2593 934 2630 loci

287 2652 369 2684 sunt
390 2649 426 2685 in
448 2650 617 2698 Origenis
638 2649 933 2699 Philosophume-

286 2705 341 2741 nis
363 2717 439 2754 cap.
464 2707 489 2744 2
508 2718 592 2755 pag.
614 2709 695 2747 882
723 2710 760 2743 et
781 2718 858 2756 cap.
879 2704 931 2746 25

285 2773 371 2811 pag.
399 2762 478 2800 906
507 2762 564 2799 ed.
590 2762 647 2800 De
676 2764 711 2799 la
743 2762 846 2807 Rue,
887 2762 934 2798 ad

287 2828 378 2866 quos
433 2816 530 2853 haud
585 2831 702 2869 pauca
755 2818 935 2867 congessit

288 2872 419 2909 Christ.
450 2871 574 2910 Wolfii
603 2875 801 2921 industria,
842 2887 935 2923 quae

990 579 1109 612 tamen
1143 585 1238 609 nunc
1274 584 1346 608 non
1382 571 1497 619 magis
1534 575 1639 607 vacat

990 635 1180 673 excutere,
1220 640 1328 677 quam
1355 640 1419 674 ea,
1458 639 1551 675 quae
1573 640 1639 663 nu-

988 699 1054 736 per
1065 685 1236 722 Chardon
1255 684 1300 720 de
1316 683 1350 719 la
1361 683 1540 720 Rochette
1559 696 1638 719 eain

988 743 1024 778 in
1048 754 1122 778 rem
1142 740 1339 789 disputavit
1358 740 1393 775 in
1413 738 1571 787 Melang.
1592 739 1638 775 de

989 798 1153 845 Critique
1175 800 1212 833 et
1231 796 1277 832 de
1297 795 1473 843 Philolog.
1493 794 1539 831 T.
1562 795 1576 831 l
1600 808 1636 844 p.

989 854 1041 894 58
1080 852 1219 900 seqq.“
1280 850 1488 887 Creuzer.
1528 851 1639 887 Com—

987 912 1115 945 mentt.
1137 907 1302 944 Herodd.
1331 920 1366 956 p.
1400 908 1474 946 171
1490 929 1544 933 »-
1560 909 1637 947 173

988 970 1064 1001 not.
1108 963 1204 1000 Add.
1233 962 1422 999 Mithriaca
1448 975 1572 1008 sacra,
1603 963 1638 999 in

988 1021 1140 1071 spelaeis
1162 1024 1198 1057 et
1217 1020 1296 1069 ipsa
1327 1018 1497 1056 celebrari
1522 1019 1639 1065 solita,

987 1079 1033 1115 de
1078 1077 1209 1125 quibus
1261 1075 1356 1111 idem
1392 1075 1562 1112 Creuzer.
1603 1076 1640 1111 in

986 1133 1148 1183 Symbol.
1173 1132 1188 1168 1
1218 1144 1302 1181 pag·
1325 1130 1406 1171 747
1434 1144 1537 1180 seqq.
1561 1130 1639 1167 coll.

985 1189 1030 1237 ΙΙ,
1049 1191 1130 1230 300
1151 1201 1226 1236 seq.
1266 1186 1438 1236 Namque
1459 1187 1640 1223 Zalmoxis

984 1250 1106 1291 vates,
1147 1243 1241 1295 pelle
1268 1243 1387 1279 ursina
1418 1244 1566 1280 indutus
1591 1244 1639 1280 ad

984 1306 1129 1351 gentem
1164 1299 1346 1337 borealem
1385 1300 1445 1348 qui
1474 1300 1639 1348 pervenit

985 1357 1290 1395 immortalitatem
1317 1356 1457 1392 animae
1478 1356 1641 1402 tradens,

985 1427 1063 1451 cum
1085 1413 1207 1450 Sileno
1227 1413 1502 1462 comparandus,
1522 1413 1583 1461 qui
1603 1416 1641 1449 et

986 1471 1065 1520 ipse
1090 1473 1190 1506 vates
1220 1481 1263 1505 ac
1288 1468 1544 1505 Bacchicorum
1582 1480 1640 1504 sa-

985 1538 1126 1563 crorum
1155 1525 1356 1574 interpres,
1394 1523 1641 1560 immortalita-

984 1583 1104 1630 tisque
1123 1584 1263 1625 auctor,
1283 1579 1430 1630 caprina
1450 1579 1546 1629 pelle
1563 1580 1637 1617 sive

985 1638 1113 1686 lyncea
1148 1636 1295 1672 indutus
1334 1640 1637 1686 repraesentatur.

988 1694 1072 1737 Quo
1095 1693 1205 1730 etiam
1234 1692 1302 1729 hoc
1323 1692 1501 1742 pertinet,
1539 1693 1637 1740 quod

986 1750 1169 1787 Zalmoxis
1206 1749 1320 1784 tribus
1352 1749 1455 1784 annis
1491 1748 1637 1795 absens,

986 1810 1115 1855 quarto
1135 1805 1278 1842 demum
1296 1804 1497 1841 Thracibus
1518 1805 1638 1841 denuo

987 1861 1230 1912 comparuisse
1245 1861 1378 1907 fertur,
1416 1873 1511 1909 quae
1529 1874 1640 1910 spon-

986 1923 1022 1956 te
1040 1919 1075 1954 in
1089 1917 1297 1955 memoriam
1310 1921 1439 1954 vocant
1453 1915 1640 1968 τριετηρί-

988 1974 1061 2021 δας
1088 1986 1154 2024 per
1182 1974 1373 2010 Graeciam
1395 1973 1578 2009 institutas
1602 1977 1640 2010 et

988 2031 1035 2067 ad
1064 2029 1215 2067 eandem
1250 2029 1326 2066 fere
1359 2029 1559 2065 doctrinam
1593 2029 1640 2066 de

989 2086 1107 2123 anima
1163 2084 1354 2121 immortali
1419 2088 1638 2134 spectantes,

989 2142 1109 2185 Quam
1126 2142 1327 2177 doctrinam
1344 2140 1449 2177 Getis
1468 2141 1639 2178 traditam

988 2211 1009 2235 a
1026 2197 1189 2234 Zalmoxi
1210 2197 1264 2233 his
1283 2197 1400 2234 verbis
1417 2195 1554 2234 Noster
1581 2209 1639 2234 re-

986 2255 1076 2291 fert:
1118 2251 1169 2299 ὥς
1205 2250 1295 2291 οὔτε
1326 2247 1441 2298 αὐτὸς
1477 2249 1566 2291 οὔτε
1601 2251 1644 2292 οἷ

989 2305 1187 2359 συμπόται
1219 2304 1363 2356 αὐτοῦ,
1409 2306 1499 2347 οὔτε
1532 2308 1572 2347 οἱ
1595 2308 1638 2348 ἐκ

987 2361 1140 2405 τούτων
1162 2364 1239 2404 αἰεὶ
1261 2361 1463 2432 γινόμενοι
1483 2360 1637 2404 ἀποθα-

987 2422 1166 2468 νέονται,
1215 2416 1302 2460 αλλ’
1328 2418 1471 2472 ἥξουσι
1500 2420 1539 2467 ἐς
1565 2423 1638 2471 χαῖ-

989 2494 1059 2530 ρον
1079 2480 1241 2526 τοῦτον,
1281 2494 1346 2516 ινα
1369 2476 1447 2516 αἰεὶ
1468 2474 1639 2544 περιεόν-

988 2550 1050 2582 τες
1083 2534 1211 2583 ἕξουσι
1244 2549 1290 2572 τα
1324 2530 1453 2573 πάντα
1482 2529 1637 2586 α’γαθοῖ,

989 2592 1012 2629 i.
1044 2605 1074 2628 e.
1112 2604 1220 2641 neque
1264 2604 1298 2627 se
1334 2603 1442 2640 neque
1479 2603 1637 2627 convzvas

989 2661 1067 2684 suos
1089 2661 1149 2684 nec
1171 2649 1288 2684 horum
1310 2651 1464 2697 posteros
1494 2648 1636 2683 moritu-

988 2718 1044 2741 ros
1050 2718 1063 2749 ,-
1096 2704 1155 2741 secl
1170 2708 1330 2740 venturos
1350 2706 1385 2740 z‘n
1404 2704 1512 2740 Iocum
1532 2716 1636 2752 quen-

992 2761 1084 2808 dam,
1103 2761 1164 2797 ubi
1177 2764 1343 2810 perpetuo
1360 2762 1509 2796 viventes
1527 2760 1637 2795 omni-

992 2819 1054 2855 bus
1089 2818 1184 2854 bonis
1214 2818 1285 2853 sint
1307 2815 1476 2866 fruituri.
1543 2814 1635 2863 „Ita

992 2873 1181 2923 (Creuzeri
1211 2876 1293 2910 sunt
1319 2873 1429 2911 verba
1462 2871 1484 2908 l.
1505 2871 1527 2907 l.
1550 2882 1634 2921 pag.
