1904 3304
579 204 923 259 THALIA.

983 205 1045 246 ΙΙΙ.
1361 206 1446 246 229

175 319 293 374 ρείου
327 315 514 360 ἐλθόντα
545 313 653 370 παρ’
683 313 841 366 αὐτὸν,
885 313 944 365 ὥς
985 312 1038 357 οὐ
1065 312 1178 368 πρὸς
1206 310 1374 370 ἡδονήν
1405 316 1449 358 οἱ

172 386 228 446 ἦν
256 387 308 431 τοὶ
341 385 653 443 ἀγγελλόμενα,
694 387 849 428 κτείνει
879 402 954 440 μιν
984 384 1121 428 ὀπίσω
1151 384 1448 441 κομιζόμενον,

174 459 338 513 ἄνδρας
377 460 420 501 οἱ
460 455 640 508 ὑπείσας
680 455 778 499 κατ’
811 455 936 500 ὁδόν·

29 541 125 587 12ῖ
164 530 351 587 ἠφάνισε
384 527 502 584 αὐτῷ
534 530 667 587 ἵππῳ.
727 532 915 583 Δαρεῖος
955 528 1000 570 δὲ
1040 524 1100 578 [ὃς
1135 527 1226 582 ἔσχε
1254 527 1336 584 τὴν
1367 526 1492 583 ἄρυδο

997 454 1254 507 ἀποκτείνας
1285 458 1310 499 δ
1314 456 1330 499 ε’
1360 472 1446 512 μιν,

166 601 268 659 χὴν,
309 600 520 655 ἐπεθύμεε
559 599 637 643 τόν
675 598 870 654 Ὀροίτεα
911 601 1140 650 τίσασθαι,
1191 599 1366 642 πάντων
1401 615 1446 643 τε

168 676 256 716 τῶν
287 669 566 728 ἀδικημάτων
598 673 785 722 εἵνεκεν,
827 669 900 712 καὶ
938 669 1122 724 μάλιστα
1154 669 1441 726 Μιτροβάτεω

139 752 161 784 Ξ
172 744 243 788 καὶ
275 747 355 786 τοῦ
388 741 556 793 παιδός.

616 742 662 785 ἐκ
692 741 771 797 μὲν
802 739 854 796 δὴ
886 743 961 796 τῆς
991 741 1131 796 ἰθείης
1158 742 1345 795 στρατόν
1374 741 1442 785 ἐπ’

169 812 304 857 αὐτὸν
347 811 429 856 οὐκ
468 811 611 856 ἐδόκεε
650 812 858 868 πέμπειν,
912 811 984 854 ἅτε
1023 813 1067 854 οἱ
1102 811 1339 855 οἰδεόντων
1382 813 1442 856 ἔτι

168 889 257 929 τῶν
286 883 574 941 πρηγμάτων,
615 883 688 926 καὶ
727 882 883 926 νεωστὶ
925 882 1032 938 ἔχων
1062 883 1141 938 τὴν
1173 881 1331 940 ἀρχὴν,
1372 886 1500 929 καὶ65

166 955 244 1000 τόν
269 953 465 1011 Ὀροίτεα
496 952 687 1012 μεγάλην
713 953 792 1011 την
818 953 940 1010 ἰσχὺν
969 953 1304 1011 πυνθανόμενος
1323 954 1444 1012 ἔχειν·

112 1164 187 1200 reg.
209 1151 310 1188 Pers.
343 1151 491 1201 princ.I
519 1149 556 1202 ἓ.
576 1152 669 1193 238.
718 1150 774 1187 Ut

113 1210 209 1245 enim
230 1208 327 1255 regis
353 1209 528 1244 mandata
546 1221 655 1256 quam
674 1208 774 1244 citis-

112 1264 201 1300 sime
219 1264 267 1299 ad
285 1264 547 1314 provinciarum
567 1266 772 1313 praefectos

111 1320 366 1370 pervenirent,
397 1333 562 1357 cursores
581 1324 683 1357 erant
707 1333 773 1370 per

111 1377 287 1413 stationes
310 1376 499 1427 dispositi,
545 1377 605 1425 qui
636 1376 696 1412 illa
726 1376 773 1412 ad

114 1439 305 1482 satrapas,
357 1445 554 1482 eorumque
595 1445 774 1482 responsa

110 1489 159 1526 ad
178 1501 303 1536 regem
325 1490 539 1539 perferrent.
572 1489 684 1532 Quod
709 1490 772 1525 in-

109 1546 296 1591 stitutum,
333 1546 432 1581 cuius
455 1545 568 1582 simile
588 1545 676 1594 quid
705 1546 772 1581 ad-

107 1601 177 1638 huc
219 1605 361 1639 exstare
413 1602 536 1639 scribit
574 1601 769 1647 Morierus,

107 1670 181 1707 quo
200 1658 316 1694 minus
340 1671 419 1695 cum
440 1658 573 1694 nostris
603 1658 768 1695 cursibus

106 1714 256 1764 publicis
284 1713 441 1762 (Postea
470 1715 578 1763 vulgo
606 1715 768 1761 vocant)

107 1775 354 1820 comparetur,
401 1772 437 1808 id
481 1772 625 1817 obstat,
667 1771 767 1820 quod

108 1832 249 1863 tantum
273 1827 322 1863 ad
343 1839 397 1864 res
419 1828 538 1875 regias
556 1828 766 1878 publicasve

108 1882 206 1918 istud
226 1883 420 1931 pertinuit,
457 1897 524 1920 nec
551 1884 624 1920 ullo
654 1885 765 1921 modo

108 1939 330 1988 privatorum
345 1939 526 1976 hominum
546 1941 653 1977 rebus
670 1941 769 1976 usui-

109 2007 180 2043 que
212 1995 384 2031 inserviit.
438 1996 480 2032 In
509 1996 769 2045 Mongoloruin

107 2051 229 2099 regnis
246 2064 267 2087 a
285 2050 562 2100 ZingisChani
584 2065 770 2090 successo-

106 2107 205 2144 ribus
233 2107 363 2144 similia
396 2108 577 2157 quaedam
607 2122 686 2146 esse
714 2109 771 2145 in-

105 2164 252 2209 stituta,
284 2177 327 2201 ex
345 2164 388 2200 iis
401 2193 411 2211 ,
450 2178 546 2213 quae
567 2166 614 2202 de
634 2166 688 2201 his
708 2178 766 2203 re-

106 2219 189 2256 tulit
209 2219 336 2257 Marco
359 2220 472 2267 Polo,
517 2222 604 2260 satis
628 2222 668 2258 fit
690 2234 766 2258 ma-

104 2276 286 2313 nifestum.
318 2276 464 2314 Monuit
486 2277 633 2316 Heeren
652 2277 765 2315 Ideen

106 2337 171 2369 etc.
192 2333 222 2379 1,
246 2335 264 2372 1
290 2347 324 2383 p.
344 2332 426 2375 497
444 2347 522 2383 seq.
579 2334 688 2372 Italus
709 2335 764 2371 in-

105 2393 243 2438 tei-pres
271 2390 318 2427 ab
336 2390 404 2427 hac
423 2404 512 2428 voce
532 2391 677 2428 Persica
699 2392 766 2428 de-

106 2446 278 2483 scendere
325 2446 400 2483 vult
447 2447 618 2485 Italorum
656 2460 763 2485 voces

107 2501 293 2548 wigberto,
312 2503 535 2552 angheriare,
556 2506 764 2553 angariare,

107 2559 346 2603 angariatore.
378 2560 509 2597 Parum
523 2565 637 2607 recte3
650 2560 764 2598 multo

106 2614 201 2650 enim
253 2616 424 2665 propiora
475 2622 561 2654 suut
607 2617 766 2655 Latina:

106 2681 219 2717 angor
230 2698 243 2715 ,
272 2683 411 2718 angere.

165 2723 218 2771 ω’ς
246 2721 295 2764 ου’
326 2724 425 2776 πρός
452 2724 608 2780 ἡδονήν
635 2729 677 2770 οἱ
694 2724 764 2780 ἦν]

107 2794 182 2818 cum
212 2783 246 2818 ei
275 2786 385 2830 grata
412 2797 482 2820 non
516 2790 647 2834 essent,
687 2800 764 2824 cum

108 2837 327 2889 displicerent
357 2842 450 2889 regis
479 2842 660 2881 mandata.
704 2843 764 2881 Ad

830 1149 1051 1188 locutionem
1086 1147 1184 1199 πρὸς
1219 1146 1375 1200 ἡδονήν
1401 1151 1495 1188 conf.

831 1220 925 1255 quae
942 1208 1066 1244 citavit
1086 1207 1218 1243 Manli.
1235 1207 1300 1244 Gr.
1321 1208 1387 1244 Gr.
1409 1220 1496 1257 pag.

834 1266 954 1303 1184.

888 1316 1040 1369 ἄνδρας
1061 1317 1102 1357 οἵ
1122 1317 1304 1369 ὑπείσας]
1344 1320 1367 1357 i.
1387 1333 1418 1357 e.
1439 1321 1494 1356 υἰ-

830 1389 886 1412 ros
910 1376 1124 1422 subornans,
1162 1378 1202 1412 in
1230 1376 1375 1412 insidiis
1404 1376 1495 1413 clam

831 1433 1028 1477 collocans,
1060 1437 1101 1469 ut
1123 1433 1186 1479 Vl,
1208 1434 1299 1473 103.
1340 1432 1399 1470 De
1419 1434 1496 1469 for-

829 1502 887 1525 ma
906 1490 1001 1526 conf.
1024 1488 1156 1526 Matth.
1182 1502 1217 1539 p.
1238 1488 1332 1530 462.
1349 1510 1399 1517 —
1419 1489 1494 1526 Pro

829 1542 919 1583 κατ’
974 1540 1096 1584 ου’δὸν
1151 1546 1358 1595 scripsimus
1411 1559 1494 1583 cum

830 1602 969 1647 Gaisf.‚
1013 1601 1198 1653 plerisque
1228 1602 1335 1639 codd.
1360 1602 1411 1639 sic
1438 1603 1494 1639 iu-

827 1659 1019 1696 bentibus:
1066 1653 1154 1696 mct’
1173 1654 1277 1698 ὁδόν.
1351 1657 1409 1696 Ad
1439 1658 1493 1695 lo-

824 1715 1006 1752 cutionem
1059 1710 1170 1770 αὔτῷ
1224 1714 1334 1769 ἵππῳ
1394 1715 1491 1753 conf.

824 1771 892 1819 ΙΙΙ,
925 1770 992 1813 45.

994 1828 1102 1878 Cap.
1133 1827 1319 1865 CXXVII.

881 1881 923 1922 ἐκ
955 1881 1027 1934 μὲν
1057 1881 1108 1933 δή
1138 1886 1209 1935 τῆς
1239 1882 1387 1935 ἰθείης]
1429 1883 1490 1921 Cf.

826 1953 938 1990 supra
960 1941 1015 1988 ll,
1041 1943 1144 1987 161,
1175 1941 1236 1978 ubi
1256 1941 1489 1988 locutionem,

826 2009 936 2045 quarn
963 2010 1031 2033 nos
1059 2010 1180 2034 sumus
1219 1997 1448 2047 interpretati
1473 2009 1491 2034 e

825 2055 997 2101 vestigio,
1035 2055 1220 2100 continno,
1259 2053 1430 2102 Schwgh.
1450 2053 1490 2090 in

825 2108 894 2146 lex.
912 2109 1052 2147 Herod.
1081 2109 1216 2146 mavult
1239 2109 1394 2146 reddere
1417 2122 1489 2159 pa-

823 2165 916 2212 lam,
947 2179 989 2202 ex
1012 2169 1154 2216 aperte,
1183 2170 1220 2203 et
1238 2165 1425 2213 hocloco,
1450 2170 1488 2204 et

821 2222 898 2267 lX,
920 2223 986 2262 37.
1036 2222 1156 2266 Quam
1176 2223 1324 2271 quidem
1347 2222 1488 2272 signifi-

822 2279 1002 2317 cationem
1027 2292 1071 2316 ex
1088 2279 1272 2329 primitiva
1296 2278 1377 2326 illa,
1413 2279 1489 2328 qua.

822 2340 891 2382 est,
923 2348 940 2371 e
963 2338 1072 2382 recta,
1103 2348 1120 2373 e
1140 2337 1302 2384 vestigio,
1323 2337 1489 2372 continuo

821 2396 954 2441 sponte
974 2394 1101 2438 fluere,
1131 2392 1303 2441 equidem
1328 2393 1486 2430 credam.

820 2447 935 2486 Paulo
954 2454 1039 2486 ante
1063 2448 1212 2488 εἵνεκεν
1235 2462 1256 2486 e
1273 2448 1486 2486 Florentino

821 2518 902 2541 cum
922 2509 1075 2544 recentt.
1093 2505 1178 2543 edd.
1199 2506 1402 2557 recepimus
1419 2517 1487 2556 pro

823 2561 958 2600 εἴνεκε.

879 2613 946 2657 ἅτε
983 2617 1024 2657 οἱ
1052 2613 1293 2668 οἰδεόντων]
1333 2618 1390 2655 Cf.
1422 2617 1486 2664 111,

821 2676 895 2719 76,
938 2675 1062 2724 ibique
1102 2679 1194 2711 nott.
1231 2674 1405 2712 Voculam
1445 2672 1487 2712 οἱ

820 2730 1034 2769 translatam
1055 2730 1133 2768 vult
1149 2730 1276 2768 Valck.
1296 2736 1383 2781 post
1399 2725 1484 2769 ἐδό-

821 2801 885 2826 κεε
898 2818 908 2835 ,
946 2787 1047 2836 quod
1066 2799 1147 2825 mea
1166 2787 1314 2836 quidem
1334 2791 1481 2825 senten-

821 2844 872 2882 tia
887 2843 986 2881 haud
1007 2843 1264 2882 necessarium.

1504 526 1588 553 Darii
1622 528 1778 555 consilium

1504 561 1622 621 :iij-netis
1632 562 1777 589 ulciscen-

1525 603 1543 622 ι.
