1904 3304
436 286 493 326 54
825 282 1289 322 HERODOTI

437 392 537 437 τάδε
564 391 644 436 ὑπ’
677 390 823 435 αὐτῶν
855 389 1129 446 Ἀμμωνίων·
1177 390 1323 447 ἐπειδὴ
1354 391 1400 434 ἐκ
1429 394 1505 447 τῆς
1538 388 1764 442 Ὀάσιος9ο

438 462 600 519 ταύτης
628 463 739 506 ἰέναι
761 461 833 506 διοὶ
864 465 939 518 τῆς
957 461 1140 517 ψάμμου
1161 461 1230 506 ἐπὶ
1251 461 1405 517 σφέας,
1440 462 1644 517 γενέσθαι
1663 478 1707 505 τε

439 533 599 585 αὐτοῦς
639 533 797 590 μεταξύ
835 549 918 576 κου
947 531 1132 587 μάλιστα
1162 530 1309 576 αὐτῶν
1337 548 1382 575 τε
1410 532 1482 575 καὶ
1511 538 1586 589 τῆς
1609 531 1708 577 Ὀά-

440 618 559 657 σιος,
592 603 773 659 ἄριστον
803 603 1096 659 αἱρεομένοισι
1127 601 1322 646 αὐτέοισι
1350 603 1604 648 ἐπιπνεῦσαι
1631 603 1710 648 νό-

438 694 517 721 τον
547 677 683 732 μέγαν
715 692 760 719 τε
798 675 871 719 καὶ
899 674 1107 789 ἐξέίσιον,
1149 674 1370 730 φορέοντα
1402 675 1448 718 δὲ
1474 680 1606 742 Q
1633 677 1710 731 τῆς

439 748 647 804 ψάμμου,
705 750 933 803 καταχῶσα
997 759 1152 801 σφεας,
1215 746 1289 789 καὶ
1327 746 1475 802 τρόπῳ
1520 745 1709 805 τοιούτῳ

410 818 763 876 4ἆφανισθῆναι.
817 816 1054 874 Ἀμμώνιοι
1075 817 1153 872 μὲν
1176 817 1291 861 οὕτω
1316 816 1490 873 λέγουσι
1509 817 1766 873 γενέσθαι95

438 890 536 945 περὶ
565 894 640 946 τῆς
667 895 870 947 στρατιῆς
896 888 1067 944 ταύτης.

315 974 380 1019 27
550 958 804 1016 Ἀπιγμένου
829 960 874 1003 δὲ
895 957 1140 1016 Καμβύσεω
1170 958 1212 1010 ἐς
1234 957 1444 1014 Μέμφιν,
1478 953 1620 1015 ἐφάνη
1637 960 1711 1002 Αἰ-

106 1039 382 1108 ξιῗὲὴὲειῗίὲῖἱγί-
439 1033 660 1089 γυπτίοισι
691 1028 714 1073 ὁ
742 1029 886 1083 Ἆπις,
924 1032 1000 1075 τὸν
1027 1030 1231 1088 Ἕλληνες
1248 1028 1455 1086 Ἔπαφον
1492 1029 1709 1074 καλέουσι.

188 1094 196 1109 ‚
371 1088 383 1093 -

384 1187 417 1212 κ.
448 1187 479 1210 τ.
507 1170 562 1221 λ.]
609 1169 677 1211 καὶ
714 1184 796 1209 cum
839 1170 1045 1219 Schweigh.
1101 1171 1319 1220 fatigatione
1364 1170 1597 1218 omniumque
1634 1181 1768 1216 rerum,

385 1234 424 1267 et
462 1229 581 1265 Gaisf.
623 1227 782 1278 reposui.
856 1226 1047 1265 Abiecerat
1101 1239 1220 1277 aquae
1231 1227 1457 1278 praesertim,
1470 1225 1767 1276 inopiaperiisse.

383 1284 658 1333 Wesselingius.
689 1284 796 1320 Hauc
815 1296 900 1320 vero
920 1296 1046 1320 narra-
1287 1314 1319 1352 C
1431 1314 1572 1352 XXVII

382 1342 531 1388 tionem,
551 1342 597 1378 de
618 1352 690 1389 qua
710 1340 902 1376 conserunt
920 1339 1045 1376 lustin.
1330 1329 1396 1366 ap·
1574 1344 1582 1351 ·

381 1399 411 1444 Ι,
433 1400 458 1437 9
485 1402 522 1435 et
547 1398 678 1435 Senec.
700 1396 853 1440 Quaest.
878 1394 979 1432 Natt.
1000 1394 1047 1441 11,

382 1456 449 1500 32,
473 1454 506 1490 ei
524 1454 608 1502 qui,
648 1465 743 1501 quae
765 1451 821 1489 vel
839 1452 1046 1489 recentibus

381 1510 604 1560 temporibus
626 1508 697 1546 illic
717 1508 891 1545 accidisse
917 1509 1046 1545 dicun-

381 1571 460 1613 tur,
499 1570 665 1616 reputet,
704 1564 911 1614 multosque
940 1578 1047 1615 pere⁴

383 1624 570 1672 grinantes
592 1634 664 1659 una
679 1634 759 1658 cum
775 1621 933 1667 camelis,
955 1621 1048 1668 aliis,

385 1679 496 1716 arena
513 1680 627 1716 ventis
646 1678 783 1714 adflata
800 1678 949 1714 obrutos
968 1690 1048 1715 esse

383 1736 505 1782 norit,
556 1735 700 1772 minime
728 1734 973 1772 incredibilem
997 1734 1048 1770 vi-

384 1792 463 1829 deri
501 1792 558 1827 vix
602 1795 678 1837 est,
729 1791 830 1839 quod
868 1803 1049 1829 moneam.

387 1848 486 1891 Quin
514 1848 614 1896 quod
637 1847 692 1883 his
714 1847 801 1896 ipsis
827 1847 863 1883 in
887 1847 1048 1896 regioni-

385 1904 473 1951 bus,
514 1905 550 1941 in
579 1904 709 1952 quibus
732 1903 922 1952 Cambysis
945 1916 1049 1941 exer-

385 1961 495 1997 citum
512 1960 664 2010 periisse
683 1960 873 1998 verisimile
892 1965 960 2006 est,
981 1973 1049 1996 nu-
1066 1997 1070 2001 ,

386 2029 456 2067 per
515 2016 712 2054 admodum
764 2015 844 2054 loca
906 2016 1049 2063 altiora,

387 2085 432 2111 ex
490 2073 632 2109 ossibus
706 2084 800 2121 quae
868 2077 1048 2117 constant,

387 2129 486 2167 terra
507 2128 752 2179 sepulcrorum
777 2129 826 2166 ad
850 2129 964 2165 instar
987 2142 1049 2166 su-

381 2185 638 2236 perimposita,
676 2185 824 2222 inventa
847 2191 953 2231 sunt,
984 2188 1050 2222 tri-

381 2242 484 2290 ginta
512 2254 683 2286 numcrO,
714 2254 808 2290 quae
828 2241 972 2290 singula
991 2241 1048 2279 vel

383 2302 528 2335 centum
552 2298 720 2345 adeoque
740 2297 841 2346 plura
863 2298 1048 2334 hominum

384 2353 565 2390 cadavera
580 2353 767 2390 continere
779 2355 975 2402 potuerint.
999 2355 1052 2390 Ac

385 2409 509 2459 plures
539 2409 741 2445 istiusmodi
771 2409 879 2446 colles
905 2411 982 2447 sore
1011 2414 1052 2446 ut

386 2466 638 2509 inveniantur,
676 2464 869 2502 adfirmant
889 2465 1052 2502 deserto-

387 2534 466 2558 rum
493 2522 646 2557 istorum
677 2520 828 2557 incolae.
873 2520 951 2557 Vid.
972 2522 1053 2558 Rit-

388 2581 454 2614 ter.
486 2576 687 2613 Erdkunde
720 2576 732 2612 l
759 2589 842 2627 pag.
865 2579 945 2616 968
974 2577 1050 2614 coll.

388 2633 517 2670 [delet.
539 2633 560 2669 l.
580 2632 600 2669 l.
619 2646 652 2682 p.
676 2634 770 2677 417,
802 2634 870 2679 cui,
892 2646 986 2681 quae
1007 2635 1054 2671 de

390 2702 540 2726 numero
578 2688 754 2726 exercitus
779 2689 970 2726 Persarum
999 2689 1056 2727 hie

390 2749 594 2792 narrantur,
625 2750 848 2793 exaggerata
867 2745 1054 2791 videntur3

391 2801 524 2838 Persas
544 2801 604 2839 ille
628 2806 759 2850 putat,
798 2813 819 2837 a
847 2802 1055 2838 ductoribus

392 2857 585 2908 Aegyptiis
610 2858 645 2894 in
665 2857 794 2894 mediis
817 2857 970 2894 desertis
991 2858 1056 2895 de-

391 2913 535 2952 relictos
554 2919 590 2951 et
606 2913 784 2964 proditos,
814 2913 865 2950 ita
883 2926 972 2964 prae
992 2914 1056 2951 de-

1160 1391 1184 1433 o‘
1202 1390 1338 1444 ’Ἀπις]
1377 1393 1535 1432 Auctore
1554 1393 1688 1432 Siebel.
1721 1392 1770 1431 ad

1101 1451 1258 1490 Pausan.
1282 1451 1311 1497 Ι,
1335 1452 1385 1492 18
1413 1464 1447 1500 p.
1469 1450 1522 1491 57
1547 1454 1583 1488 et
1606 1451 1653 1497 11,
1674 1449 1698 1490 5
1732 1448 1769 1501 §.

1104 1507 1128 1548 5
1156 1520 1189 1556 p.
1216 1509 1293 1547 176
1315 1507 1543 1544 scribendum
1565 1507 1633 1544 erit
1657 1500 1771 1552 ’Ἆπις

1104 1569 1143 1602 et
1155 1560 1287 1609 Ἆπιν,
1313 1577 1393 1600 cum
1412 1564 1511 1613 prior
1529 1563 1666 1611 syllaba
1685 1576 1771 1612 pro-

1104 1621 1266 1658 ducatur.
1306 1620 1413 1657 Conf.
1444 1619 1506 1665 ΙΙΙ,
1533 1621 1587 1660 28
1606 1624 1644 1657 et
1661 1631 1770 1670 supra

1106 1677 1152 1724 ΙΙ,
1183 1678 1270 1717 153.

1162 1729 1228 1772 τὸν
1253 1728 1445 1781 ’Έλληνες
1469 1728 1662 1781 ’Έπαφον
1699 1745 1770 1770 κα·

1105 1788 1257 1838 λέουσι]
1310 1788 1389 1825 Vid.
1416 1793 1506 1825 nott.
1537 1789 1585 1825 ad
1613 1788 1658 1834 ΙΙ,
1690 1788 1769 1829 153

1106 1847 1166 1883 sm.
1189 1851 1224 1883 et
1244 1846 1291 1882 ad
1312 1846 1376 1891 ΙΙΙ,
1399 1847 1463 1885 28.
1513 1845 1596 1882 Hoc
1626 1844 1705 1881 loco
1727 1856 1772 1882 ex

1106 1903 1281 1940 Creuzeri
1312 1900 1472 1950 Symbol.
1499 1901 1511 1939 l
1535 1915 1570 1952 p.
1591 1899 1674 1942 482
1693 1913 1770 1950 seq.

1106 1959 1195 1997 illud
1216 1971 1324 1995 unum
1346 1958 1585 2003 monebimus,
1615 1957 1772 2007 Apidem

1107 2016 1262 2053 Osiridis
1292 2016 1412 2052 vivum
1438 2015 1542 2064 quasi
1568 2013 1772 2062 symbolum

1107 2073 1266 2121 indeque
1288 2071 1545 2108 foecunditatis
1566 2071 1696 2116 omnis,
1723 2070 1773 2107 si-

1106 2142 1151 2166 ve
1170 2128 1257 2166 Sole
1288 2129 1364 2165 sive
1388 2127 1473 2165 Nilo
1494 2127 1555 2164 illa
1581 2127 1770 2172 efficiatur,

1104 2186 1248 2234 signum
1281 2197 1363 2221 esse
1401 2183 1589 2230 habitum,
1635 2184 1773 2233 quippe

1106 2242 1206 2290 quod
1228 2242 1349 2277 onmia
1372 2240 1571 2285 contineat,
1596 2252 1691 2288 quae
1707 2239 1773 2277 sub

1106 2297 1254 2334 Osiride
1274 2297 1387 2333 latere
1406 2297 1583 2345 putabant
1603 2296 1775 2333 sacerdo·

1108 2359 1174 2391 tes.
1216 2353 1272 2389 Tu
1294 2353 1387 2389 conf.
1407 2353 1570 2401 inprimis
1592 2352 1684 2388 Plut.
1713 2352 1773 2390 De

1108 2410 1193 2446 lsid.
1222 2414 1258 2446 et
1283 2408 1415 2445 Osirid.
1449 2421 1483 2457 p.
1505 2410 1584 2449 368
1607 2409 1649 2445 C.
1700 2408 1774 2452 Qui

1109 2466 1204 2502 idem
1225 2464 1314 2514 Apis
1337 2465 1419 2502 hinc
1437 2465 1524 2501 lsidi
1544 2477 1692 2513 quoque
1711 2476 1773 2501 sa-

1109 2534 1169 2558 cer
1187 2521 1398 2565 habebatur,
1429 2525 1467 2557 ut
1481 2526 1662 2557 testantur
1678 2531 1774 2569 quae

1109 2577 1231 2614 attulit
1251 2576 1469 2624 Wesscling.
1500 2578 1547 2613 ad
1568 2577 1721 2615 Diodor.
1743 2576 1773 2623 I,

1112 2637 1176 2674 21.
1226 2634 1339 2670 Hicce
1377 2638 1500 2670 taurus
1537 2633 1567 2669 si
1607 2637 1773 2683 repertus

1112 2695 1209 2736 erat,
1240 2689 1392 2726 solemni
1411 2702 1545 2740 pompa
1563 2702 1585 2726 a
1603 2690 1775 2727 sacerdo-

1111 2746 1207 2783 tibus
1250 2746 1501 2783 arcessebatur
1542 2751 1577 2783 et
1617 2750 1774 2795 quatuor

1113 2815 1178 2851 per
1199 2815 1342 2839 menses
1365 2802 1400 2838 in
1421 2803 1574 2839 aedibus
1597 2803 1773 2840 orientem

1112 2870 1235 2895 versus
1255 2859 1464 2908 patentibus
1487 2859 1651 2896 alebatur
1669 2858 1772 2896 festi-

1113 2926 1184 2963 que
1209 2915 1287 2953 dies
1307 2915 1392 2952 inde
1414 2915 1459 2953 ab
1479 2915 1675 2953 interlunio
1695 2914 1775 2964 agi-
