<?xml version="1.0" encoding="UTF-8"?>
<!DOCTYPE html PUBLIC "-//W3C//DTD XHTML 1.0 Transitional//EN"
    "http://www.w3.org/TR/xhtml1/DTD/xhtml1-transitional.dtd">
<html xmlns="http://www.w3.org/1999/xhtml" xml:lang="en" lang="en">
 <head>
  <title>
</title>
<meta http-equiv="Content-Type" content="text/html;charset=utf-8" />
  <meta name='ocr-system' content='tesseract 3.04.00' />
  <meta name='ocr-capabilities' content='ocr_page ocr_carea ocr_par ocr_line ocrx_word'/>
</head>
<body>
  <div class='ocr_page' id='page_1' title='image "./musaeherodoto02hero/musaeherodoto02hero_0087.png"; bbox 0 0 1904 3304; ppageno 0'>
   <div class='ocr_carea' id='block_1_1' title="bbox 69 886 134 930">
    <p class='ocr_par' dir='ltr' id='par_1_1' title="bbox 69 886 134 930">
     <span class='ocr_line' id='line_1_1' title="bbox 69 886 134 930; baseline -0.015 0"><span class='ocrx_word' id='word_1_1' title='bbox 69 886 134 930; x_wconf 76' lang='lat'>42</span> 
     </span>
    </p>
   </div>
   <div class='ocr_carea' id='block_1_2' title="bbox 588 265 1062 307">
    <p class='ocr_par' dir='ltr' id='par_1_2' title="bbox 588 265 1062 307">
     <span class='ocr_line' id='line_1_2' title="bbox 588 265 1062 307; baseline -0.006 -1"><span class='ocrx_word' id='word_1_2' title='bbox 588 265 941 307; x_wconf 85' lang='lat' dir='ltr'>THALIA.</span> <span class='ocrx_word' id='word_1_3' title='bbox 999 265 1062 304; x_wconf 89' lang='lat'>111.</span> 
     </span>
    </p>
   </div>
   <div class='ocr_carea' id='block_1_3' title="bbox 1411 265 1466 305">
    <p class='ocr_par' dir='ltr' id='par_1_3' title="bbox 1411 265 1466 305">
     <span class='ocr_line' id='line_1_3' title="bbox 1411 265 1466 305; baseline 0 0"><span class='ocrx_word' id='word_1_4' title='bbox 1411 265 1466 305; x_wconf 71' lang='lat'>79</span> 
     </span>
    </p>
   </div>
   <div class='ocr_carea' id='block_1_4' title="bbox 160 371 1525 865">
    <p class='ocr_par' dir='ltr' id='par_1_4' title="bbox 160 371 1525 865">
     <span class='ocr_line' id='line_1_4' title="bbox 190 371 1468 454; baseline -0.008 -29"><span class='ocrx_word' id='word_1_5' title='bbox 190 382 322 454; x_wconf 73' lang='grc' dir='ltr'><em>ἔργον</em></span> <span class='ocrx_word' id='word_1_6' title='bbox 347 379 392 424; x_wconf 75' lang='grc' dir='ltr'>δὲ</span> <span class='ocrx_word' id='word_1_7' title='bbox 424 376 479 445; x_wconf 84' lang='grc' dir='ltr'><em>ἦν</em></span> <span class='ocrx_word' id='word_1_8' title='bbox 504 379 736 434; x_wconf 76' lang='grc' dir='ltr'><em>Θεοδώρου</em></span> <span class='ocrx_word' id='word_1_9' title='bbox 770 381 852 421; x_wconf 86' lang='grc' dir='ltr'>τοῦ</span> <span class='ocrx_word' id='word_1_10' title='bbox 878 374 1114 433; x_wconf 83' lang='grc' dir='ltr'><strong><em>Τηλεκλέος</em></strong></span> <span class='ocrx_word' id='word_1_11' title='bbox 1139 373 1335 429; x_wconf 83' lang='grc' dir='ltr'><strong><em>Σαμίου·</em></strong></span> <span class='ocrx_word' id='word_1_12' title='bbox 1377 371 1468 417; x_wconf 77' lang='grc' dir='ltr'><em>ἐπεὶ</em></span> 
     </span>
     <span class='ocr_line' id='line_1_5' title="bbox 160 444 1525 507; baseline -0.007 -13"><span class='ocrx_word' id='word_1_13' title='bbox 160 455 257 496; x_wconf 81' lang='grc' dir='ltr'>3ὠν</span> <span class='ocrx_word' id='word_1_14' title='bbox 278 450 442 507; x_wconf 82' lang='grc' dir='ltr'><em>ταύτην</em></span> <span class='ocrx_word' id='word_1_15' title='bbox 462 453 506 494; x_wconf 85' lang='grc' dir='ltr'>οἱ</span> <span class='ocrx_word' id='word_1_16' title='bbox 525 450 668 495; x_wconf 81' lang='grc' dir='ltr'><em>ἐδόκεε</em></span> <span class='ocrx_word' id='word_1_17' title='bbox 689 447 963 504; x_wconf 82' lang='grc' dir='ltr'><em>ἆποβαλέειν,</em></span> <span class='ocrx_word' id='word_1_18' title='bbox 981 448 1119 491; x_wconf 79' lang='grc' dir='ltr'><em>ἐποίεε</em></span> <span class='ocrx_word' id='word_1_19' title='bbox 1136 444 1295 490; x_wconf 81' lang='grc' dir='ltr'><em>τοιάδε.</em></span> <span class='ocrx_word' id='word_1_20' title='bbox 1326 460 1476 501; x_wconf 83' lang='grc' dir='ltr'><em>πεντη-</em></span> <span class='ocrx_word' id='word_1_21' title='bbox 1461 453 1525 485; x_wconf 89' lang='grc'>-80</span> 
     </span>
     <span class='ocr_line' id='line_1_6' title="bbox 189 515 1468 578; baseline -0.007 -11"><span class='ocrx_word' id='word_1_22' title='bbox 189 541 270 568; x_wconf 77' lang='lat' dir='ltr'>xm</span> <span class='ocrx_word' id='word_1_23' title='bbox 273 540 401 577; x_wconf 82' lang='grc' dir='ltr'><em>τερον</em></span> <span class='ocrx_word' id='word_1_24' title='bbox 429 522 660 578; x_wconf 76' lang='grc' dir='ltr'><em>πληρώσας</em></span> <span class='ocrx_word' id='word_1_25' title='bbox 691 519 889 575; x_wconf 78' lang='grc' dir='ltr'><em>ἀνδρῶν,</em></span> <span class='ocrx_word' id='word_1_26' title='bbox 932 518 1056 574; x_wconf 78' lang='grc' dir='ltr'><em>ἐσέβη</em></span> <span class='ocrx_word' id='word_1_27' title='bbox 1088 518 1129 568; x_wconf 82' lang='grc' dir='ltr'>ἐς</span> <span class='ocrx_word' id='word_1_28' title='bbox 1160 515 1315 572; x_wconf 82' lang='grc' dir='ltr'><em>αὐτήν·</em></span> <span class='ocrx_word' id='word_1_29' title='bbox 1361 515 1468 572; x_wconf 78' lang='grc' dir='ltr'><em>μετὰ</em></span> 
     </span>
     <span class='ocr_line' id='line_1_7' title="bbox 193 587 1469 650; baseline -0.005 -12"><span class='ocrx_word' id='word_1_30' title='bbox 193 595 259 645; x_wconf 80' lang='grc' dir='ltr'>δὲ,</span> <span class='ocrx_word' id='word_1_31' title='bbox 305 594 541 650; x_wconf 74' lang='grc' dir='ltr'><em>ἀναγαγεῖν</em></span> <span class='ocrx_word' id='word_1_32' title='bbox 572 594 736 637; x_wconf 81' lang='grc' dir='ltr'><em>ἐκέλευε</em></span> <span class='ocrx_word' id='word_1_33' title='bbox 776 591 819 643; x_wconf 75' lang='grc' dir='ltr'>ἐς</span> <span class='ocrx_word' id='word_1_34' title='bbox 851 591 900 634; x_wconf 85' lang='grc' dir='ltr'>τὸ</span> <span class='ocrx_word' id='word_1_35' title='bbox 940 591 1151 646; x_wconf 84' lang='grc' dir='ltr'><em>πέλαγος·</em></span> <span class='ocrx_word' id='word_1_36' title='bbox 1198 588 1257 640; x_wconf 75' lang='grc' dir='ltr'>ὥς</span> <span class='ocrx_word' id='word_1_37' title='bbox 1295 588 1340 632; x_wconf 82' lang='grc' dir='ltr'>δὲ</span> <span class='ocrx_word' id='word_1_38' title='bbox 1381 587 1469 632; x_wconf 69' lang='grc' dir='ltr'><em>ἀπὸ</em></span> 
     </span>
     <span class='ocr_line' id='line_1_8' title="bbox 190 660 1469 722; baseline -0.005 -13"><span class='ocrx_word' id='word_1_39' title='bbox 190 670 265 722; x_wconf 86' lang='grc' dir='ltr'>τῆς</span> <span class='ocrx_word' id='word_1_40' title='bbox 286 665 424 722; x_wconf 80' lang='grc' dir='ltr'><em>νήσου</em></span> <span class='ocrx_word' id='word_1_41' title='bbox 446 665 548 716; x_wconf 72' lang='grc' dir='ltr'><em>ἑκάς</em></span> <span class='ocrx_word' id='word_1_42' title='bbox 572 666 762 721; x_wconf 77' lang='grc' dir='ltr'><em>ἐγένετο,</em></span> <span class='ocrx_word' id='word_1_43' title='bbox 793 663 1095 719; x_wconf 81' lang='grc' dir='ltr'><em>περιελόμενος</em></span> <span class='ocrx_word' id='word_1_44' title='bbox 1125 660 1204 717; x_wconf 83' lang='grc' dir='ltr'><em>τὴν</em></span> <span class='ocrx_word' id='word_1_45' title='bbox 1235 662 1469 716; x_wconf 81' lang='grc' dir='ltr'><em>σφρηγῖδα,</em></span> 
     </span>
     <span class='ocr_line' id='line_1_9' title="bbox 191 731 1525 791; baseline -0.006 -10"><span class='ocrx_word' id='word_1_46' title='bbox 191 737 368 781; x_wconf 83' lang='grc' dir='ltr'><em>πάντων</em></span> <span class='ocrx_word' id='word_1_47' title='bbox 405 735 624 791; x_wconf 85' lang='grc' dir='ltr'><em>ὁρεόντων</em></span> <span class='ocrx_word' id='word_1_48' title='bbox 661 739 749 779; x_wconf 79' lang='grc' dir='ltr'><em>τῶν</em></span> <span class='ocrx_word' id='word_1_49' title='bbox 779 732 1037 790; x_wconf 83' lang='grc' dir='ltr'><em>συμπλόων,</em></span> <span class='ocrx_word' id='word_1_50' title='bbox 1082 735 1221 788; x_wconf 83' lang='grc' dir='ltr'><em>ῥίπτει</em></span> <span class='ocrx_word' id='word_1_51' title='bbox 1251 732 1293 783; x_wconf 79' lang='grc' dir='ltr'>ἐς</span> <span class='ocrx_word' id='word_1_52' title='bbox 1321 731 1370 776; x_wconf 80' lang='grc' dir='ltr'>τὸ</span> <span class='ocrx_word' id='word_1_53' title='bbox 1398 732 1468 776; x_wconf 80' lang='grc' dir='ltr'><em>πέ-</em></span> <span class='ocrx_word' id='word_1_54' title='bbox 1482 737 1525 772; x_wconf 87' lang='grc'>85</span> 
     </span>
     <span class='ocr_line' id='line_1_10' title="bbox 192 802 1465 865; baseline -0.005 -13"><span class='ocrx_word' id='word_1_55' title='bbox 192 813 344 865; x_wconf 83' lang='grc' dir='ltr'><em>λαγος·</em></span> <span class='ocrx_word' id='word_1_56' title='bbox 385 813 517 851; x_wconf 83' lang='grc' dir='ltr'><em>τοῦτο</em></span> <span class='ocrx_word' id='word_1_57' title='bbox 550 808 595 851; x_wconf 78' lang='grc' dir='ltr'>δὲ</span> <span class='ocrx_word' id='word_1_58' title='bbox 625 805 837 863; x_wconf 82' lang='grc' dir='ltr'><em>ποιήσας,</em></span> <span class='ocrx_word' id='word_1_59' title='bbox 870 803 1068 848; x_wconf 72' lang='grc' dir='ltr'><em>ἀπέπλεε.</em></span> <span class='ocrx_word' id='word_1_60' title='bbox 1126 802 1389 858; x_wconf 76' lang='grc' dir='ltr'><em>ἀπικόμενος</em></span> <span class='ocrx_word' id='word_1_61' title='bbox 1419 803 1465 846; x_wconf 79' lang='grc' dir='ltr'>δὲ</span> 
     </span>
    </p>
   </div>
   <div class='ocr_carea' id='block_1_5' title="bbox 192 878 1471 1008">
    <p class='ocr_par' dir='ltr' id='par_1_5' title="bbox 192 878 1459 1008">
     <span class='ocr_line' id='line_1_11' title="bbox 192 878 940 936; baseline -0.005 -12"><span class='ocrx_word' id='word_1_62' title='bbox 192 880 234 931; x_wconf 78' lang='grc' dir='ltr'>ἐς</span> <span class='ocrx_word' id='word_1_63' title='bbox 263 880 316 923; x_wconf 85' lang='grc' dir='ltr'>τὰ</span> <span class='ocrx_word' id='word_1_64' title='bbox 346 881 487 931; x_wconf 82' lang='grc' dir='ltr'><em>οἰκία,</em></span> <span class='ocrx_word' id='word_1_65' title='bbox 533 883 745 936; x_wconf 85' lang='grc' dir='ltr'><em>συμφορῇ</em></span> <span class='ocrx_word' id='word_1_66' title='bbox 775 878 940 933; x_wconf 80' lang='grc' dir='ltr'><em>ἐχρῆτο.</em></span> 
     </span>
     <span class='ocr_line' id='line_1_12' title="bbox 196 944 1471 1008; baseline -0.006 -13"><span class='ocrx_word' id='word_1_67' title='bbox 196 952 334 1008; x_wconf 79' lang='grc' dir='ltr'><em>ἡμέρῃ</em></span> <span class='ocrx_word' id='word_1_68' title='bbox 375 950 461 994; x_wconf 73' lang='grc' dir='ltr'><em>ἀπὸ</em></span> <span class='ocrx_word' id='word_1_69' title='bbox 502 950 698 1002; x_wconf 83' lang='grc' dir='ltr'><em>τούτων,</em></span> <span class='ocrx_word' id='word_1_70' title='bbox 746 947 849 992; x_wconf 80' lang='grc' dir='ltr'><em>τάδε</em></span> <span class='ocrx_word' id='word_1_71' title='bbox 898 949 941 991; x_wconf 81' lang='grc' dir='ltr'>οἵ</span> <span class='ocrx_word' id='word_1_72' title='bbox 982 944 1207 1003; x_wconf 80' lang='grc' dir='ltr'><em>συνήνεικε</em></span> <span class='ocrx_word' id='word_1_73' title='bbox 1253 945 1471 1002; x_wconf 83' lang='grc' dir='ltr'><em>γενέσθαι.</em></span> 
     </span>
    </p>
   </div>
   <div class='ocr_carea' id='block_1_6' title="bbox 197 1017 1468 1078">
    <p class='ocr_par' dir='ltr' id='par_1_6' title="bbox 197 1017 1468 1078">
     <span class='ocr_line' id='line_1_13' title="bbox 197 1017 1468 1078; baseline -0.006 -12"><span class='ocrx_word' id='word_1_74' title='bbox 197 1022 307 1078; x_wconf 79' lang='grc' dir='ltr'><em>ἀνὴρ</em></span> <span class='ocrx_word' id='word_1_75' title='bbox 354 1021 520 1074; x_wconf 78' lang='grc' dir='ltr'><em>ἁλιεύς,</em></span> <span class='ocrx_word' id='word_1_76' title='bbox 568 1021 717 1078; x_wconf 74' lang='grc' dir='ltr'><em>λαβών</em></span> <span class='ocrx_word' id='word_1_77' title='bbox 761 1022 891 1076; x_wconf 83' lang='grc' dir='ltr'><em>ἰχθῦν</em></span> <span class='ocrx_word' id='word_1_78' title='bbox 932 1020 1068 1075; x_wconf 84' lang='grc' dir='ltr'><em>μέγαν</em></span> <span class='ocrx_word' id='word_1_79' title='bbox 1107 1034 1151 1061; x_wconf 84' lang='grc' dir='ltr'>τε</span> <span class='ocrx_word' id='word_1_80' title='bbox 1199 1018 1272 1063; x_wconf 82' lang='grc' dir='ltr'>καὶ</span> <span class='ocrx_word' id='word_1_81' title='bbox 1318 1017 1468 1070; x_wconf 82' lang='grc' dir='ltr'><em>καλὸν,</em></span> 
     </span>
    </p>
   </div>
   <div class='ocr_carea' id='block_1_7' title="bbox 196 1088 1527 1151">
    <p class='ocr_par' dir='ltr' id='par_1_7' title="bbox 196 1088 1527 1151">
     <span class='ocr_line' id='line_1_14' title="bbox 196 1088 1527 1151; baseline -0.008 -13"><span class='ocrx_word' id='word_1_82' title='bbox 196 1093 323 1151; x_wconf 80' lang='grc' dir='ltr'><em>ἠξίου</em></span> <span class='ocrx_word' id='word_1_83' title='bbox 362 1111 438 1151; x_wconf 91' lang='grc' dir='ltr'><em>μιν</em></span> <span class='ocrx_word' id='word_1_84' title='bbox 470 1093 745 1149; x_wconf 82' lang='grc' dir='ltr'><em>Πολυκράτεϊ</em></span> <span class='ocrx_word' id='word_1_85' title='bbox 785 1094 932 1146; x_wconf 78' lang='grc' dir='ltr'><em>δῶρον</em></span> <span class='ocrx_word' id='word_1_86' title='bbox 970 1093 1180 1147; x_wconf 83' lang='grc' dir='ltr'><em>δοθῆναι·</em></span> <span class='ocrx_word' id='word_1_87' title='bbox 1229 1090 1378 1147; x_wconf 82' lang='grc' dir='ltr'><em>φέρων</em></span> <span class='ocrx_word' id='word_1_88' title='bbox 1415 1088 1527 1146; x_wconf 81' lang='grc' dir='ltr'>δή90</span> 
     </span>
    </p>
   </div>
   <div class='ocr_carea' id='block_1_8' title="bbox 144 1207 416 1211">
    <p class='ocr_par' dir='ltr' id='par_1_8' title="bbox 144 1207 416 1211">
     <span class='ocr_line' id='line_1_15' title="bbox 144 1207 416 1211; baseline 0 0"><span class='ocrx_word' id='word_1_89' title='bbox 144 1207 416 1211; x_wconf 95' lang='lat' dir='ltr'> </span> 
     </span>
    </p>
   </div>
   <div class='ocr_carea' id='block_1_9' title="bbox 144 1265 817 2899">
    <p class='ocr_par' dir='ltr' id='par_1_9' title="bbox 144 1265 817 2899">
     <span class='ocr_line' id='line_1_16' title="bbox 201 1265 806 1335; baseline -0.008 -24"><span class='ocrx_word' id='word_1_90' title='bbox 201 1271 314 1323; x_wconf 59' lang='grc' dir='ltr'><em>ε”ργον</em></span> <span class='ocrx_word' id='word_1_91' title='bbox 339 1269 381 1310; x_wconf 83' lang='grc' dir='ltr'>δὲ</span> <span class='ocrx_word' id='word_1_92' title='bbox 413 1265 466 1324; x_wconf 79' lang='grc' dir='ltr'>ἧι</span> <span class='ocrx_word' id='word_1_93' title='bbox 497 1267 730 1335; x_wconf 77' lang='grc' dir='ltr'><em>Θεοδώρου]</em></span> <span class='ocrx_word' id='word_1_94' title='bbox 764 1266 806 1307; x_wconf 79' lang='grc' dir='ltr'>δὲ</span> 
     </span>
     <span class='ocr_line' id='line_1_17' title="bbox 144 1327 805 1379; baseline -0.01 -11"><span class='ocrx_word' id='word_1_95' title='bbox 144 1331 197 1379; x_wconf 73' lang='grc' dir='ltr'><em>ἠν</em></span> <span class='ocrx_word' id='word_1_96' title='bbox 214 1342 294 1366; x_wconf 91' lang='lat' dir='ltr'>cum</span> <span class='ocrx_word' id='word_1_97' title='bbox 307 1334 460 1365; x_wconf 88' lang='lat' dir='ltr'>recentt.</span> <span class='ocrx_word' id='word_1_98' title='bbox 479 1329 562 1365; x_wconf 87' lang='lat' dir='ltr'>edd.</span> <span class='ocrx_word' id='word_1_99' title='bbox 585 1327 805 1377; x_wconf 79' lang='lat' dir='ltr'>scripsimus,</span> 
     </span>
     <span class='ocr_line' id='line_1_18' title="bbox 144 1384 805 1436; baseline -0.002 -14"><span class='ocrx_word' id='word_1_100' title='bbox 144 1386 325 1436; x_wconf 78' lang='lat' dir='ltr'>probante</span> <span class='ocrx_word' id='word_1_101' title='bbox 352 1397 503 1422; x_wconf 82' lang='lat' dir='ltr'><strong>censore</strong></span> <span class='ocrx_word' id='word_1_102' title='bbox 532 1384 674 1421; x_wconf 81' lang='lat' dir='ltr'>lenensi</span> <span class='ocrx_word' id='word_1_103' title='bbox 699 1385 805 1423; x_wconf 85' lang='lat'>1817</span> 
     </span>
     <span class='ocr_line' id='line_1_19' title="bbox 147 1436 805 1491; baseline -0.005 -12"><span class='ocrx_word' id='word_1_104' title='bbox 147 1455 200 1479; x_wconf 91' lang='lat' dir='ltr'>nr.</span> <span class='ocrx_word' id='word_1_105' title='bbox 217 1443 295 1482; x_wconf 86' lang='lat'>163</span> <span class='ocrx_word' id='word_1_106' title='bbox 316 1454 400 1491; x_wconf 85' lang='lat' dir='ltr'>pag.</span> <span class='ocrx_word' id='word_1_107' title='bbox 411 1443 505 1481; x_wconf 84' lang='lat'>363.</span> <span class='ocrx_word' id='word_1_108' title='bbox 538 1440 659 1489; x_wconf 81' lang='lat' dir='ltr'>Vulgo</span> <span class='ocrx_word' id='word_1_109' title='bbox 681 1441 733 1490; x_wconf 78' lang='grc' dir='ltr'><em>ἠν</em></span> <span class='ocrx_word' id='word_1_110' title='bbox 753 1436 805 1476; x_wconf 83' lang='grc' dir='ltr'>δέ.</span> 
     </span>
     <span class='ocr_line' id='line_1_20' title="bbox 149 1495 809 1542; baseline -0.006 -7"><span class='ocrx_word' id='word_1_111' title='bbox 149 1521 198 1525; x_wconf 90' lang='lat'>—-</span> <span class='ocrx_word' id='word_1_112' title='bbox 228 1497 285 1535; x_wconf 91' lang='lat' dir='ltr'>De</span> <span class='ocrx_word' id='word_1_113' title='bbox 318 1498 495 1534; x_wconf 76' lang='lat' dir='ltr'>Theodoro</span> <span class='ocrx_word' id='word_1_114' title='bbox 526 1498 680 1534; x_wconf 81' lang='lat' dir='ltr'>diximus</span> <span class='ocrx_word' id='word_1_115' title='bbox 708 1497 756 1533; x_wconf 89' lang='lat' dir='ltr'>ad</span> <span class='ocrx_word' id='word_1_116' title='bbox 781 1495 809 1542; x_wconf 91' lang='lat' dir='ltr'>l,</span> 
     </span>
     <span class='ocr_line' id='line_1_21' title="bbox 147 1553 808 1603; baseline -0.006 -12"><span class='ocrx_word' id='word_1_117' title='bbox 147 1555 212 1595; x_wconf 85' lang='lat'>51.</span> <span class='ocrx_word' id='word_1_118' title='bbox 249 1553 466 1603; x_wconf 87' lang='lat' dir='ltr'>Intelligitur</span> <span class='ocrx_word' id='word_1_119' title='bbox 491 1554 525 1590; x_wconf 91' lang='lat' dir='ltr'>h.</span> <span class='ocrx_word' id='word_1_120' title='bbox 550 1553 573 1590; x_wconf 87' lang='lat' dir='ltr'>l.</span> <span class='ocrx_word' id='word_1_121' title='bbox 606 1553 808 1590; x_wconf 72' lang='lat' dir='ltr'>Theodorus</span> 
     </span>
     <span class='ocr_line' id='line_1_22' title="bbox 145 1608 806 1660; baseline -0.002 -15"><span class='ocrx_word' id='word_1_122' title='bbox 145 1612 257 1646; x_wconf 75' lang='lat' dir='ltr'>minor</span> <span class='ocrx_word' id='word_1_123' title='bbox 291 1615 402 1658; x_wconf 74' lang='lat' dir='ltr'>nutu,</span> <span class='ocrx_word' id='word_1_124' title='bbox 440 1611 500 1660; x_wconf 91' lang='lat' dir='ltr'>qui</span> <span class='ocrx_word' id='word_1_125' title='bbox 537 1623 616 1646; x_wconf 92' lang='lat' dir='ltr'>cum</span> <span class='ocrx_word' id='word_1_126' title='bbox 649 1608 806 1647; x_wconf 86' lang='lat' dir='ltr'>Teleclis</span> 
     </span>
     <span class='ocr_line' id='line_1_23' title="bbox 146 1666 810 1714; baseline -0.002 -11"><span class='ocrx_word' id='word_1_127' title='bbox 146 1667 237 1703; x_wconf 85' lang='lat' dir='ltr'>filius</span> <span class='ocrx_word' id='word_1_128' title='bbox 271 1673 441 1713; x_wconf 86' lang='lat' dir='ltr'>vocetur,</span> <span class='ocrx_word' id='word_1_129' title='bbox 488 1667 662 1714; x_wconf 74' lang='lat' dir='ltr'>distingui</span> <span class='ocrx_word' id='word_1_130' title='bbox 699 1666 810 1703; x_wconf 82' lang='lat' dir='ltr'>(lebet</span> 
     </span>
     <span class='ocr_line' id='line_1_24' title="bbox 148 1722 807 1769; baseline -0.002 -9"><span class='ocrx_word' id='word_1_131' title='bbox 148 1724 194 1760; x_wconf 87' lang='lat' dir='ltr'>ab</span> <span class='ocrx_word' id='word_1_132' title='bbox 214 1722 327 1759; x_wconf 87' lang='lat' dir='ltr'>altero</span> <span class='ocrx_word' id='word_1_133' title='bbox 345 1723 559 1769; x_wconf 79' lang='lat' dir='ltr'>Theodoro,</span> <span class='ocrx_word' id='word_1_134' title='bbox 581 1723 718 1760; x_wconf 81' lang='lat' dir='ltr'>Rhoeci</span> <span class='ocrx_word' id='word_1_135' title='bbox 739 1722 807 1769; x_wconf 86' lang='lat' dir='ltr'>(de</span> 
     </span>
     <span class='ocr_line' id='line_1_25' title="bbox 147 1779 809 1828; baseline 0 -13"><span class='ocrx_word' id='word_1_136' title='bbox 147 1792 221 1828; x_wconf 86' lang='lat' dir='ltr'>quo</span> <span class='ocrx_word' id='word_1_137' title='bbox 243 1780 289 1815; x_wconf 91' lang='lat' dir='ltr'>ad</span> <span class='ocrx_word' id='word_1_138' title='bbox 307 1780 368 1826; x_wconf 89' lang='grc'>111,</span> <span class='ocrx_word' id='word_1_139' title='bbox 388 1781 461 1828; x_wconf 87' lang='grc'>60)</span> <span class='ocrx_word' id='word_1_140' title='bbox 490 1780 562 1817; x_wconf 89' lang='lat' dir='ltr'>filio</span> <span class='ocrx_word' id='word_1_141' title='bbox 589 1779 809 1828; x_wconf 81' lang='lat' dir='ltr'>alteriusque</span> 
     </span>
     <span class='ocr_line' id='line_1_26' title="bbox 153 1835 811 1886; baseline -0.002 -14"><span class='ocrx_word' id='word_1_142' title='bbox 153 1835 300 1872; x_wconf 66' lang='lat' dir='ltr'>Teleclis</span> <span class='ocrx_word' id='word_1_143' title='bbox 327 1837 449 1873; x_wconf 86' lang='lat' dir='ltr'>fratre.</span> <span class='ocrx_word' id='word_1_144' title='bbox 492 1837 562 1879; x_wconf 90' lang='lat' dir='ltr'>Qui</span> <span class='ocrx_word' id='word_1_145' title='bbox 582 1835 693 1873; x_wconf 91' lang='lat' dir='ltr'>multo</span> <span class='ocrx_word' id='word_1_146' title='bbox 711 1836 811 1886; x_wconf 88' lang='lat' dir='ltr'>prior</span> 
     </span>
     <span class='ocr_line' id='line_1_27' title="bbox 149 1892 809 1942; baseline -0.002 -14"><span class='ocrx_word' id='word_1_147' title='bbox 149 1892 198 1929; x_wconf 84' lang='lat' dir='ltr'>ad</span> <span class='ocrx_word' id='word_1_148' title='bbox 218 1892 474 1942; x_wconf 76' lang='lat' dir='ltr'>Olympiadum</span> <span class='ocrx_word' id='word_1_149' title='bbox 493 1894 597 1929; x_wconf 87' lang='lat' dir='ltr'>initia</span> <span class='ocrx_word' id='word_1_150' title='bbox 616 1894 691 1930; x_wconf 86' lang='lat' dir='ltr'>fere</span> <span class='ocrx_word' id='word_1_151' title='bbox 713 1905 733 1929; x_wconf 86' lang='lat' dir='ltr'>a</span> <span class='ocrx_word' id='word_1_152' title='bbox 755 1892 809 1928; x_wconf 86' lang='lat' dir='ltr'>vi-</span> 
     </span>
     <span class='ocr_line' id='line_1_28' title="bbox 153 1948 810 1997; baseline 0 -13"><span class='ocrx_word' id='word_1_153' title='bbox 153 1949 202 1984; x_wconf 86' lang='lat' dir='ltr'>ris</span> <span class='ocrx_word' id='word_1_154' title='bbox 236 1948 352 1984; x_wconf 86' lang='lat' dir='ltr'>doctis</span> <span class='ocrx_word' id='word_1_155' title='bbox 385 1955 591 1986; x_wconf 83' lang='lat' dir='ltr'>removetur</span> <span class='ocrx_word' id='word_1_156' title='bbox 620 1954 810 1997; x_wconf 82' lang='lat' dir='ltr'><strong>artemque</strong></span> 
     </span>
     <span class='ocr_line' id='line_1_29' title="bbox 153 2004 811 2055; baseline 0.002 -15"><span class='ocrx_word' id='word_1_157' title='bbox 153 2004 244 2041; x_wconf 82' lang='lat' dir='ltr'>aeris</span> <span class='ocrx_word' id='word_1_158' title='bbox 269 2004 447 2041; x_wconf 85' lang='lat' dir='ltr'>fundendi</span> <span class='ocrx_word' id='word_1_159' title='bbox 470 2006 649 2055; x_wconf 79' lang='lat' dir='ltr'>reperisse</span> <span class='ocrx_word' id='word_1_160' title='bbox 673 2006 811 2050; x_wconf 63' lang='lat' dir='ltr'>fertur,</span> 
     </span>
     <span class='ocr_line' id='line_1_30' title="bbox 153 2061 811 2108; baseline 0.003 -13"><span class='ocrx_word' id='word_1_161' title='bbox 153 2072 174 2096; x_wconf 91' lang='lat' dir='ltr'>a</span> <span class='ocrx_word' id='word_1_162' title='bbox 209 2072 283 2108; x_wconf 86' lang='lat' dir='ltr'>quo</span> <span class='ocrx_word' id='word_1_163' title='bbox 313 2061 421 2097; x_wconf 79' lang='lat' dir='ltr'>istum</span> <span class='ocrx_word' id='word_1_164' title='bbox 454 2062 626 2098; x_wconf 88' lang='lat' dir='ltr'>annulum</span> <span class='ocrx_word' id='word_1_165' title='bbox 665 2062 811 2106; x_wconf 88' lang='lat' dir='ltr'>factum,</span> 
     </span>
     <span class='ocr_line' id='line_1_31' title="bbox 153 2116 814 2155; baseline 0.003 -3"><span class='ocrx_word' id='word_1_166' title='bbox 153 2116 348 2153; x_wconf 86' lang='lat' dir='ltr'>multorum</span> <span class='ocrx_word' id='word_1_167' title='bbox 378 2130 553 2154; x_wconf 87' lang='lat' dir='ltr'>annorum</span> <span class='ocrx_word' id='word_1_168' title='bbox 583 2118 738 2154; x_wconf 87' lang='lat' dir='ltr'>decursu</span> <span class='ocrx_word' id='word_1_169' title='bbox 765 2117 814 2155; x_wconf 79' lang='lat' dir='ltr'>ad</span> 
     </span>
     <span class='ocr_line' id='line_1_32' title="bbox 154 2172 812 2223; baseline 0.002 -14"><span class='ocrx_word' id='word_1_170' title='bbox 154 2172 380 2220; x_wconf 72' lang='lat' dir='ltr'><strong>Polycratem</strong></span> <span class='ocrx_word' id='word_1_171' title='bbox 401 2175 608 2223; x_wconf 83' lang='lat' dir='ltr'>pervenisse</span> <span class='ocrx_word' id='word_1_172' title='bbox 623 2174 719 2210; x_wconf 89' lang='lat' dir='ltr'>haud</span> <span class='ocrx_word' id='word_1_173' title='bbox 734 2186 812 2210; x_wconf 90' lang='lat' dir='ltr'>ma-</span> 
     </span>
     <span class='ocr_line' id='line_1_33' title="bbox 154 2230 815 2279; baseline 0.005 -15"><span class='ocrx_word' id='word_1_174' title='bbox 154 2230 210 2277; x_wconf 81' lang='lat' dir='ltr'>gis</span> <span class='ocrx_word' id='word_1_175' title='bbox 230 2230 420 2278; x_wconf 84' lang='lat' dir='ltr'>probabile</span> <span class='ocrx_word' id='word_1_176' title='bbox 437 2234 504 2276; x_wconf 88' lang='lat' dir='ltr'>est,</span> <span class='ocrx_word' id='word_1_177' title='bbox 537 2243 645 2279; x_wconf 88' lang='lat' dir='ltr'>quam</span> <span class='ocrx_word' id='word_1_178' title='bbox 666 2230 815 2267; x_wconf 77' lang='lat' dir='ltr'>calicem</span> 
     </span>
     <span class='ocr_line' id='line_1_34' title="bbox 154 2286 815 2335; baseline 0 -12"><span class='ocrx_word' id='word_1_179' title='bbox 154 2286 281 2323; x_wconf 83' lang='lat' dir='ltr'>Croesi</span> <span class='ocrx_word' id='word_1_180' title='bbox 321 2286 386 2333; x_wconf 93' lang='lat' dir='ltr'>(cf.</span> <span class='ocrx_word' id='word_1_181' title='bbox 427 2286 461 2332; x_wconf 87' lang='lat' dir='ltr'>I,</span> <span class='ocrx_word' id='word_1_182' title='bbox 490 2287 559 2335; x_wconf 86' lang='lat'>51)</span> <span class='ocrx_word' id='word_1_183' title='bbox 599 2287 645 2323; x_wconf 88' lang='lat' dir='ltr'>ab</span> <span class='ocrx_word' id='word_1_184' title='bbox 683 2288 815 2323; x_wconf 85' lang='lat' dir='ltr'>eodem</span> 
     </span>
     <span class='ocr_line' id='line_1_35' title="bbox 155 2342 816 2392; baseline -0.002 -13"><span class='ocrx_word' id='word_1_185' title='bbox 155 2342 368 2388; x_wconf 85' lang='lat' dir='ltr'>Theodoro,</span> <span class='ocrx_word' id='word_1_186' title='bbox 400 2344 561 2392; x_wconf 91' lang='lat' dir='ltr'>quinque</span> <span class='ocrx_word' id='word_1_187' title='bbox 590 2342 719 2380; x_wconf 85' lang='lat' dir='ltr'>saltem</span> <span class='ocrx_word' id='word_1_188' title='bbox 750 2343 816 2379; x_wconf 85' lang='lat' dir='ltr'>ho-</span> 
     </span>
     <span class='ocr_line' id='line_1_36' title="bbox 155 2399 816 2449; baseline 0.002 -14"><span class='ocrx_word' id='word_1_189' title='bbox 155 2399 289 2435; x_wconf 85' lang='lat' dir='ltr'>minum</span> <span class='ocrx_word' id='word_1_190' title='bbox 312 2400 491 2436; x_wconf 80' lang='lat' dir='ltr'>aetatibus</span> <span class='ocrx_word' id='word_1_191' title='bbox 511 2400 715 2449; x_wconf 79' lang='lat' dir='ltr'>antiquiori,</span> <span class='ocrx_word' id='word_1_192' title='bbox 742 2399 816 2437; x_wconf 89' lang='lat' dir='ltr'>ela-</span> 
     </span>
     <span class='ocr_line' id='line_1_37' title="bbox 156 2455 815 2506; baseline 0.002 -15"><span class='ocrx_word' id='word_1_193' title='bbox 156 2455 320 2492; x_wconf 88' lang='lat' dir='ltr'>boratum</span> <span class='ocrx_word' id='word_1_194' title='bbox 353 2468 433 2492; x_wconf 86' lang='lat' dir='ltr'>esse</span> <span class='ocrx_word' id='word_1_195' title='bbox 455 2456 484 2492; x_wconf 87' lang='lat' dir='ltr'>si</span> <span class='ocrx_word' id='word_1_196' title='bbox 514 2456 661 2493; x_wconf 79' lang='lat' dir='ltr'>dixeris.</span> <span class='ocrx_word' id='word_1_197' title='bbox 704 2455 815 2506; x_wconf 84' lang='lat' dir='ltr'>Apud</span> 
     </span>
     <span class='ocr_line' id='line_1_38' title="bbox 155 2510 815 2561; baseline 0.003 -14"><span class='ocrx_word' id='word_1_198' title='bbox 155 2510 308 2548; x_wconf 87' lang='lat' dir='ltr'>Diodor.</span> <span class='ocrx_word' id='word_1_199' title='bbox 328 2512 356 2556; x_wconf 91' lang='lat'>1,</span> <span class='ocrx_word' id='word_1_200' title='bbox 370 2514 422 2552; x_wconf 87' lang='grc'>98</span> <span class='ocrx_word' id='word_1_201' title='bbox 443 2518 480 2549; x_wconf 90' lang='lat' dir='ltr'>et</span> <span class='ocrx_word' id='word_1_202' title='bbox 496 2512 815 2561; x_wconf 81' lang='lat' dir='ltr'>Athenagor.XlV</span> 
     </span>
     <span class='ocr_line' id='line_1_39' title="bbox 157 2568 813 2615; baseline 0.008 -14"><span class='ocrx_word' id='word_1_203' title='bbox 157 2579 192 2615; x_wconf 88' lang='lat' dir='ltr'>p.</span> <span class='ocrx_word' id='word_1_204' title='bbox 216 2569 264 2606; x_wconf 87' lang='grc'>61</span> <span class='ocrx_word' id='word_1_205' title='bbox 302 2568 452 2604; x_wconf 78' lang='lat' dir='ltr'>Telecles</span> <span class='ocrx_word' id='word_1_206' title='bbox 483 2569 541 2607; x_wconf 89' lang='lat' dir='ltr'>ille</span> <span class='ocrx_word' id='word_1_207' title='bbox 567 2570 682 2606; x_wconf 90' lang='lat' dir='ltr'>maior</span> <span class='ocrx_word' id='word_1_208' title='bbox 712 2574 813 2615; x_wconf 89' lang='lat' dir='ltr'>natu,</span> 
     </span>
     <span class='ocr_line' id='line_1_40' title="bbox 158 2622 816 2675; baseline 0.008 -18"><span class='ocrx_word' id='word_1_209' title='bbox 158 2622 339 2660; x_wconf 84' lang='lat' dir='ltr'>Theodori</span> <span class='ocrx_word' id='word_1_210' title='bbox 367 2625 499 2675; x_wconf 89' lang='lat' dir='ltr'>prioris</span> <span class='ocrx_word' id='word_1_211' title='bbox 527 2627 651 2672; x_wconf 85' lang='lat' dir='ltr'>frater,</span> <span class='ocrx_word' id='word_1_212' title='bbox 681 2625 816 2663; x_wconf 88' lang='lat' dir='ltr'>intelli-</span> 
     </span>
     <span class='ocr_line' id='line_1_41' title="bbox 159 2678 816 2729; baseline 0.011 -16"><span class='ocrx_word' id='word_1_213' title='bbox 159 2678 195 2726; x_wconf 93' lang='lat' dir='ltr'>gi</span> <span class='ocrx_word' id='word_1_214' title='bbox 226 2678 359 2726; x_wconf 82' lang='lat' dir='ltr'>debet3</span> <span class='ocrx_word' id='word_1_215' title='bbox 389 2682 488 2729; x_wconf 88' lang='lat' dir='ltr'>apud</span> <span class='ocrx_word' id='word_1_216' title='bbox 519 2681 749 2719; x_wconf 89' lang='lat' dir='ltr'>Herodotum</span> <span class='ocrx_word' id='word_1_217' title='bbox 778 2686 816 2720; x_wconf 88' lang='lat' dir='ltr'>et</span> 
     </span>
     <span class='ocr_line' id='line_1_42' title="bbox 159 2735 816 2788; baseline 0.006 -18"><span class='ocrx_word' id='word_1_218' title='bbox 159 2735 376 2773; x_wconf 80' lang='lat' dir='ltr'>Pausaniam</span> <span class='ocrx_word' id='word_1_219' title='bbox 389 2735 503 2786; x_wconf 77' lang='lat' dir='ltr'>(VIII,</span> <span class='ocrx_word' id='word_1_220' title='bbox 518 2737 582 2784; x_wconf 82' lang='grc'>14,</span> <span class='ocrx_word' id='word_1_221' title='bbox 593 2739 629 2779; x_wconf 90' lang='lat'>5.</span> <span class='ocrx_word' id='word_1_222' title='bbox 641 2739 689 2784; x_wconf 88' lang='lat' dir='ltr'>X,</span> <span class='ocrx_word' id='word_1_223' title='bbox 702 2737 816 2788; x_wconf 81' lang='lat'>38,3)</span> 
     </span>
     <span class='ocr_line' id='line_1_43' title="bbox 163 2790 817 2841; baseline 0.006 -15"><span class='ocrx_word' id='word_1_224' title='bbox 163 2790 198 2827; x_wconf 91' lang='lat' dir='ltr'><em>T</em></span> <span class='ocrx_word' id='word_1_225' title='bbox 197 2791 314 2827; x_wconf 80' lang='lat' dir='ltr'>elecles</span> <span class='ocrx_word' id='word_1_226' title='bbox 340 2794 452 2828; x_wconf 78' lang='lat' dir='ltr'>minor</span> <span class='ocrx_word' id='word_1_227' title='bbox 482 2798 596 2841; x_wconf 73' lang='lat' dir='ltr'>natu,</span> <span class='ocrx_word' id='word_1_228' title='bbox 626 2794 817 2832; x_wconf 89' lang='lat' dir='ltr'>Theodori</span> 
     </span>
     <span class='ocr_line' id='line_1_44' title="bbox 157 2848 816 2899; baseline 0.008 -16"><span class='ocrx_word' id='word_1_229' title='bbox 157 2848 303 2884; x_wconf 86' lang='lat' dir='ltr'>minoris</span> <span class='ocrx_word' id='word_1_230' title='bbox 324 2853 438 2899; x_wconf 86' lang='lat' dir='ltr'>pater.</span> <span class='ocrx_word' id='word_1_231' title='bbox 497 2850 554 2887; x_wconf 91' lang='lat' dir='ltr'>De</span> <span class='ocrx_word' id='word_1_232' title='bbox 576 2851 706 2899; x_wconf 89' lang='lat' dir='ltr'>quibus</span> <span class='ocrx_word' id='word_1_233' title='bbox 728 2852 816 2887; x_wconf 89' lang='lat' dir='ltr'>arti-</span> 
     </span>
    </p>
   </div>
   <div class='ocr_carea' id='block_1_10' title="bbox 158 2902 813 2958">
    <p class='ocr_par' dir='ltr' id='par_1_10' title="bbox 158 2902 813 2958">
     <span class='ocr_line' id='line_1_45' title="bbox 158 2902 813 2958; baseline 0.006 -18"><span class='ocrx_word' id='word_1_234' title='bbox 158 2902 285 2941; x_wconf 85' lang='lat' dir='ltr'>ficibus</span> <span class='ocrx_word' id='word_1_235' title='bbox 312 2904 447 2941; x_wconf 91' lang='lat' dir='ltr'>consul.</span> <span class='ocrx_word' id='word_1_236' title='bbox 470 2904 813 2958; x_wconf 87' lang='lat' dir='ltr'>Thiersch.Epoch.</span> 
     </span>
    </p>
   </div>
   <div class='ocr_carea' id='block_1_11' title="bbox 864 1268 1539 2949">
    <p class='ocr_par' dir='ltr' id='par_1_11' title="bbox 864 1268 1533 1884">
     <span class='ocr_line' id='line_1_46' title="bbox 864 1268 1529 1334; baseline 0.002 -30"><span class='ocrx_word' id='word_1_237' title='bbox 864 1268 899 1305; x_wconf 92' lang='lat' dir='ltr'>d</span> <span class='ocrx_word' id='word_1_238' title='bbox 928 1268 1016 1306; x_wconf 90' lang='lat' dir='ltr'>bild.</span> <span class='ocrx_word' id='word_1_239' title='bbox 1044 1268 1180 1305; x_wconf 82' lang='lat' dir='ltr'>Kunst.</span> <span class='ocrx_word' id='word_1_240' title='bbox 1204 1281 1290 1334; x_wconf 87' lang='lat' dir='ltr'>pag.</span> <span class='ocrx_word' id='word_1_241' title='bbox 1319 1270 1394 1309; x_wconf 82' lang='lat'>181</span> <span class='ocrx_word' id='word_1_242' title='bbox 1424 1280 1529 1317; x_wconf 85' lang='lat' dir='ltr'>seqq.</span> 
     </span>
     <span class='ocr_line' id='line_1_47' title="bbox 864 1325 1528 1375; baseline 0 -15"><span class='ocrx_word' id='word_1_243' title='bbox 864 1325 922 1363; x_wconf 80' lang='lat' dir='ltr'>ed,</span> <span class='ocrx_word' id='word_1_244' title='bbox 945 1325 1094 1362; x_wconf 81' lang='lat' dir='ltr'>s.ecund</span> <span class='ocrx_word' id='word_1_245' title='bbox 1101 1338 1242 1374; x_wconf 87' lang='lat' dir='ltr'>,quem</span> <span class='ocrx_word' id='word_1_246' title='bbox 1264 1327 1341 1362; x_wconf 89' lang='lat' dir='ltr'>iure</span> <span class='ocrx_word' id='word_1_247' title='bbox 1364 1325 1528 1375; x_wconf 87' lang='lat' dir='ltr'>sequitur</span> 
     </span>
     <span class='ocr_line' id='line_1_48' title="bbox 864 1380 1527 1431; baseline 0.006 -14"><span class='ocrx_word' id='word_1_248' title='bbox 864 1380 980 1430; x_wconf 78' lang='lat' dir='ltr'>Sillig.</span> <span class='ocrx_word' id='word_1_249' title='bbox 1003 1381 1026 1418; x_wconf 85' lang='lat' dir='ltr'>l.</span> <span class='ocrx_word' id='word_1_250' title='bbox 1051 1381 1073 1417; x_wconf 94' lang='lat' dir='ltr'>l.</span> <span class='ocrx_word' id='word_1_251' title='bbox 1104 1394 1189 1431; x_wconf 85' lang='lat' dir='ltr'>pag.</span> <span class='ocrx_word' id='word_1_252' title='bbox 1219 1380 1299 1422; x_wconf 80' lang='lat'>435</span> <span class='ocrx_word' id='word_1_253' title='bbox 1321 1394 1399 1431; x_wconf 82' lang='lat' dir='ltr'>seq.</span> <span class='ocrx_word' id='word_1_254' title='bbox 1430 1380 1527 1421; x_wconf 77' lang='lat'>442·</span> 
     </span>
     <span class='ocr_line' id='line_1_49' title="bbox 864 1437 1531 1488; baseline -0.003 -13"><span class='ocrx_word' id='word_1_255' title='bbox 864 1438 924 1475; x_wconf 91' lang='lat' dir='ltr'>Tu</span> <span class='ocrx_word' id='word_1_256' title='bbox 943 1439 1039 1475; x_wconf 85' lang='lat' dir='ltr'>conf.</span> <span class='ocrx_word' id='word_1_257' title='bbox 1061 1444 1253 1488; x_wconf 88' lang='lat' dir='ltr'>praeterea</span> <span class='ocrx_word' id='word_1_258' title='bbox 1271 1438 1440 1476; x_wconf 77' lang='lat' dir='ltr'>Panofka</span> <span class='ocrx_word' id='word_1_259' title='bbox 1461 1437 1531 1473; x_wconf 86' lang='lat' dir='ltr'>Sa-</span> 
     </span>
     <span class='ocr_line' id='line_1_50' title="bbox 866 1494 1528 1545; baseline -0.002 -14"><span class='ocrx_word' id='word_1_260' title='bbox 866 1495 987 1531; x_wconf 88' lang='lat' dir='ltr'>miorr.</span> <span class='ocrx_word' id='word_1_261' title='bbox 1019 1495 1094 1532; x_wconf 88' lang='lat' dir='ltr'>Res</span> <span class='ocrx_word' id='word_1_262' title='bbox 1123 1508 1208 1544; x_wconf 87' lang='lat' dir='ltr'>pag.</span> <span class='ocrx_word' id='word_1_263' title='bbox 1239 1495 1292 1535; x_wconf 83' lang='grc'><strong>53</strong></span> <span class='ocrx_word' id='word_1_264' title='bbox 1313 1508 1390 1545; x_wconf 89' lang='lat' dir='ltr'>seq.</span> <span class='ocrx_word' id='word_1_265' title='bbox 1421 1498 1458 1533; x_wconf 84' lang='lat' dir='ltr'>et</span> <span class='ocrx_word' id='word_1_266' title='bbox 1484 1494 1528 1533; x_wconf 90' lang='lat' dir='ltr'>C.</span> 
     </span>
     <span class='ocr_line' id='line_1_51' title="bbox 866 1550 1531 1602; baseline 0 -15"><span class='ocrx_word' id='word_1_267' title='bbox 866 1551 913 1587; x_wconf 94' lang='lat' dir='ltr'>O.</span> <span class='ocrx_word' id='word_1_268' title='bbox 929 1550 1071 1588; x_wconf 81' lang='lat' dir='ltr'>Miiller.</span> <span class='ocrx_word' id='word_1_269' title='bbox 1095 1551 1148 1588; x_wconf 89' lang='lat' dir='ltr'>l.l.</span> <span class='ocrx_word' id='word_1_270' title='bbox 1171 1565 1255 1602; x_wconf 85' lang='lat' dir='ltr'>pag.</span> <span class='ocrx_word' id='word_1_271' title='bbox 1277 1554 1341 1591; x_wconf 80' lang='grc'>38.</span> <span class='ocrx_word' id='word_1_272' title='bbox 1377 1551 1429 1588; x_wconf 88' lang='lat' dir='ltr'>Ac</span> <span class='ocrx_word' id='word_1_273' title='bbox 1446 1550 1531 1600; x_wconf 89' lang='lat' dir='ltr'>plu-</span> 
     </span>
     <span class='ocr_line' id='line_1_52' title="bbox 865 1608 1532 1652; baseline 0.001 -9"><span class='ocrx_word' id='word_1_274' title='bbox 865 1620 923 1644; x_wconf 85' lang='lat' dir='ltr'>res</span> <span class='ocrx_word' id='word_1_275' title='bbox 946 1608 1180 1652; x_wconf 68' lang='lat' dir='ltr'>&#39;l‘heodoros,</span> <span class='ocrx_word' id='word_1_276' title='bbox 1198 1608 1341 1644; x_wconf 76' lang='lat' dir='ltr'>Samios</span> <span class='ocrx_word' id='word_1_277' title='bbox 1362 1608 1532 1644; x_wconf 80' lang='lat' dir='ltr'>eosdem-</span> 
     </span>
     <span class='ocr_line' id='line_1_53' title="bbox 866 1664 1531 1714; baseline 0.002 -14"><span class='ocrx_word' id='word_1_278' title='bbox 866 1677 937 1714; x_wconf 90' lang='lat' dir='ltr'>que</span> <span class='ocrx_word' id='word_1_279' title='bbox 959 1664 1130 1711; x_wconf 81' lang='lat' dir='ltr'>artifices,</span> <span class='ocrx_word' id='word_1_280' title='bbox 1150 1664 1432 1713; x_wconf 71' lang='lat' dir='ltr'>distinguendos</span> <span class='ocrx_word' id='word_1_281' title='bbox 1451 1676 1531 1701; x_wconf 87' lang='lat' dir='ltr'>esse</span> 
     </span>
     <span class='ocr_line' id='line_1_54' title="bbox 867 1720 1533 1767; baseline 0.002 -10"><span class='ocrx_word' id='word_1_282' title='bbox 867 1722 1017 1767; x_wconf 87' lang='lat' dir='ltr'>dudum,</span> <span class='ocrx_word' id='word_1_283' title='bbox 1048 1726 1203 1759; x_wconf 85' lang='lat' dir='ltr'>notante</span> <span class='ocrx_word' id='word_1_284' title='bbox 1228 1720 1308 1767; x_wconf 67' lang='lat' dir='ltr'>Cr„</span> <span class='ocrx_word' id='word_1_285' title='bbox 1339 1723 1533 1758; x_wconf 83' lang='lat' dir='ltr'>monuerat</span> 
     </span>
     <span class='ocr_line' id='line_1_55' title="bbox 866 1777 1533 1826; baseline 0 -12"><span class='ocrx_word' id='word_1_286' title='bbox 866 1778 1049 1826; x_wconf 78' lang='lat' dir='ltr'>Bottiger.</span> <span class='ocrx_word' id='word_1_287' title='bbox 1065 1779 1101 1814; x_wconf 89' lang='lat' dir='ltr'>iu</span> <span class='ocrx_word' id='word_1_288' title='bbox 1113 1778 1286 1816; x_wconf 89' lang='lat' dir='ltr'>Andeutt.</span> <span class='ocrx_word' id='word_1_289' title='bbox 1301 1791 1334 1815; x_wconf 92' lang='lat' dir='ltr'>z.</span> <span class='ocrx_word' id='word_1_290' title='bbox 1346 1777 1533 1815; x_wconf 87' lang='lat' dir='ltr'>Archaeo-</span> 
     </span>
     <span class='ocr_line' id='line_1_56' title="bbox 866 1833 1136 1884; baseline 0.011 -15"><span class='ocrx_word' id='word_1_291' title='bbox 866 1833 939 1883; x_wconf 84' lang='lat' dir='ltr'>log.</span> <span class='ocrx_word' id='word_1_292' title='bbox 963 1848 1049 1884; x_wconf 82' lang='lat' dir='ltr'>pag.</span> <span class='ocrx_word' id='word_1_293' title='bbox 1071 1834 1136 1874; x_wconf 81' lang='lat'>52.</span> 
     </span>
    </p>

    <p class='ocr_par' dir='ltr' id='par_1_12' title="bbox 866 1885 1539 2562">
     <span class='ocr_line' id='line_1_57' title="bbox 923 1885 1532 1941; baseline -0.002 -12"><span class='ocrx_word' id='word_1_294' title='bbox 923 1885 1204 1940; x_wconf 81' lang='grc' dir='ltr'><em>περιελόμενος</em></span> <span class='ocrx_word' id='word_1_295' title='bbox 1228 1887 1302 1941; x_wconf 65' lang='grc' dir='ltr'><em>τήν</em></span> <span class='ocrx_word' id='word_1_296' title='bbox 1330 1889 1532 1941; x_wconf 81' lang='grc' dir='ltr'><em>σφρηγῖδα</em></span> 
     </span>
     <span class='ocr_line' id='line_1_58' title="bbox 866 1947 1530 1998; baseline -0.006 -11"><span class='ocrx_word' id='word_1_297' title='bbox 866 1969 921 1974; x_wconf 90' lang='lat'><em>-</em></span> <span class='ocrx_word' id='word_1_298' title='bbox 944 1948 1087 1998; x_wconf 72' lang='grc' dir='ltr'><em>ῥίπτει]</em></span> <span class='ocrx_word' id='word_1_299' title='bbox 1120 1949 1141 1985; x_wconf 84' lang='lat' dir='ltr'>i.</span> <span class='ocrx_word' id='word_1_300' title='bbox 1161 1962 1191 1986; x_wconf 88' lang='lat' dir='ltr'>e.</span> <span class='ocrx_word' id='word_1_301' title='bbox 1217 1960 1388 1996; x_wconf 79' lang='lat' dir='ltr'>gemmam</span> <span class='ocrx_word' id='word_1_302' title='bbox 1411 1947 1530 1984; x_wconf 77' lang='lat' dir='ltr'>detra-</span> 
     </span>
     <span class='ocr_line' id='line_1_59' title="bbox 868 2005 1531 2054; baseline -0.002 -13"><span class='ocrx_word' id='word_1_303' title='bbox 868 2008 960 2041; x_wconf 82' lang='lat' dir='ltr'>ctam</span> <span class='ocrx_word' id='word_1_304' title='bbox 987 2005 1055 2051; x_wconf 87' lang='lat' dir='ltr'>(de</span> <span class='ocrx_word' id='word_1_305' title='bbox 1077 2005 1214 2054; x_wconf 84' lang='lat' dir='ltr'>digito)</span> <span class='ocrx_word' id='word_1_306' title='bbox 1242 2006 1280 2041; x_wconf 79' lang='lat' dir='ltr'>in</span> <span class='ocrx_word' id='word_1_307' title='bbox 1305 2016 1400 2042; x_wconf 80' lang='lat' dir='ltr'>mare</span> <span class='ocrx_word' id='word_1_308' title='bbox 1422 2005 1531 2041; x_wconf 78' lang='lat' dir='ltr'>conii-</span> 
     </span>
     <span class='ocr_line' id='line_1_60' title="bbox 869 2061 1533 2111; baseline 0.002 -14"><span class='ocrx_word' id='word_1_309' title='bbox 869 2062 928 2100; x_wconf 72' lang='lat' dir='ltr'>cit.</span> <span class='ocrx_word' id='word_1_310' title='bbox 969 2061 1029 2097; x_wconf 86' lang='lat' dir='ltr'>Ad</span> <span class='ocrx_word' id='word_1_311' title='bbox 1054 2062 1206 2098; x_wconf 90' lang='lat' dir='ltr'>verbum</span> <span class='ocrx_word' id='word_1_312' title='bbox 1236 2065 1533 2111; x_wconf 80' lang='grc' dir='ltr'><em>περιαιρεῖσθαι</em></span> 
     </span>
     <span class='ocr_line' id='line_1_61' title="bbox 871 2117 1532 2162; baseline 0.002 -9"><span class='ocrx_word' id='word_1_313' title='bbox 871 2117 1082 2154; x_wconf 65' lang='lat' dir='ltr'>detrahenda·</span> <span class='ocrx_word' id='word_1_314' title='bbox 1100 2119 1249 2154; x_wconf 88' lang='lat' dir='ltr'>notione</span> <span class='ocrx_word' id='word_1_315' title='bbox 1261 2118 1355 2154; x_wconf 90' lang='lat' dir='ltr'>conf.</span> <span class='ocrx_word' id='word_1_316' title='bbox 1368 2117 1431 2162; x_wconf 88' lang='grc'>111,</span> <span class='ocrx_word' id='word_1_317' title='bbox 1453 2117 1532 2157; x_wconf 80' lang='lat'>128</span> 
     </span>
     <span class='ocr_line' id='line_1_62' title="bbox 871 2173 1532 2223; baseline -0.005 -13"><span class='ocrx_word' id='word_1_318' title='bbox 871 2174 950 2210; x_wconf 90' lang='lat' dir='ltr'>coll.</span> <span class='ocrx_word' id='word_1_319' title='bbox 974 2175 1065 2213; x_wconf 83' lang='lat'>159.</span> <span class='ocrx_word' id='word_1_320' title='bbox 1110 2173 1191 2212; x_wconf 88' lang='lat' dir='ltr'>Nec</span> <span class='ocrx_word' id='word_1_321' title='bbox 1209 2174 1278 2211; x_wconf 88' lang='lat' dir='ltr'>alia</span> <span class='ocrx_word' id='word_1_322' title='bbox 1299 2174 1352 2210; x_wconf 82' lang='lat' dir='ltr'>vis</span> <span class='ocrx_word' id='word_1_323' title='bbox 1373 2185 1532 2223; x_wconf 87' lang='lat' dir='ltr'>praepo-</span> 
     </span>
     <span class='ocr_line' id='line_1_63' title="bbox 871 2229 1534 2280; baseline 0 -13"><span class='ocrx_word' id='word_1_324' title='bbox 871 2230 1008 2267; x_wconf 86' lang='lat' dir='ltr'>sitionis</span> <span class='ocrx_word' id='word_1_325' title='bbox 1031 2229 1121 2279; x_wconf 84' lang='grc' dir='ltr'><em>περὶ</em></span> <span class='ocrx_word' id='word_1_326' title='bbox 1143 2231 1178 2267; x_wconf 84' lang='lat' dir='ltr'>in</span> <span class='ocrx_word' id='word_1_327' title='bbox 1201 2230 1313 2268; x_wconf 87' lang='lat' dir='ltr'>verbo</span> <span class='ocrx_word' id='word_1_328' title='bbox 1333 2230 1534 2280; x_wconf 83' lang='grc' dir='ltr'><em>περιτίθε-</em></span> 
     </span>
     <span class='ocr_line' id='line_1_64' title="bbox 874 2285 1535 2336; baseline -0.005 -11"><span class='ocrx_word' id='word_1_329' title='bbox 874 2291 972 2326; x_wconf 82' lang='grc' dir='ltr'><em>σθαι</em></span> <span class='ocrx_word' id='word_1_330' title='bbox 991 2287 1058 2332; x_wconf 89' lang='lat' dir='ltr'>(de</span> <span class='ocrx_word' id='word_1_331' title='bbox 1076 2301 1150 2336; x_wconf 90' lang='lat' dir='ltr'>quo</span> <span class='ocrx_word' id='word_1_332' title='bbox 1173 2288 1245 2324; x_wconf 90' lang='lat' dir='ltr'>vid.</span> <span class='ocrx_word' id='word_1_333' title='bbox 1263 2291 1358 2324; x_wconf 82' lang='lat' dir='ltr'>nott.</span> <span class='ocrx_word' id='word_1_334' title='bbox 1374 2287 1423 2323; x_wconf 88' lang='lat' dir='ltr'>ad</span> <span class='ocrx_word' id='word_1_335' title='bbox 1446 2285 1535 2323; x_wconf 90' lang='lat' dir='ltr'>Plu-</span> 
     </span>
     <span class='ocr_line' id='line_1_65' title="bbox 872 2342 1538 2394; baseline -0.002 -13"><span class='ocrx_word' id='word_1_336' title='bbox 872 2343 985 2381; x_wconf 86' lang='lat' dir='ltr'>tarch.</span> <span class='ocrx_word' id='word_1_337' title='bbox 1003 2342 1131 2393; x_wconf 78' lang='lat' dir='ltr'>Pyrrh.</span> <span class='ocrx_word' id='word_1_338' title='bbox 1156 2347 1204 2385; x_wconf 88' lang='lat'>11</span> <span class='ocrx_word' id='word_1_339' title='bbox 1226 2357 1311 2394; x_wconf 85' lang='lat' dir='ltr'>pag.</span> <span class='ocrx_word' id='word_1_340' title='bbox 1327 2342 1440 2392; x_wconf 86' lang='lat'>170),</span> <span class='ocrx_word' id='word_1_341' title='bbox 1464 2356 1538 2380; x_wconf 77' lang='grc' dir='ltr'><em>πε·</em></span> 
     </span>
     <span class='ocr_line' id='line_1_66' title="bbox 874 2398 1536 2449; baseline -0.005 -11"><span class='ocrx_word' id='word_1_342' title='bbox 874 2401 1058 2448; x_wconf 77' lang='grc' dir='ltr'><em>ριτίλλειν</em></span> <span class='ocrx_word' id='word_1_343' title='bbox 1078 2401 1239 2447; x_wconf 87' lang='lat' dir='ltr'>(Herod.</span> <span class='ocrx_word' id='word_1_344' title='bbox 1253 2400 1316 2447; x_wconf 83' lang='lat' dir='ltr'>lll,</span> <span class='ocrx_word' id='word_1_345' title='bbox 1337 2398 1426 2449; x_wconf 80' lang='lat'><strong>32),</strong></span> <span class='ocrx_word' id='word_1_346' title='bbox 1446 2399 1536 2436; x_wconf 76' lang='lat' dir='ltr'>aliis,</span> 
     </span>
     <span class='ocr_line' id='line_1_67' title="bbox 872 2456 1539 2509; baseline -0.003 -14"><span class='ocrx_word' id='word_1_347' title='bbox 872 2457 930 2495; x_wconf 93' lang='lat' dir='ltr'>De</span> <span class='ocrx_word' id='word_1_348' title='bbox 952 2456 1136 2494; x_wconf 84' lang='lat' dir='ltr'>locutione</span> <span class='ocrx_word' id='word_1_349' title='bbox 1160 2458 1349 2509; x_wconf 81' lang='grc' dir='ltr'><em>συμφορῇ</em></span> <span class='ocrx_word' id='word_1_350' title='bbox 1363 2458 1539 2506; x_wconf 81' lang='grc' dir='ltr'><em>χρῆσθαι</em></span> 
     </span>
     <span class='ocr_line' id='line_1_68' title="bbox 872 2512 1490 2562; baseline -0.003 -11"><span class='ocrx_word' id='word_1_351' title='bbox 872 2513 1075 2551; x_wconf 83' lang='lat' dir='ltr'>notavimus</span> <span class='ocrx_word' id='word_1_352' title='bbox 1098 2514 1279 2562; x_wconf 88' lang='lat' dir='ltr'>quaedam</span> <span class='ocrx_word' id='word_1_353' title='bbox 1301 2513 1398 2559; x_wconf 86' lang='lat' dir='ltr'>adl,</span> <span class='ocrx_word' id='word_1_354' title='bbox 1423 2512 1490 2553; x_wconf 90' lang='lat'>35.</span> 
     </span>
    </p>

    <p class='ocr_par' dir='ltr' id='par_1_13' title="bbox 1075 2570 1330 2621">
     <span class='ocr_line' id='line_1_69' title="bbox 1075 2570 1330 2621; baseline -0.004 -14"><span class='ocrx_word' id='word_1_355' title='bbox 1075 2570 1138 2607; x_wconf 90' lang='lat' dir='ltr'>Ca</span> <span class='ocrx_word' id='word_1_356' title='bbox 1151 2584 1187 2621; x_wconf 92' lang='lat' dir='ltr'>p.</span> <span class='ocrx_word' id='word_1_357' title='bbox 1216 2570 1285 2609; x_wconf 90' lang='lat' dir='ltr'>XI</span> <span class='ocrx_word' id='word_1_358' title='bbox 1286 2570 1330 2606; x_wconf 88' lang='lat' dir='ltr'>ll.</span> 
     </span>
    </p>

    <p class='ocr_par' dir='ltr' id='par_1_14' title="bbox 871 2620 1538 2949">
     <span class='ocr_line' id='line_1_70' title="bbox 929 2620 1536 2677; baseline -0.007 -13"><span class='ocrx_word' id='word_1_359' title='bbox 929 2620 1007 2665; x_wconf 78' lang='grc' dir='ltr'>οἷπὸ</span> <span class='ocrx_word' id='word_1_360' title='bbox 1032 2642 1052 2664; x_wconf 86' lang='grc' dir='ltr'><strong><em>τ</em></strong></span> <span class='ocrx_word' id='word_1_361' title='bbox 1063 2641 1083 2665; x_wconf 92' lang='grc' dir='ltr'><em>ο</em></span> <span class='ocrx_word' id='word_1_362' title='bbox 1096 2621 1121 2664; x_wconf 89' lang='lat' dir='ltr'>v&#39;</span> <span class='ocrx_word' id='word_1_363' title='bbox 1135 2642 1154 2664; x_wconf 87' lang='grc' dir='ltr'><strong><em>τ</em></strong></span> <span class='ocrx_word' id='word_1_364' title='bbox 1167 2642 1197 2666; x_wconf 92' lang='grc' dir='ltr'><em>ω</em></span> <span class='ocrx_word' id='word_1_365' title='bbox 1210 2628 1255 2677; x_wconf 85' lang='grc' dir='ltr'><em>ν]</em></span> <span class='ocrx_word' id='word_1_366' title='bbox 1295 2626 1396 2663; x_wconf 86' lang='lat' dir='ltr'>Cave</span> <span class='ocrx_word' id='word_1_367' title='bbox 1417 2625 1536 2662; x_wconf 87' lang='lat' dir='ltr'>corri-</span> 
     </span>
     <span class='ocr_line' id='line_1_71' title="bbox 873 2678 1538 2752; baseline -0.003 -33"><span class='ocrx_word' id='word_1_368' title='bbox 873 2695 940 2752; x_wconf 80' lang='lat' dir='ltr'>gas</span> <span class='ocrx_word' id='word_1_369' title='bbox 963 2678 1041 2721; x_wconf 80' lang='grc' dir='ltr'>οἷπὸ</span> <span class='ocrx_word' id='word_1_370' title='bbox 1059 2697 1256 2722; x_wconf 87' lang='grc' dir='ltr'><em>τουτου.</em></span> <span class='ocrx_word' id='word_1_371' title='bbox 1294 2682 1408 2719; x_wconf 87' lang='lat' dir='ltr'>Haud</span> <span class='ocrx_word' id='word_1_372' title='bbox 1435 2681 1538 2718; x_wconf 86' lang='lat' dir='ltr'>aliter</span> 
     </span>
     <span class='ocr_line' id='line_1_72' title="bbox 874 2734 1536 2778; baseline -0.006 -1"><span class='ocrx_word' id='word_1_373' title='bbox 874 2737 916 2777; x_wconf 81' lang='grc' dir='ltr'>ἐκ</span> <span class='ocrx_word' id='word_1_374' title='bbox 946 2734 1099 2778; x_wconf 80' lang='grc' dir='ltr'><em>τούτων</em></span> <span class='ocrx_word' id='word_1_375' title='bbox 1121 2741 1157 2777; x_wconf 92' lang='lat' dir='ltr'>in</span> <span class='ocrx_word' id='word_1_376' title='bbox 1179 2738 1360 2777; x_wconf 85' lang='lat' dir='ltr'>Plutarch.</span> <span class='ocrx_word' id='word_1_377' title='bbox 1380 2737 1536 2775; x_wconf 87' lang='lat' dir='ltr'>Flamin.</span> 
     </span>
     <span class='ocr_line' id='line_1_73' title="bbox 874 2795 1538 2845; baseline 0.003 -13"><span class='ocrx_word' id='word_1_378' title='bbox 874 2797 900 2835; x_wconf 85' lang='lat'>9</span> <span class='ocrx_word' id='word_1_379' title='bbox 919 2796 1008 2840; x_wconf 66' lang='lat' dir='ltr'>init„</span> <span class='ocrx_word' id='word_1_380' title='bbox 1034 2796 1096 2833; x_wconf 85' lang='lat' dir='ltr'>ubi</span> <span class='ocrx_word' id='word_1_381' title='bbox 1125 2797 1197 2834; x_wconf 92' lang='lat' dir='ltr'>vid.</span> <span class='ocrx_word' id='word_1_382' title='bbox 1227 2799 1320 2834; x_wconf 84' lang='lat' dir='ltr'>nott.</span> <span class='ocrx_word' id='word_1_383' title='bbox 1337 2807 1423 2845; x_wconf 85' lang='lat' dir='ltr'>pag.</span> <span class='ocrx_word' id='word_1_384' title='bbox 1445 2795 1538 2838; x_wconf 87' lang='lat'>100,</span> 
     </span>
     <span class='ocr_line' id='line_1_74' title="bbox 871 2849 1533 2900; baseline -0.006 -11"><span class='ocrx_word' id='word_1_385' title='bbox 871 2851 951 2889; x_wconf 90' lang='lat' dir='ltr'>coll.</span> <span class='ocrx_word' id='word_1_386' title='bbox 973 2852 1112 2890; x_wconf 87' lang='lat' dir='ltr'>Herod.</span> <span class='ocrx_word' id='word_1_387' title='bbox 1132 2854 1162 2900; x_wconf 92' lang='grc' dir='ltr'><em>Ι,</em></span> <span class='ocrx_word' id='word_1_388' title='bbox 1181 2852 1218 2893; x_wconf 82' lang='grc'>4.</span> <span class='ocrx_word' id='word_1_389' title='bbox 1249 2852 1345 2890; x_wconf 87' lang='lat' dir='ltr'>Add.</span> <span class='ocrx_word' id='word_1_390' title='bbox 1366 2849 1533 2898; x_wconf 79' lang='lat' dir='ltr'>Aeschyl.</span> 
     </span>
     <span class='ocr_line' id='line_1_75' title="bbox 871 2907 1086 2949; baseline 0 -4"><span class='ocrx_word' id='word_1_391' title='bbox 871 2907 973 2946; x_wconf 88' lang='lat' dir='ltr'>Pers.</span> <span class='ocrx_word' id='word_1_392' title='bbox 992 2909 1086 2949; x_wconf 88' lang='lat'>793.</span> 
     </span>
    </p>
   </div>
   <div class='ocr_carea' id='block_1_12' title="bbox 1003 874 1803 970">
    <p class='ocr_par' dir='ltr' id='par_1_15' title="bbox 1003 874 1803 970">
     <span class='ocr_line' id='line_1_76' title="bbox 1003 874 1803 942; baseline 0.026 -25"><span class='ocrx_word' id='word_1_393' title='bbox 1003 876 1184 932; x_wconf 83' lang='grc' dir='ltr'><em>Πέμπτῃ</em></span> <span class='ocrx_word' id='word_1_394' title='bbox 1225 875 1269 919; x_wconf 80' lang='grc' dir='ltr'>δὲ</span> <span class='ocrx_word' id='word_1_395' title='bbox 1310 874 1338 930; x_wconf 80' lang='grc' dir='ltr'><em>ἢ</em></span> <span class='ocrx_word' id='word_1_396' title='bbox 1368 874 1468 931; x_wconf 57' lang='grc' dir='ltr'>ἕπῃ</span> <span class='ocrx_word' id='word_1_397' title='bbox 1526 874 1680 942; x_wconf 54' lang='lat' dir='ltr'>{fuya-ait</span> <span class='ocrx_word' id='word_1_398' title='bbox 1727 883 1803 936; x_wconf 55' lang='lat' dir='ltr'><strong>‹102⁸ss</strong></span> 
     </span>
     <span class='ocr_line' id='line_1_77' title="bbox 1530 942 1774 970; baseline 0.024 -5"><span class='ocrx_word' id='word_1_399' title='bbox 1530 942 1592 969; x_wconf 82' lang='lat' dir='ltr'>dati</span> <span class='ocrx_word' id='word_1_400' title='bbox 1646 950 1683 969; x_wconf 85' lang='lat' dir='ltr'>an</span> <span class='ocrx_word' id='word_1_401' title='bbox 1687 942 1774 970; x_wconf 61' lang='lat' dir='ltr'>wal</span> 
     </span>
    </p>
   </div>
   <div class='ocr_carea' id='block_1_13' title="bbox 1597 874 1745 909">
    <p class='ocr_par' dir='ltr' id='par_1_16' title="bbox 1597 874 1745 909">
     <span class='ocr_line' id='line_1_78' title="bbox 1597 874 1745 909; baseline 0 -8"><span class='ocrx_word' id='word_1_402' title='bbox 1597 874 1640 901; x_wconf 75' lang='lat' dir='ltr'>alx</span> <span class='ocrx_word' id='word_1_403' title='bbox 1650 882 1666 901; x_wconf 92' lang='lat' dir='ltr'>o</span> <span class='ocrx_word' id='word_1_404' title='bbox 1700 874 1745 909; x_wconf 64' lang='lat' dir='ltr'>pis</span> 
     </span>
    </p>
   </div>
   <div class='ocr_carea' id='block_1_14' title="bbox 1528 963 1678 1005">
    <p class='ocr_par' dir='ltr' id='par_1_17' title="bbox 1528 963 1678 1005">
     <span class='ocr_line' id='line_1_79' title="bbox 1528 963 1678 1005; baseline -0.008 -0.897"><span class='ocrx_word' id='word_1_405' title='bbox 1528 963 1678 1005; x_wconf 79' lang='lat' dir='ltr'>inventus.</span> 
     </span>
    </p>
   </div>
  </div>
 </body>
</html>
