1904 3304
475 227 1160 268 MELPOMENE.1V.

156 350 176 383 3
188 346 276 386 τῶν
304 337 563 389 ἐκλιπόντες.

1366 230 1451 270 477

624 338 935 382 κινδυνεύουσι
967 338 1012 381 δὲ
1043 339 1087 382 οἷ
1116 336 1347 392 ἅνθρωποι
1378 332 1451 381 οὗ·

183 429 250 456 τοι
278 410 429 466 γόητες
461 407 592 452 εἶναι·
644 409 844 465 λέγονται
879 409 963 465 γάρ
1003 408 1090 452 ὑπό
1121 408 1339 452 Σκυθέων
1376 408 1451 452 καὶ

178 480 394 537 Ἑλλήνων
431 484 521 523 τῶν
561 480 608 523 ἐν
646 485 698 537 τῇ
738 484 947 536 Σκυθικῇ
994 480 1341 537 κατοικημένων,
1393 478 1506 530 ὦς45

182 553 295 603 ἔτεος
324 550 511 596 ἑκάστου
542 550 656 603 ἅπαξ

686 555 774 595 τῶν
805 555 997 604 Νευρῶν
1027 552 1204 602 ἕκαστος
1232 550 1364 601 λύκος
1392 552 1452 606 γί-

181 639 302 666 νεται
341 621 503 679 ἡμέρας
542 621 710 679 ὀλίγας,
760 622 833 666 καὶ
874 618 998 673 αὖτις
1045 621 1181 666 ὀπίσω
1228 623 1271 674 ἐς
1314 621 1451 665 τᾶυτοὶ

153 694 457 737 ιικατίσταται·
511 695 583 748 ἐμὲ
623 694 704 749 μέν
743 710 826 736 νυν
865 696 1002 736 ταῦτα
1041 693 1238 749 λέγοντες
1277 691 1331 735 οὐ
1361 693 1452 736 πεί-

180 768 335 806 θουσι·
389 766 568 821 λέγουσι
599 765 643 809 δὲ
683 763 813 808 οὐδὲν
842 759 1003 820 ἧσσον,
1051 764 1124 806 καὶ
1156 761 1375 818 ὀμνύουσι
1405 764 1451 807 δὲ

125 1062 199 1099 duo
218 1061 257 1108 ἐς
275 1056 323 1101 οὗ
334 1090 348 1110 ,
378 1061 497 1109 donec,
530 1061 634 1113 plura
653 1062 786 1100 Struve

125 1118 148 1155 1.
170 1118 193 1156 l.
215 1118 228 1155 1
252 1132 338 1169 pag.
357 1117 407 1159 41
432 1131 507 1168 seq.

182 1172 491 1226 κινδυνεύουσι]
522 1176 544 1212 i.
565 1189 597 1213 e.
620 1175 786 1213 videntur

127 1245 226 1277 esse3
289 1245 361 1281 qua
404 1232 669 1280 significatione
715 1233 788 1270 sre-

127 1301 244 1338 quens
273 1288 342 1325 hoc
368 1289 518 1326 verbum
545 1290 643 1339 apud
661 1288 787 1325 Plato-

127 1358 224 1382 nem.
258 1344 341 1381 vid.
359 1345 554 1382 Ruhnken.
576 1346 624 1382 ad
647 1344 790 1383 Timaei

127 1401 219 1439 Lex.
241 1400 384 1438 Platon.
405 1414 490 1451 pag.
516 1403 606 1442 159.
645 1401 792 1439 Neuro-

129 1470 207 1494 rum
236 1459 454 1508 praestigias
475 1458 557 1495 hinc
576 1458 696 1508 attigit
715 1458 791 1495 Eu-

128 1513 282 1550 stathius
303 1514 327 1552 l.
351 1514 371 1550 l.

184 1564 304 1616 λύκος
331 1569 503 1622 γίνεται]
537 1568 687 1607 Praeter
713 1568 792 1605 Eu-

128 1625 235 1662 stath.
257 1626 279 1663 l.
301 1625 323 1664 l.
352 1628 510 1677 pertinet
534 1625 604 1663 huc
623 1625 721 1663 Mela
744 1625 790 1673 II,

131 1684 149 1721 1
174 1695 202 1719 c.
221 1682 281 1719 fin.
311 1682 472 1729 „Neuris
491 1683 613 1720 statim
640 1682 789 1730 singulis

127 1743 272 1790 tempus
302 1744 380 1786 est,
419 1753 491 1789 quo
519 1740 548 1776 si
578 1739 712 1786 velint,
751 1740 787 1776 in

126 1794 231 1846 lupos
272 1796 474 1845 iterumque
516 1796 554 1833 in
594 1809 679 1843 εοε,
724 1796 788 1844 qui

127 1852 252 1899 fuere,
289 1854 531 1898 mute11tur;“
571 1852 709 1889 Plinius
738 1852 787 1888 H.

128 1907 178 1945 N.
209 1908 316 1955 vul,
345 1907 399 1950 34
428 1910 542 1956 (22):
583 1909 787 1956 „Homines

129 1964 166 2000 in
195 1964 299 2015 lupos
326 1967 415 2002 verti
445 1978 661 2015 rursumque
683 1965 789 2002 resti-

129 2020 181 2057 tui
201 2021 288 2068 sibi,
311 2021 442 2058 falsum
466 2035 547 2059 esse
563 2022 790 2059 confidenter

131 2077 337 2115 existimare
357 2078 553 2124 debemus,
583 2083 646 2114 aut
664 2079 791 2115 crede-

130 2146 170 2171 re
189 2134 320 2178 omnia,
351 2147 445 2183 quae
462 2135 625 2171 fabulosa
640 2138 695 2171 tot
711 2146 792 2171 sae-

130 2189 218 2227 culis
242 2192 493 2241 comperimus.
535 2191 647 2228 Unde
669 2195 791 2227 tamen

130 2247 200 2283 ista
219 2248 330 2296 vulgo
349 2247 458 2284 infixa
477 2248 521 2285 sit
540 2249 635 2285 fama
654 2248 691 2283 in
710 2252 794 2283 tan-

129 2307 218 2350 tum,
250 2309 288 2340 ut
309 2304 344 2340 in
367 2304 566 2341 maledictis
585 2302 792 2354 versipelles

132 2359 282 2406 habeat,
313 2360 569 2397 indicabitur.“
612 2360 792 2409 Equidem

131 2415 215 2452 talia
230 2416 276 2453 ad
293 2416 486 2466 religiones
502 2422 662 2455 veterum
679 2416 793 2454 relata

133 2472 292 2520 indeque
321 2473 500 2524 explicata
531 2474 660 2519 velim3
707 2485 794 2510 nam

136 2526 265 2577 lupus,
324 2535 366 2566 ut
412 2531 584 2568 Creuzer.
632 2529 794 2567 ostendit

134 2583 296 2631 Symbol.
317 2585 348 2621 ll
369 2599 405 2635 p.
428 2589 503 2626 131
528 2600 632 2637 seqq.
654 2587 702 2623 ad
723 2587 793 2622 So-

135 2639 176 2675 lis
203 2641 358 2678 refertur
387 2654 486 2679 sacra
509 2644 661 2693 eiusque
679 2642 793 2694 ipsius

136 2697 239 2744 quasi
267 2697 468 2745 symbolum
507 2704 562 2737 est
600 2705 711 2750 atque
743 2700 792 2736 si-

137 2765 268 2800 gnum;
305 2754 401 2791 unde
421 2753 566 2792 Latona
591 2757 656 2793 sub
686 2755 793 2806 lupae

137 2809 257 2858 specie
273 2809 318 2846 ab
331 2809 577 2860 Hyperboreis
586 2812 716 2850 Delum
730 2825 793 2850 ve-

136 2865 232 2903 nisse
254 2866 368 2903 sertur
386 2879 486 2904 sacra
504 2867 672 2906 afferens.
704 2869 789 2914 Quo

34 836 136 882 ⁴106
182 834 388 891 λέγοντες.
440 835 736 892 Ἀνδροφάγοι
777 835 823 878 δὲ
867 833 1114 890 ἀγριώτατα
1154 834 1332 878 πάντων
1369 833 1445 878 οἷν-

154 905 376 961 Ξθρώπων
397 907 542 964 ἔχουσι
570 907 708 964 ἤθεα·
750 905 850 950 οὔτε
881 907 1007 961 δίκην
1037 906 1307 961 νομίζοντες,

843 1060 960 1109 magis
989 1059 1085 1096 Galli
1116 1060 1215 1098 docti
1242 1060 1409 1112 displicet
1427 1062 1506 1112 opi-

843 1118 905 1154 nio
936 1117 994 1153 vix
1023 1119 1361 1156 commemoranda:
1401 1117 1505 1156 Neu-

843 1186 904 1210 ros
931 1172 1004 1210 scil.
1037 1174 1172 1210 vestitu
1196 1187 1216 1211 e
1238 1173 1406 1225 luporum
1427 1174 1507 1226 pel-

844 1230 937 1266 libus
961 1235 1089 1280 parato
1124 1243 1207 1267 usos
1227 1244 1294 1281 per
1315 1231 1506 1270 hibernum

846 1292 1003 1336 tempus,
1023 1299 1101 1323 eam
1119 1292 1261 1325 aestate
1279 1288 1505 1338 deposuisse.

849 1343 905 1380 Cf.
927 1342 1134 1380 Pelloutier.
1158 1344 1310 1380 Histoir.
1331 1345 1366 1382 d.
1386 1344 1507 1382 Celt.1

848 1412 933 1450 pag.
952 1399 1045 1440 305.
1076 1400 1280 1438 Heerenius
1302 1402 1336 1437 in
1355 1400 1508 1438 Polonia

849 1456 1010 1492 interiori
1036 1461 1149 1505 atque
1174 1456 1375 1494 Lithuania
1403 1458 1510 1495 sedes

849 1511 1057 1549 Neurorum
1076 1512 1256 1549 collocans
1277 1514 1336 1560 (ut
1354 1514 1510 1551 vidimus

848 1568 895 1604 ad
914 1567 975 1614 lV,
1002 1570 1072 1616 17)
1096 1569 1260 1617 quaerit,
1287 1574 1404 1606 utrum
1422 1570 1512 1608 haec

848 1625 1044 1662 Germanis
1072 1624 1169 1661 haud
1196 1626 1383 1675 incognita
1410 1627 1508 1663 sama

846 1681 893 1718 de
920 1680 1012 1731 lupis
1045 1680 1312 1728 (Wehrw‘olfen
1335 1682 1508 1732 dicimus)

846 1738 1044 1775 etiamnum
1059 1738 1157 1787 apud
1172 1737 1388 1776 Lithuaniae
1400 1753 1508 1790 repe-

843 1794 958 1830 riatur
990 1794 1139 1832 incolas.
1197 1795 1306 1834 Conf.
1334 1796 1505 1846 thting.

844 1849 936 1888 Anz.
961 1851 1067 1892 1815
1088 1864 1123 1902 p.
1146 1851 1265 1893 1246.

902 1906 941 1953 ἒς
980 1902 1102 1946 τᾶυτᾶ
1135 1906 1387 1959 κατίσταται]
1429 1907 1502 1946 Pro

845 1961 886 2010 ἐς
903 1957 1044 2010 τωύτό,
1071 1965 1171 2013 quod
1191 1966 1339 2002 retinuit
1358 1965 1505 2012 Matth.,

846 2021 934 2057 dedi
966 2033 1046 2057 cum
1082 2021 1286 2070 Schweigh.
1326 2025 1362 2058 et
1390 2021 1508 2058 Gaisf.

847 2074 887 2122 ἐς
918 2071 1063 2123 τοῖυτοὶ,
1094 2078 1193 2126 quod
1224 2078 1367 2126 Steger.
1393 2077 1508 2128 expli-

849 2136 907 2169 cat
938 2132 993 2179 εἰς
1024 2130 1097 2183 τήν
1123 2129 1252 2184 αύτήν
1271 2131 1434 2185 μορφήν
1453 2131 1508 2184 ἢν

850 2187 918 2227 καὶ
945 2186 1140 2241 πρότερον
1170 2186 1259 2241 εἶχε.
1304 2190 1378 2233 Qui
1412 2191 1509 2228 idem

850 2246 898 2283 ad
925 2246 1034 2283 verba
1061 2260 1163 2296 seqq.
1203 2245 1269 2285 καὶ
1310 2241 1510 2297 ὀμνύουσι

850 2299 901 2340 δὲ
932 2301 1110 2354 λέγοντες
1138 2304 1186 2340 ob
1216 2304 1286 2340 vim
1312 2303 1510 2354 particulae

849 2357 917 2397 καὶ
947 2359 1035 2396 citat
1058 2359 1228 2410 Xenoph.
1257 2359 1376 2397 Anab.
1400 2361 1438 2407 Ι,
1472 2363 1510 2407 1,

850 2419 887 2457 2.
920 2415 966 2462 5,
998 2418 1035 2456 9.
1067 2418 1113 2463 9,
1147 2419 1210 2456 11.
1240 2416 1441 2454 Hermann.
1460 2418 1509 2454 ad

850 2472 974 2521 Viger.
1006 2486 1043 2523 p.
1062 2472 1157 2514 847.
1197 2472 1259 2510 Tu
1286 2474 1369 2510 vide
1395 2474 1512 2523 potis-

850 2529 978 2565 simum
1032 2529 1190 2579 Kriiger.
1245 2530 1295 2566 ad
1343 2529 1511 2581 Xenoph.

850 2584 1009 2623 Anabas.
1060 2586 1096 2623 in
1147 2586 1227 2623 Iud.
1279 2599 1307 2624 s.
1359 2599 1393 2623 v.
1444 2586 1514 2625 καί

850 2654 936 2692 pag.
960 2640 1054 2683 497.

1062 2699 1173 2749 Cap.
1206 2697 1301 2736 CVI.

907 2751 1000 2794 οὔτε
1021 2755 1139 2805 δίκην
1161 2753 1407 2807 νομίζοντες]
1437 2755 1459 2794 i.
1481 2769 1513 2794 e.

848 2825 956 2861 neque
974 2814 1030 2849 ius
1049 2812 1193 2850 colentes
1211 2812 1335 2859 ullum,
1356 2825 1384 2849 s.
1399 2825 1508 2862 neque

848 2868 961 2906 ullum
991 2871 1047 2906 ius
1076 2882 1147 2906 esse
1175 2870 1438 2915 existimantes,
1467 2872 1507 2906 ut

1547 835 1752 878 Androphagi⁸

1505 878 1635 898 omnium
1648 874 1783 899 incultis-

1338 905 1437 950 Οὔτε
1452 904 1783 974 ⁵0:{¹5¹,³1{i.:'?..²³.¹.¹²g.¹:3;
