1904 3304
613 273 956 313 THALIA.
1017 274 1078 314 111.

1423 275 1477 314 41

181 386 315 432 4οὕτε
343 386 508 436 ἐκεῖνος
539 382 645 442 ἀνήρ
677 385 764 429 ἐστι
796 386 983 435 δίκαιος·
1032 385 1069 427 εἰ
1097 382 1182 439 γὰρ
1211 377 1267 438 ἦν
1297 383 1478 435 δίκαιος,
1492 392 1537 425 80

207 456 301 503 οὔτ’
334 456 390 501 ἂν
417 456 660 513 ἐπεθύμησε
682 457 823 512 χώρης
854 456 982 512 ἄλλης
1005 454 1034 511 ἢ
1060 458 1136 512 τῆς
1165 453 1358 507 ἑωυτοῦ,
1390 454 1480 498 οὔτ’

208 530 264 573 ἂν
304 529 346 581 ἐς
386 528 663 584 δουλοσύνην
705 526 973 581 ἀνθρώπους
1012 521 1088 583 ἦγε
1125 524 1206 570 ’ὑπ’
1246 521 1308 568 ὧν
1345 527 1480 583 μηδὲν

176 600 421 657 5ήδίκηται.
480 604 566 643 νῦν
596 600 641 643 δὲ
673 597 791 656 αὐτῷ
829 598 959 650 τόξον
996 597 1094 641 τόδε
1125 596 1338 649 διδόντες,
1378 595 1480 639 τάδε

206 671 309 715 ἔπεα
338 672 500 727 λέγετε·
547 670 762 722 Βασιλεύς
793 668 816 714 ὁ
836 670 1068 713 Αἰθιόπων
1100 666 1390 724 συμβουλεύει
1418 671 1480 724 τῷ
1493 674 1536 708 85

206 744 416 797 Περσέων
445 742 634 799 βασιλέϊ,
681 742 811 786 ἐπεάν
850 741 966 785 οὕτω
1006 740 1214 792 εὐπετέως
1245 740 1397 783 ἕλκωσι
1426 738 1480 783 τοὶ

204 813 308 866 τόξα
337 814 503 868 Πέρσαι
540 813 666 858 ἐόντα
705 813 889 870 μεγάθεϊ
916 816 1132 861 τοσαῦτα,
1170 811 1267 855 τότε
1297 811 1369 855 ἐπ’
1404 812 1482 854 Αἰ-

203 887 366 936 θίοπας
406 885 511 937 τούς
552 887 838 942 Μακροβίους
886 885 1047 941 πλήθεϊ
1095 881 1482 938 ὑπερβαλλόμενον

175 962 197 996 6
209 957 536 1012 στρατεύεσθαι.

599 956 725 1011 μέχρι
755 956 801 1000 δὲ
830 956 1010 1008 τούτου,
1044 960 1190 998 θεοῖσι
1219 953 1379 999 εἰδέναι
1410 950 1482 1009 χά-

205 1045 297 1082 ριν,
329 1031 371 1071 οἳ
399 1025 482 1071 οὐκ
512 1028 580 1070 ἐπὶ
609 1026 717 1071 νόον
746 1028 956 1081 τρέπουσι
981 1026 1215 1071 Αἰθιόπων
1243 1026 1367 1070 παισὶ
1400 1029 1538 1081 γῆν90

304 1217 432 1239 m*

77 1102 142 1146 22
202 1098 338 1155 ἄλλην
366 1103 675 1153 προσκτᾶσθαι
704 1103 756 1156 τῇ
787 1098 1005 1142 ἕωυτών.“
1070 1103 1219 1142 Ταῦτα
1258 1097 1304 1141 δὲ
1343 1098 1479 1147 εἴπας,

202 1169 277 1214 καὶ
309 1168 425 1221 ἀνεὶς
460 1170 509 1213 τὸ
548 1170 707 1223 τόξον,
757 1170 984 1224 παρέδωκε
1023 1176 1136 1214 τοῖσι
1176 1170 1346 1226 ἥκουσι.

1406 1172 1479 1210 λα-

202 1240 294 1296 βών
333 1240 379 1284 δὲ
409 1239 457 1284 τὸ
489 1238 587 1298 εἷμα
623 1241 672 1286 τὸ
712 1243 991 1298 πορφύρεον,
1044 1241 1202 1297 εἰρώτα
1240 1240 1265 1285 ὅ
1311 1257 1352 1283 τι
1403 1241 1481 1296 εἰή,

174 1313 281 1356 exal
312 1311 424 1362 ὅκως
453 1314 759 1369 πεποιημένον.
809 1313 1024 1357 εἰπάντων
1056 1314 1102 1357 δὲ
1134 1317 1222 1357 τῶν
1249 1310 1483 1368 Ἰχθυοφά-

203 1400 294 1439 γων
322 1382 403 1439 τὴν
441 1382 658 1440 οἷληθηῖἠν
688 1385 787 1438 περὶ
817 1389 890 1440 τῆς
922 1383 1159 1441 πορφύρης
1189 1385 1262 1427 καὶ
1292 1388 1367 1439 τῆς
1396 1387 1482 1439 βα-

205 1458 309 1511 φῆς,
341 1454 551 1508 δολερούς
581 1456 661 1511 μὲν
689 1456 795 1508 τους
825 1455 1092 1512 ἀνθρώπους
1121 1456 1204 1512 ἔφη
1235 1453 1366 1507 εἶναι,
1411 1456 1481 1498 ‹30-
1494 1460 1539 1493 95

185 1581 261 1618 νῦν
275 1576 315 1617 δὲ
332 1574 441 1631 αὐτῷ
453 1574 565 1623 τόξον
579 1571 670 1614 τόδε
684 1570 813 1614 διδόν-

146 1636 221 1686 τες]
234 1635 415 1685 Loquitur
427 1633 812 1680 Bruce‚celeberrimus

144 1693 412 1744 peregrinator,
425 1692 471 1729 de
487 1690 647 1739 quodam
666 1702 811 1726 arcuum

146 1762 283 1799 genere
314 1749 413 1799 apud
443 1752 592 1797 gentem
621 1745 812 1796 Aethiopi-

147 1818 247 1853 cam,
280 1806 337 1842 cui
358 1818 454 1841 nunc
474 1816 607 1840 nomen
629 1803 811 1851 Shangal-

144 1861 203 1909 la,
233 1863 280 1899 ad
298 1862 523 1899 tendendum
544 1872 720 1910 perquam
741 1859 811 1896 dif-

146 1918 251 1964 ficili·‚
281 1920 443 1967 indeque
463 1917 645 1954 Herodoti
666 1915 810 1952 Macro-

147 1975 228 2012 bios
256 1987 319 2011 eos
351 1976 450 2024 ipsos
480 1987 560 2011 esse
582 1972 680 2018 vult,
719 1985 811 2021 quo-

148 2044 227 2067 rum
254 2043 317 2067 rex
335 2031 510 2078 Cambysi
531 2029 643 2067 talem
673 2029 812 2065 miserit

148 2100 282 2125 arcum.
333 2086 381 2123 At
406 2092 503 2124 recte
533 2087 637 2122 nobis
665 2098 812 2122 monere

146 2144 291 2180 videtur
317 2142 478 2180 Heeren.
510 2142 531 2178 l.
560 2142 580 2178 l.
613 2146 705 2191 pagi
729 2144 810 2181 336

147 2200 245 2237 idern
277 2212 393 2247 aeque
424 2201 471 2236 ad
500 2200 633 2235 vicinas
663 2211 811 2247 quoque

148 2261 276 2306 gentes
298 2257 481 2305 pertinere
500 2256 674 2305 potuisse.
733 2254 811 2291 Do-

147 2319 242 2350 ctum
281 2312 441 2361 Anglum
486 2312 616 2349 refellit
664 2324 811 2360 quoque

147 2369 364 2414 Larcherus,
389 2370 510 2405 denuo
533 2368 696 2416 sequitur
715 2367 811 2403 Mal-

147 2426 290 2463 tebrun.
314 2425 394 2461 loeo
415 2438 524 2475 supra
546 2425 640 2461 laud.
668 2438 703 2474 p.
719 2426 812 2463 350.

147 2481 231 2518 Hoc
278 2495 363 2518 vero
409 2482 631 2527 tenendum,
689 2493 812 2517 arcum

149 2539 248 2588 apud
270 2538 401 2575 Persas
431 2538 556 2575 haberi
589 2539 714 2586 regiae
743 2550 811 2587 po-

148 2595 290 2631 testatis
312 2600 420 2643 atque
443 2595 581 2644 imperii
606 2596 748 2642 signum
771 2606 813 2629 ac:

149 2654 338 2697 tesseram,
368 2652 466 2687 cuius
489 2652 582 2687 ratio
606 2664 626 2687 a
644 2650 729 2687 Sole
743 2651 813 2684 So-

150 2705 265 2754 lisque
278 2707 389 2743 radiis
405 2708 473 2744 erit
486 2708 699 2757 repetenda.
723 2707 813 2742 Post

151 2762 323 2799 Creuzer.
357 2764 391 2799 in
414 2764 576 2813 Symbol.
608 2764 621 2800 Ι
661 2777 698 2813 p.
731 2762 811 2802 674

151 2820 288 2854 monuit
316 2819 522 2857 Grotesend
549 2822 586 2857 in
610 2821 812 2868 Boettiger.

151 2874 311 2911 Amalth.
343 2875 376 2911 Il
403 2889 437 2925 p.
458 2878 522 2915 81.
550 2898 604 2904 -—
634 2876 693 2913 Ad
715 2876 815 2913 locu-

150 2932 287 2969 tionem
316 2933 392 2970 νῦν
416 2929 457 2971 δὲ
479 2934 573 2969 conf.
597 2932 659 2981 111,
680 2932 746 2973 25.

929 1576 968 1614 οἳ
991 1570 1063 1614 οὐκ
1084 1573 1149 1613 ἐπὶ
1175 1569 1271 1613 νόον
1293 1571 1479 1625 τρέπουσι
1501 1587 1536 1610 κ.

869 1647 899 1670 τ«
920 1630 970 1682 λ.]
1009 1631 1127 1669 Affert
1159 1632 1250 1668 haec
1281 1631 1438 1679 Gregor.
1463 1630 1538 1665 Co-

868 1689 976 1728 rinth.
1003 1702 1038 1738 p.
1069 1687 1151 1727 480
1181 1688 1326 1725 Schaef.
1359 1687 1426 1734 (de
1451 1685 1535 1722 dial.

869 1746 945 1782 lon.
970 1742 1006 1795 §
1020 1746 1094 1793 71)
1117 1745 1163 1781 ob
1181 1745 1334 1781 formam
1354 1739 1452 1782 νόον
1468 1755 1537 1792 pro

867 1803 981 1841 νοῦν.
1035 1801 1093 1838 Ad
1124 1801 1264 1851 reliqua
1291 1801 1386 1838 conf.
1422 1801 1452 1847 Ι,
1479 1801 1536 1839 27

866 1860 953 1908 ibiq.
976 1862 1067 1895 nott.

1066 1915 1180 1965 Cap.
1219 1914 1336 1951 ΧΧΙΙ.

927 1967 1139 2021 εἰπάντων]
1181 1971 1281 2009 Male
1309 1972 1346 2007 in
1372 1970 1465 2007 binis
1495 1970 1536 2007 li-

868 2029 942 2066 bris
966 2025 1171 2067 εἰπόντων.
1212 2029 1332 2078 Supra
1359 2027 1470 2073 εἴπας
1498 2032 1536 2064 et

867 2086 962 2121 infra
993 2081 1119 2124 εἶπαν.
1161 2085 1222 2122 Tu
1255 2085 1328 2121 vid.
1360 2088 1453 2121 nott.
1486 2084 1534 2120 ad

868 2142 895 2188 1,
923 2143 989 2181 49.

928 2192 1069 2248 εἰρώτα
1091 2193 1124 2243 ὅ,
1156 2213 1202 2236 τι
1224 2197 1297 2247 εἴη,
1317 2195 1380 2234 καὶ
1409 2192 1460 2234 ῧκ
1475 2211 1536 2241 ως

868 2253 1153 2304 πεποιημένον]
1200 2254 1433 2299 Herodotus,
1474 2253 1535 2301 qui

869 2311 955 2347 alias
985 2313 1020 2347 in
1052 2311 1215 2362 pluribus
1247 2311 1418 2347 membris
1448 2323 1535 2360 pro--

870 2368 1005 2405 misene
1027 2373 1061 2404 et
1080 2368 1350 2416 interrogativis
1378 2372 1413 2404 et
1441 2366 1535 2403 rela-

870 2425 951 2460 tivis
990 2425 1102 2461 utitur
1131 2425 1280 2461 vocibus
1314 2424 1387 2471 (cf.
1418 2423 1446 2469 Ι,
1481 2423 1534 2462 35

870 2482 955 2529 ibiq.
976 2487 1039 2517 not
1056 2483 1095 2529 ),
1124 2482 1181 2518 hic
1203 2481 1279 2517 sola
1297 2480 1422 2530 posuit
1441 2479 1535 2517 rela-

870 2538 970 2583 tiva,
1001 2543 1042 2574 ut
1063 2538 1109 2584 ΙΙ,
1136 2540 1225 2577 106.
1256 2537 1319 2583 ΙΙΙ,
1343 2541 1434 2577 111.
1472 2536 1534 2581 lv,

870 2594 935 2633 45.
975 2595 1195 2631 Observavit
1223 2595 1356 2631 Struve
1385 2594 1492 2643 Spec.
1522 2592 1535 2628 Ι

872 2651 1027 2692 Quaest.
1067 2652 1114 2688 de
1150 2650 1235 2687 dial.
1274 2650 1416 2687 Herod.
1450 2661 1535 2700 pag.

873 2706 926 2746 49
957 2713 1036 2743 not.

929 2760 1116 2814 δολεροῦς
1148 2760 1220 2813 μὲν
1250 2759 1343 2809 τούς
1373 2756 1532 2811 ιῖνθρώ-

870 2835 973 2866 πους
1003 2835 1037 2857 κ.
1069 2836 1100 2857 τ.
1136 2819 1185 2870 λ.]
1260 2819 1402 2868 Tangit
1444 2818 1533 2854 haec

870 2876 1052 2914 Plutarch.
1080 2876 1112 2913 ll
1147 2890 1183 2926 p.
1209 2878 1289 2916 863
1312 2875 1358 2912 D.
1390 2889 1425 2925 p.
1450 2872 1531 2913 646

872 2933 929 2978 B„
956 2946 1112 2982 quocum
1128 2934 1223 2970 conf.
1241 2932 1421 2970 Clement.
1445 2928 1531 2967 Ale-

1539 1104 1584 1130 De
1611 1102 1737 1137 singulis
1764 1102 1813 1130 ‹10-

1539 1140 1585 1166 nis
1604 1138 1675 1172 quid
1694 1145 1745 1165 rex
1770 1139 1817 1165 iu-

1538 1174 1658 1203 dicarit.
