1904 3304
469 246 552 286 (502
865 243 1328 282 HERODOTI

469 371 585 409 νομα
613 352 780 408 Αὕγιλά
811 353 908 395 ἔστι.
964 352 1007 404 ἐς
1035 356 1196 395 τοῦτον
1227 351 1305 395 τόν
1333 354 1476 407 χῶρον
1508 353 1552 396 οἷ
1580 355 1727 394 Νασα-

309 434 408 478 183
467 429 605 481 μῶνες
641 423 929 476 ὀπωριεῦντες
958 423 1063 473 τούς
1093 425 1300 478 φοίνικας
1330 423 1569 477 φοιτέουσι.
1623 421 1727 466 Ἀπὸ

136 497 416 568 ῗοῖτῖῐῗιῖῗῇῧῗιᾷἷῖὲ
471 497 516 540 δὲ
548 493 769 550 Αὐγίλων,
811 494 883 538 διοὶ
918 494 1020 537 δέκα
1049 493 1242 550 ἡμερέων
1275 491 1439 537 ἀλλέων
1467 492 1598 547 ὁδοῦ,
1638 494 1724 538 ἕτε-
1740 498 1785 534 75

468 628 638 682 Αὔγιλα]
682 630 738 666 Ita
754 629 918 679 plerique
935 629 1016 667 libri
1035 633 1072 667 et

411 687 575 727 hocloco
599 691 636 724 et
654 686 717 734 IV,
740 688 828 726 172.
873 685 1072 737 ΑΙίἰΑἴγι-

412 748 472 785 λα.
519 743 629 795 Apud
650 743 804 780 Plinium
826 741 870 789 V,
893 740 930 780 4.
951 744 975 783 8
997 744 1071 779 Au-

415 802 536 852 gylae.
573 800 634 838 Tu
652 799 745 836 conf.
764 798 918 835 Salmas.
938 800 985 836 ad
1004 800 1074 835 So-

415 860 477 897 lin-
506 869 589 907 pag.
616 858 700 897 292
728 860 765 892 et
791 855 997 892 Tzsclmck.
1025 856 1073 892 ad

417 915 597 964 Pompou.
626 913 712 949 Mel.
734 912 759 958 Ι,
784 913 808 952 8
831 910 867 961 ξ.
888 914 911 950 8
932 926 968 962 p.
990 914 1071 952 233

418 970 500 1008 Vol.
520 971 566 1006 llI
588 970 629 1007 P.
646 970 762 1006 Inott.
778 981 907 1016 exegg.
928 968 1073 1005 Etenim

420 1028 470 1064 sic
492 1027 620 1063 dicitur
639 1026 756 1062 adhuc
776 1025 871 1061 oasis
890 1026 925 1061 in
945 1025 1073 1062 mediis

417 1084 574 1120 desertis
594 1083 730 1133 optime
749 1081 856 1127 culta,
886 1082 946 1117 ubi
968 1094 1074 1130 pere-

415 1140 604 1189 grinantes
642 1151 707 1188 per
738 1138 884 1174 deserta
913 1138 1072 1185 quietem

416 1195 752 1242 recreationemque
780 1206 922 1230 sumere
942 1193 1074 1239 solent,

414 1251 483 1288 loci
518 1255 648 1287 natura
685 1248 883 1297 indoleque
927 1250 1074 1285 minime

414 1320 510 1345 nunc
544 1311 691 1344 mutata.
751 1304 880 1341 Adhuc
907 1310 1074 1354 quatuor,

417 1368 502 1409 aut,
531 1368 571 1399 ut
589 1361 757 1399 Minutoli
776 1361 874 1408 vult,
905 1363 977 1398 duo
995 1367 1074 1398 tan-

415 1425 493 1457 tum
522 1419 558 1455 in
580 1420 648 1456 hae
670 1419 747 1455 oasi
761 1447 771 1462 ,
812 1430 906 1466 quae
923 1419 970 1454 ad
990 1417 1074 1454 Tri-

414 1476 618 1528 politanam
673 1475 829 1512 refertur
885 1475 1074 1521 ditionem,

414 1533 686 1582 conspiciuntur
714 1531 803 1578 vici,
843 1543 996 1580 quorum
1018 1532 1075 1567 in-

415 1589 515 1626 colae
534 1588 673 1626 Arabes
701 1588 832 1638 partim
855 1601 874 1625 e
898 1600 1074 1624 commer-

415 1646 469 1683 cio
487 1646 616 1696 partim
635 1658 655 1682 e
665 1644 766 1693 largo
778 1643 976 1694 palmarum
988 1657 1074 1692 pro-

414 1708 526 1739 ventu
555 1702 730 1738 victitant.
769 1700 878 1737 Plura
896 1699 1075 1736 schlicht-

414 1758 525 1795 horst.
553 1757 576 1794 l.
602 1757 624 1793 l.
645 1770 731 1807 pag.
759 1755 848 1797 155.
890 1756 1073 1793 Mannert.

414 1815 472 1860 X,
502 1816 527 1853 2
555 1826 638 1863 pag.
669 1815 760 1853 181.
820 1812 988 1849 Minutoli
1010 1812 1031 1848 l.
1050 1811 1073 1849 l.

412 1883 499 1921 pag.
532 1872 610 1909 172
643 1882 718 1918 seq.
759 1869 917 1906 Heeren.
949 1868 1002 1905 Id.
1028 1868 1075 1915 II,

418 1930 437 1965 1
474 1939 561 1977 pag.
592 1928 673 1965 221
698 1938 773 1973 seq.
808 1926 940 1961 Ritter.
961 1925 1074 1961 Erdk.

416 1982 433 2019 Ι
459 1995 545 2032 pag.
576 1984 671 2023 986.
701 1982 830 2018 Ideler.
848 1981 1010 2029 Fundgr.
1038 1981 1076 2018 d.

417 2039 482 2076 Or.
512 2039 561 2075 IV
590 2050 675 2088 pag·
698 2038 791 2078 398.
832 2037 928 2074 Add.
951 2050 1077 2073 recen-

417 2096 595 2132 tissimum
624 2094 933 2144 peregrinatorem
954 2093 1076 2130 Pacho

416 2152 473 2188 in:
511 2152 663 2199 Voyage
695 2152 787 2186 daus
819 2150 853 2186 la
884 2150 1076 2186 Marmari-

415 2221 488 2257 que
516 2212 582 2245 etc.
611 2220 646 2256 p.
675 2209 757 2248 272
786 2219 888 2255 seqq.
919 2208 1012 2246 277.
1037 2220 1075 2256 p.

416 2266 513 2311 280,
544 2264 604 2300 ubi
627 2264 809 2299 Herodoti
830 2263 1075 2299 testimonium

418 2333 498 2357 cum
529 2321 592 2365 iis,
625 2332 719 2368 quae
748 2319 867 2356 adhuc
894 2320 942 2355 ibi
969 2332 1076 2369 repe-

417 2376 582 2421 riuntur,
616 2380 781 2412 accurate
809 2376 1001 2413 convenire
1022 2376 1077 2411 af-

416 2432 548 2469 firmat.
613 2430 783 2479 Namque
825 2432 941 2468 adhuc
976 2431 1075 2468 locus

415 2488 544 2539 palmis
565 2488 785 2532 abundans,
814 2500 946 2536 aquam
971 2489 1076 2524 unico

415 2558 436 2582 e
474 2545 595 2591 fonte,
639 2544 697 2580 cui
742 2555 874 2581 nomen
912 2544 1076 2590 Sibilleh,

417 2602 692 2652 provenientem
727 2601 882 2649 praebet
917 2601 1077 2637 unicum-

417 2670 489 2705 que
521 2657 647 2694 collem
672 2656 708 2692 in
728 2660 800 2691 tam
822 2656 941 2705 ampla
962 2657 1079 2706 plani-

417 2714 491 2759 tie,
531 2713 738 2749 salinarium
774 2711 883 2762 plane
919 2717 960 2749 ut
987 2713 1077 2749 Am-

421 2770 563 2806 monios
582 2769 702 2806 colles.

481 2824 519 2871 ἐς
538 2828 680 2864 τοῦτον
699 2820 769 2863 τόν
788 2824 918 2873 χαῖρον
939 2822 981 2861 οἵ
998 2826 1078 2862 Να-

424 2884 602 2933 σαμῶνες
622 2877 886 2932 ὀπωριεῦντες
908 2894 940 2917 κ.
963 2895 993 2917 τ.
1016 2881 1074 2930 λ.]

1128 629 1269 667 Eadem
1299 629 1372 677 lV,
1404 632 1496 670 172.
1539 631 1788 674 Quemadmo-

1129 686 1215 722 dum
1247 686 1341 723 enim
1374 686 1624 733 Nasamones,
1668 687 1786 735 Syrtis

1129 742 1274 780 accolae
1320 743 1409 780 haec
1449 743 1485 778 in
1518 742 1597 779 loca
1635 744 1787 780 cessisse

1129 803 1322 836 narrentur
1367 798 1543 848 palmulas
1594 799 1786 846 collecturi,

1129 857 1180 892 ita
1222 857 1421 893 etiamnum
1460 856 1587 892 iisdem
1625 868 1646 893 e
1688 854 1788 903 locis,

1131 912 1262 962 quibus
1283 913 1442 960 Bengasi
1465 925 1618 957 nomen,
1649 911 1786 948 Arabes

1131 969 1319 1005 discedere
1350 967 1501 1017 Augila,
1533 968 1593 1005 ubi
1625 969 1787 1004 frumen—

1131 1029 1208 1061 tum
1247 1031 1432 1074 exponant
1466 1024 1666 1073 incolisque
1700 1036 1788 1061 ven-

1131 1082 1248 1126 dant,
1289 1081 1458 1118 observat
1485 1081 1643 1117 Heeren.
1676 1080 1728 1125 ll,
1761 1082 1788 1119 2

1129 1151 1166 1187 p.
1200 1139 1292 1176 222.
1344 1137 1428 1179 Quo
1461 1137 1589 1174 eodem
1614 1140 1789 1174 mouente

1130 1193 1248 1230 adhuc
1299 1193 1416 1228 forum
1464 1193 1534 1229 illic
1584 1204 1789 1240 magnaque

1131 1248 1372 1299 palmularum
1411 1252 1448 1286 et
1479 1249 1585 1298 copia
1618 1253 1654 1285 et
1681 1260 1791 1298 prae-

1130 1306 1284 1350 stantia,
1313 1305 1411 1342 unde
1432 1304 1590 1355 amplum
1613 1317 1790 1341 commer-

1131 1363 1247 1409 cium,
1276 1374 1355 1398 cum
1386 1361 1521 1411 duplex
1545 1373 1667 1399 earum
1698 1373 1789 1409 quo-

1131 1431 1202 1467 que
1232 1430 1328 1454 anno
1356 1422 1564 1468 proventus.
1622 1417 1678 1453 Ex
1699 1417 1790 1453 alio-

1130 1488 1208 1512 rum
1240 1475 1360 1511 diariis
1392 1476 1506 1512 refert
1527 1473 1680 1511 Rennel.
1709 1473 1731 1510 l.
1764 1472 1789 1510 l.

1130 1545 1215 1582 pag.
1236 1531 1316 1570 656
1329 1560 1339 1578 ‚
1375 1531 1515 1581 palmas
1534 1529 1695 1580 planitiei
1713 1530 1789 1567 Ge-

1130 1588 1265 1636 gabib,
1296 1599 1391 1635 quae
1419 1588 1463 1623 ab
1486 1587 1627 1635 Augilis
1653 1586 1701 1623 ad
1728 1598 1788 1622 oc-

1131 1656 1252 1681 casum
1274 1644 1365 1680 iacet
1386 1644 1546 1692 quinque
1568 1643 1707 1679 dierum
1728 1642 1789 1678 iti-

1129 1712 1217 1736 nere
1238 1704 1398 1746 remota,
1422 1712 1443 1736 a
1464 1704 1595 1748 gente,
1626 1711 1721 1748 quae
1740 1698 1789 1735 ad

1130 1769 1231 1793 oram
1269 1755 1393 1793 Derna
1439 1756 1602 1800 habitat,
1655 1753 1789 1802 colligi,

1130 1825 1231 1850 more
1253 1813 1338 1848 satis
1358 1825 1438 1849 cum
1458 1812 1682 1848 Herodoteis
1703 1823 1789 1847 con-

1131 1873 1298 1918 gruente.

1273 1924 1381 1974 Cap.
1413 1922 1648 1962 CLXXXIII.

1189 1977 1254 2019 ὅιοῖ
1295 1979 1389 2019 δέκα
1425 1978 1630 2030 ἡμερέων]
1671 1978 1789 2017 Plinio

1131 2041 1227 2074 teste
1243 2037 1290 2073 H.
1310 2037 1358 2074 N.
1379 2037 1442 2083 lv,
1460 2038 1485 2077 4
1507 2036 1685 2072 duodecim
1706 2039 1791 2073 sunt

1133 2094 1234 2139 dies3
1268 2095 1366 2142 quod
1400 2093 1518 2131 verius
1545 2093 1656 2129 habet
1681 2092 1791 2129 Man-

1133 2156 1226 2187 nert.
1252 2151 1307 2196 X,
1341 2153 1367 2190 2
1399 2163 1435 2200 p.
1465 2151 1556 2190 181.
1606 2148 1789 2197 Equidem

1133 2212 1327 2255 utrumque
1346 2219 1533 2243 numerum
1555 2204 1792 2255 probabiliter

1132 2268 1271 2299 tautum
1293 2264 1397 2310 sumi,
1417 2275 1496 2300 cuin
1513 2261 1691 2299 Rennelio
1714 2274 1792 2298 ma-

1132 2319 1192 2356 lim
1216 2324 1374 2357 statuere
1409 2333 1443 2369 p.
1473 2321 1566 2359 657.
1606 2318 1654 2354 At
1677 2317 1791 2353 maior

1133 2377 1294 2413 exoritur
1325 2375 1541 2421 difficultas,
1587 2386 1665 2410 cum
1691 2373 1790 2420 quod

1133 2433 1228 2469 inter
1263 2432 1396 2481 Augila
1450 2435 1485 2467 et
1526 2430 1790 2466 Garamantum

1133 2494 1267 2525 terram
1297 2490 1338 2535 (i.
1372 2501 1401 2525 e.
1433 2483 1599 2534 Fezzan)
1639 2486 1791 2522 interest

1133 2546 1315 2595 spatium,
1383 2544 1529 2580 nimium
1591 2553 1791 2590 saizequam

1134 2601 1386 2652 perhibeatur,
1417 2611 1525 2647 quam
1544 2597 1644 2646 quod
1663 2598 1792 2634 decem

1135 2658 1271 2694 dierum
1323 2656 1442 2706 spatio
1492 2654 1618 2691 confici
1665 2657 1791 2702 queat,

1135 2726 1213 2749 cum
1271 2712 1327 2749 vel
1380 2712 1661 2748 Horuemannus
1717 2708 1791 2755 ille,

1135 2781 1241 2817 quem
1268 2768 1575 2817 expeditissimum
1601 2765 1710 2803 modo
1735 2765 1791 2801 di—

1134 2826 1248 2862 ximus
1269 2826 1579 2874 peregrinatorem
1592 2852 1602 2869 ,
1632 2822 1790 2858 sedecim

1135 2882 1212 2918 dies
1240 2882 1350 2918 citato
1378 2894 1484 2918 cursu
1503 2879 1709 2917 insumserit
1732 2889 1790 2914 us-
