1904 3304
546 212 1230 256 MELPOMENE.1V.
1443 221 1523 260 467

259 322 471 377 φέροντα,
517 319 598 376 τήν
628 337 672 365 τε
711 322 821 376 πρὸς
858 325 1154 380 μεσαμβρίην,
1194 325 1269 368 καὶ
1303 324 1384 382 τήν
1412 329 1526 382 πρὸς

257 391 335 447 τὴν
363 389 450 448 η’ὦ,
489 391 681 447 κατάπερ
724 396 799 449 τῆς
834 391 1024 451 Ἀττικῆς
1062 394 1225 452 χώρης·

1276 397 1350 440 καὶ
1381 413 1526 454 παρα-
1536 407 1580 440 75

254 460 415 517 πλήσια
451 462 589 521 ταύτῃ
627 465 700 508 καὶ
735 465 777 508 οἱ
813 468 981 520 Ταῦροι
1015 465 1223 521 νέμονται
1250 470 1326 523 τῆς
1355 473 1523 513 Σκυθι-

254 536 357 589 κῆς,
400 533 461 584 ὦς
490 536 528 578 εἰ
555 540 631 593 τῆς
660 536 850 592 Ἀττικῆς
890 535 995 579 ἄλλο
1026 537 1159 589 ἔθνος
1198 539 1273 582 καὶ
1309 538 1367 595 μὴ
1401 537 1524 596 Ἀθη-

251 607 371 646 ναῖοι
400 607 604 660 νεμοίατο
634 607 713 651 τὸν
741 606 909 663 γουνὸν
937 607 1016 651 τόν
1041 609 1322 659 Σουνιακόν,
1353 615 1520 666 μᾶλλον
1578 616 1659 654 327

251 673 294 726 ἐς
322 673 401 718 τὸν
428 675 596 722 πόντον
623 679 704 736 τήν
734 679 873 735 ἄκρην
903 677 1135 735 ἀνέχοντα,
1166 679 1244 724 τὸν
1273 678 1360 726 ἀπὸ
1395 684 1525 738 Θορι-

195 819 244 857 cis
272 820 504 870 potissimum
538 831 640 856 suam
670 819 857 856 historiam

194 877 438 927 conscriptam
469 889 550 914 esse
579 875 708 921 v3ellet
749 888 856 924 quem

194 933 307 970 etiam
337 933 383 970 ob
404 933 578 996 lap>giae
610 936 731 969 terrae
754 944 857 968 men-

193 989 330 1026 tionem
357 989 475 1027 haec
466 1001 544 1038 ipsa
563 988 599 1024 in
619 988 722 1025 ltalia
742 988 854 1025 literis

192 1045 400 1092 mandasse,
432 1045 531 1082 haud
553 1058 700 1094 prorsus
719 1046 855 1094 impro-

191 1101 322 1138 babilis
349 1106 404 1139 est
425 1101 594 1151 suspicio.
655 1102 715 1141 Cf.
739 1101 854 1138 Dahi-

191 1170 313 1195 mann.
336 1158 516 1196 Herodot.
538 1171 621 1208 pag.
640 1158 706 1199 50.
761 1158 853 1201 Qui-

191 1214 260 1250 bus
318 1213 384 1252 Cr.
441 1215 530 1251 haec
584 1215 850 1264 adseripserat:

190 1271 329 1317 „Haec
358 1272 520 1320 Magnae
546 1271 723 1308 Graeciae
751 1272 852 1308 ineo-

189 1326 302 1363 larum
323 1328 359 1364 in
380 1328 534 1376 gratiam
548 1327 693 1364 Thuriis
714 1328 759 1364 ab
770 1328 851 1365 He-

189 1384 323 1419 rodoto
358 1385 483 1420 addita
525 1388 652 1421 censet
684 1384 849 1421 Mitsord.

188 1439 225 1475 in
247 1439 347 1478 Hist.
370 1441 501 1479 Graec.
534 1440 613 1477 Vol.
647 1441 679 1477 ΙΙ
708 1454 743 1490 p.
765 1440 847 1481 356

189 1507 267 1543 seq.
280 1509 374 1532 vers.
387 1510 528 1534 vernae.
543 1496 849 1534 Eichstaedt.“-—

244 1550 311 1589 καὶ
341 1549 396 1602 μή
427 1548 634 1601 Ἀθηναῖοι
663 1553 847 1603 νεμοίατο

186 1604 253 1645 τὸν
297 1606 442 1659 γουνὸν
484 1606 550 1648 τὸν
592 1607 845 1659 Σουνιακόν]

187 1664 299 1702 Hisce
345 1666 464 1702 verbis
507 1668 630 1703 statim
675 1668 848 1716 postponi

185 1720 261 1757 vult
289 1721 553 1768 Valckenaer„
602 1735 698 1773 quae
737 1723 847 1773 paulo

186 1777 335 1815 inferius
375 1778 484 1828 vulgo
523 1778 717 1828 leguntur:
775 1777 847 1819 ‘cdv

186 1828 268 1872 τῖπο
301 1836 479 1885 Θορικοῦ
511 1834 621 1888 μέχρι
651 1831 847 1885 Ἀναφλύ-

187 1902 279 1928 στου
300 1886 444 1940 δήμου.
499 1893 576 1930 Sed
598 1906 640 1930 ea
661 1893 742 1943 ipsa
760 1907 847 1943 pro-

185 1947 279 1983 xime
301 1949 620 1987 antecedentibus,
664 1946 734 1988 τὸν
755 1965 846 2000 γ-ου

185 2017 259 2041 νον
277 2024 332 2032 —
355 2000 546 2054 α’νὲχοντα
577 2007 625 2042 ad
660 2006 845 2043 meliorem

185 2060 388 2098 sententiae
424 2061 699 2110 intelligentiam
738 2063 845 2100 adiici

183 2120 333 2165 putem,
385 2118 532 2155 minime
539 2092 641 2156 Dloco
671 2132 736 2155 suo
767 2133 846 2155 mo-

183 2174 317 2209 venda.
363 2174 444 2211 Vox
474 2171 620 2225 γουνὸς
651 2188 695 2212 eo
722 2188 842 2221 sensu,

183 2240 257 2277 quo
299 2231 399 2280 apud
427 2231 626 2269 Homerum
662 2231 845 2268 invenitur

183 2285 231 2322 de
260 2285 332 2322 solo
354 2286 495 2336 fertili,
525 2287 724 2337 soeculum,
763 2302 842 2325 cum

181 2341 238 2378 hic
258 2342 423 2381 adhiberi
446 2349 630 2393 nequeat,
671 2346 842 2394 quoniam

180 2397 298 2435 Attica
324 2403 421 2437 terra
443 2402 591 2438 omnino
611 2402 742 2439 sterilis
762 2402 842 2448 suit,

182 2455 313 2502 anguli
333 2458 518 2494 notionem
532 2459 698 2508 accipere
713 2458 842 2495 volunt

183 2509 351 2549 Valcken.
378 2518 413 2550 et
443 2514 654 2552 Schneider.
688 2515 724 2551 in
748 2514 840 2552 Lex.

185 2565 249 2602 Gr.
272 2567 318 2604 ob
337 2569 580 2618 Hesychium‚
622 2572 684 2621 qui
711 2572 724 2608 Ι
752 2585 839 2621 pag.

184 2623 264 2662 870
284 2626 429 2673 γαῖνος·
446 2623 603 2678 γουνός.
635 2628 839 2676 Schweiwh.

183 2678 443 2729 interpretatur
461 2686 701 2732 effluentiam,
729 2685 840 2722 locum

183 2734 336 2783 aldum,
378 2742 416 2774 ut
444 2742 541 2787 apud
561 2741 722 2791 Hesych.
748 2757 838 2792 γο-υ

184 2796 309 2839 ιιαῑος
324 2789 444 2841 τόπος
456 2796 503 2832 de
521 2796 592 2833 Ioco
610 2799 762 2844 εάίίῑηοη,
782 2812 838 2835 zn-

181 2851 258 2885 star
292 2862 386 2898 genu
435 2853 620 2900 emanentz',
679 2856 838 2905 itemque

916 818 1014 868 apud
1034 817 1194 866 Etymol.
1215 831 1303 869 pag.
1325 822 1422 869 233,
1440 820 1487 862 5:
1515 820 1578 861 λε’-

913 888 1021 925 γεται
1047 871 1090 912 δὲ
1114 871 1261 926 γουνός
1284 874 1304 916 ὁ
1326 874 1488 928 υψηλος
1511 874 1577 918 τό·

913 945 988 976 πος
1023 925 1105 969 οἷπο
1143 934 1373 998 μεταφορᾶς
1408 949 1490 972 των
1532 934 1576 974 ἐν

913 983 1066 1038 στόματι
1085 983 1294 1038 γονάτων,
1326 1005 1350 1027 α
1374 988 1476 1041 ἐξέχε
1461 1006 1506 1029 ε.ι

967 1040 1035 1083 τὸν
1064 1058 1213 1095 γουνον
1246 1041 1317 1084 τὸν
1349 1044 1574 1087 Σουνιακον

909 1122 966 1128 -
986 1095 1192 1153 ανέχοντα]
1225 1101 1462 1151 „Neglexit
1453 1118 1489 1141 1n
1517 1104 1573 1141 his

908 1157 1124 1194 Herodotus
1146 1171 1283 1209 pagum
1301 1160 1572 1209 Azeniensium,

909 1226 1016 1262 quem
1049 1226 1131 1251 raro
1169 1216 1352 1253 veteribus
1393 1230 1572 1255 memora-

908 1275 986 1308 tum
1020 1271 1168 1307 minoris
1190 1272 1302 1310 fuisse
1324 1278 1467 1311 constat
1489 1288 1571 1312 mo-

908 1328 1044 1364 menti:
1075 1327 1145 1364 hoc
1163 1333 1339 1379 excepto,
1374 1329 1411 1366 in
1431 1330 1569 1369 Attices

907 1384 955 1420 ad
983 1384 1100 1421 sinum
1121 1385 1336 1423 Saronicum
1363 1385 1476 1425 latere
1508 1387 1567 1424 de-

907 1452 984 1476 mus
1024 1445 1103 1477 erat
1144 1441 1411 1492 Anaplelystus‚
1451 1444 1569 1481 Sunio

905 1496 1068 1534 vicinus:
1127 1498 1232 1534 Sunii
1281 1501 1571 1548 promontorium

907 1565 1001 1590 nave
1020 1554 1251 1590 flectentibus
1274 1556 1350 1593 sive
1373 1569 1484 1606 super
1499 1557 1571 1593 Su-

905 1610 1003 1645 nium
1040 1610 1318 1657 navigantibus,
1369 1612 1415 1648 ab
1455 1612 1569 1650 altero

905 1665 1017 1703 latere
1045 1666 1182 1715 primus
1205 1668 1421 1706 occurrebat
1447 1670 1497 1706 ad
1523 1670 1571 1706 si-

904 1722 1054 1759 nistram
1070 1735 1193 1772 pagus
1218 1723 1400 1762 Tloeorz'cus.
1451 1726 1572 1769 Quid·
1608 1722 1613 1726 ’

905 1779 995 1827 quid
1033 1779 1079 1816 ab
1111 1780 1339 1830 Anaphlysto
1371 1783 1419 1819 ad
1451 1795 1568 1832 usque

905 1834 1102 1872 [horicum
1122 1840 1299 1875 terrarum
1320 1840 1437 1887 magis
1459 1839 1495 1876 in
1515 1840 1566 1877 al-

904 1896 979 1929 tum
1002 1893 1256 1942 prominebat,
1293 1893 1439 1946 γουνὸν
1461 1901 1567 1933 vocat

903 1945 1156 1996 Σουνιακον,
1199 1953 1349 1999 μᾶλλον
1372 1949 1455 1991 δὲ’
1437 1967 1476 1999 ες
1498 1949 1567 1992 τὸν

903 2000 1056 2044 πόντον
1079 2021 1152 2056 την
1175 2003 1304 2057 α’κρην
1324 2003 1528 2058 α’νέχοντα.
1539 2011 1565 2029 “

910 2061 940 2097 V
948 2061 1053 2098 alck
1066 2075 1126 2098 en.
1178 2063 1252 2101 Ubi
1273 2077 1362 2102 sane
1388 2066 1565 2103 accusati-

903 2130 968 2154 vus
989 2134 1065 2169 την
1095 2116 1222 2183 α’κρην
1247 2122 1388 2170 pendet
1407 2135 1430 2159 a
1441 2123 1563 2160 verbo

903 2169 1116 2224 ἆνέχοντα,
1158 2177 1215 2212 cui
1245 2179 1471 2215 transitivam
1504 2178 1562 2215 hic

901 2229 1040 2269 Noster
1060 2233 1186 2270 tribuit
1213 2234 1412 2272 notionem.
1473 2234 1562 2272 Pro-

901 2289 1056 2325 minendi
1090 2290 1243 2327 notione
1279 2290 1376 2328 idem
1413 2292 1562 2329 verbum

901 2344 991 2393 Vll,
1018 2348 1097 2386 123
1122 2345 1200 2382 coll.
1221 2347 1286 2393 lV,
1310 2350 1401 2388 177.
1450 2348 1563 2392 Quod

900 2413 984 2438 vero
1011 2415 1078 2452 pro
1112 2401 1152 2449 ἐς
1181 2400 1251 2441 τόν
1284 2399 1436 2444 πόντον
1476 2404 1561 2442 olim

877 2459 981 2506 *quis
1011 2459 1126 2495 voluit
1163 2458 1202 2505 ἐς
1235 2454 1353 2498 νότον
1398 2462 1463 2509 (z‘n
1496 2475 1561 2497 aam

899 2516 1049 2563 strum),
1079 2517 1209 2553 merito
1226 2518 1435 2566 repudiavit
1453 2518 1560 2554 Wes-

898 2570 1025 2621 seling.
1044 2573 1158 2610 citans
1182 2572 1244 2620 IV,
1267 2577 1345 2615 177
1367 2580 1403 2611 et
1422 2574 1467 2620 ΙΙ,
1495 2577 1559 2615 99.

898 2627 978 2665 Nec
1000 2630 1116 2678 magis
1146 2642 1237 2679 opus
1268 2644 1336 2680 pro
1363 2627 1427 2670 τὸν
1451 2635 1559 2677 (ante

898 2680 976 2723 α’πό
1001 2687 1196 2736 Θορικοῦ)
1222 2687 1401 2736 refingere
1425 2684 1468 2726 ‘co'
1497 2692 1559 2724 aut

897 2743 988 2781 τῶν.
1028 2743 1199 2792 Namque
1220 2756 1240 2780 e
1257 2742 1385 2780 Nostri
1404 2744 1557 2794 scripto-

896 2799 943 2835 ris
977 2800 1162 2837 sententia
1194 2799 1392 2837 Suniacum
1433 2802 1558 2847 iugum

894 2857 989 2892 inter
1027 2857 1169 2894 Atticae
1208 2868 1324 2904 pagos
1366 2856 1558 2894 Thuricum

1200 2913 1283 2954 30*
