1904 3304
497 212 1185 252 MELPOMENE.1V.

1393 213 1477 252 327

212 323 446 379 ὑπερβάντι
477 323 522 366 δὲ
552 320 764 375 τούτους,
800 321 961 374 ἄλλους
991 320 1285 375 ἀνθρώπους,
1318 323 1362 363 οἳ
1394 319 1475 376 τήν

184 393 430 450 3ἑξάμηνον
459 392 743 437 καθεύδουσι.
801 397 930 437 τοῦτο
961 392 1008 436 δὲ
1039 390 1121 436 οὐκ
1143 390 1373 446 ἐνδέκομαι
1394 390 1475 446 τὴν
1487 398 1533 431 80

183 463 363 520 4ἄρχήν.
418 463 541 507 Ἀλλοὶ
579 463 627 507 τό
659 464 738 520 μὲν
777 463 888 518 πρὸς
923 461 989 520 ήῶ
1019 467 1108 507 τῶν
1138 465 1380 519 φαλακρῶν
1416 477 1476 517 γι-

153 602 368 649 praerllptOS
417 611 581 648 saxaque
637 612 814 636 001156θῦ-

153 656 252 692 dant.
313 655 496 693 Gatterer.
528 655 550 692 l.
575 655 598 692 l.
637 669 672 705 p.
698 658 722 696 8
753 670 813 692 ca-

147 711 311 761 pripedes
333 711 445 749 fuisse
471 713 659 749 contendit
680 713 812 761 gralla-

152 775 272 805 torum
287 768 361 805 sive
381 768 729 806 colobathrariorum
748 782 812 817 ge-

150 837 231 871 nus,
253 825 314 873 qui
335 838 407 873 quo
429 827 587 862 securius
609 838 675 875 per
696 826 812 862 ardua

150 886 186 918 et
221 881 379 931 abrupta
415 882 591 918 montium
626 880 811 919 ambulare

149 943 322 987 possent,
360 938 588 975 ferramentis
617 939 674 975 vel
704 937 810 986 lignis

150 995 259 1031 etiam
291 993 448 1031 hirsutas
476 994 631 1045 pedibus
656 994 810 1043 adapta-

149 1051 288 1095 verint3
329 1054 368 1086 ut
396 1051 489 1088 adeo
510 1063 639 1101 parum
660 1050 810 1087 absimi-

148 1107 200 1145 les
225 1107 357 1144 fuerint
383 1107 538 1144 Caucasi
568 1106 720 1154 accolis,
763 1107 810 1144 de

147 1164 278 1213 quibus
307 1164 443 1200 Strabo
464 1163 516 1200 XI
553 1177 591 1214 p.
616 1164 698 1204 506
726 1177 754 1200 s.
773 1176 808 1213 p.

148 1222 232 1260 772
244 1220 287 1257 B.
320 1219 418 1263 Quin
436 1222 549 1256 ovium
567 1233 692 1268 genem,
709 1220 811 1269 quod

148 1276 281 1324 Argali
295 1281 427 1313 vocant
440 1277 709 1324 (Steinschase)
722 1289 809 1313 num

148 1333 205 1370 hic
221 1333 374 1381 intelligi
391 1335 524 1383 possit,
546 1334 691 1382 quaerit
703 1332 810 1369 Man-

148 1394 241 1426 nert.
262 1388 311 1426 lV
328 1403 363 1439 p.
384 1392 475 1430 113.
508 1390 601 1427 Mihi
623 1390 736 1427 satius
757 1389 809 1425 vi-

148 1447 257 1483 detur
289 1459 368 1482 cum
388 1446 571 1483 Heerenio
598 1445 710 1483 Ideen
737 1449 807 1483 etc.

147 1502 173 1547 l,
196 1504 220 1540 2
251 1514 339 1551 pag.
363 1502 446 1542 284
477 1502 564 1539 talia
594 1503 728 1539 referre
757 1501 806 1538 ad

145 1557 307 1604 fabulas,
345 1570 440 1606 quae
469 1560 515 1596 de
545 1558 677 1595 ultimis
698 1558 805 1595 Asiae

146 1614 291 1652 mediae
312 1619 348 1651 et
369 1614 662 1664 septentrionalis
692 1626 735 1651 ac
756 1614 804 1650 si-

145 1670 297 1720 gillatim
322 1671 488 1708 Siberiae
508 1671 721 1720 regionibus
750 1671 804 1707 in-

145 1727 277 1765 colisve
302 1728 514 1764 ferebantur
537 1740 578 1764 ac
601 1740 666 1776 per
688 1727 805 1764 Grae-

145 1784 236 1821 ciam
251 1784 527 1834 spargebantur.
554 1784 612 1820 Ad
625 1784 805 1821 Siberiam

146 1840 235 1877 haec
275 1853 423 1889 quoque
456 1841 648 1878 referenda
681 1845 806 1878 censet

146 1896 366 1933 Maltebrun.
386 1897 529 1934 Aunall.
552 1897 587 1934 d.
607 1897 751 1946 Voyag.
774 1897 805 1933 ll

146 1965 232 2004 pag.
258 1954 351 1992 373.

205 2004 426 2059 ὑπερβάντι
457 2006 498 2047 δὲ
522 2004 705 2058 τούτους]
748 2008 806 2045 De

147 2066 327 2115 participii
376 2071 556 2102 structura
613 2065 707 2102 conf.
759 2064 805 2110 ll,

149 2125 213 2162 11.
245 2124 312 2161 29.

206 2175 351 2224 ἄλλους
376 2172 641 2229 ἀνθρώπους,
675 2178 714 2217 οἳ
732 2174 806 2228 τήν

148 2231 349 2285 ἑξάμηνον
369 2231 630 2285 καθεύδουσι]
661 2235 683 2273 ἰ.
700 2248 731 2272 e.
746 2236 808 2283 qui

146 2304 207 2327 sex
233 2304 298 2342 per
322 2304 453 2327 menses
486 2291 671 2328 dormiunt.
730 2291 806 2328 Ubi

146 2347 255 2397 vulgo
276 2348 448 2398 supplent
465 2349 664 2398 περίοδον.
695 2348 803 2385 Conf.

147 2403 276 2443 Lamb.
306 2405 393 2441 Bos.
424 2405 483 2442 De
512 2405 644 2455 ellipss.
672 2405 737 2441 Gr.
765 2418 802 2455 p.

149 2462 229 2500 382
246 2461 323 2498 coll.
341 2473 426 2511 pag.
441 2462 534 2502 545.
565 2463 718 2512 Spectat
734 2461 804 2497 huc

148 2515 313 2553 Eustath.
347 2518 393 2554 ad
424 2518 577 2567 Dionys.
616 2518 801 2566 Perieget.

150 2572 243 2611 581.
298 2573 356 2609 Ad
378 2579 630 2623 argumentum
650 2574 717 2611 loci
745 2587 802 2611 re-

150 2632 207 2664 cte
244 2628 292 2665 ita
326 2631 451 2666 scribit
486 2631 669 2668 Gatterer.
702 2630 723 2667 l.
757 2630 800 2668 l.:

152 2683 257 2730 „hoc
286 2686 419 2722 nemini
455 2686 564 2724 hodie
593 2686 803 2725 incredibile

150 2741 287 2790 poterit
323 2754 429 2788 esse,
474 2744 560 2792 qui,
608 2744 723 2793 qualis
758 2745 804 2780 sit

150 2796 368 2846 Lapponum
394 2804 598 2836 nostrorum
623 2801 720 2839 vitae
746 2813 803 2837 ra·

151 2854 220 2899 tio,
251 2854 348 2891 haud
369 2855 628 2904 ignoraverit.“
658 2857 710 2895 Ac
730 2858 805 2895 veri

871 597 958 646 quid
979 598 1046 636 hae
1067 599 1104 636 in
1126 597 1248 635 sabula
1265 609 1350 634 vere
1367 595 1532 633 Siberica

870 655 1020 691 subesse
1046 655 1140 692 bene
1169 655 1259 691 vidit
1282 653 1442 691 Heeren.
1463 651 1485 689 l.
1506 650 1531 688 l.

869 722 955 760 pag.
987 711 1082 749 284.
1111 712 1194 752 307
1234 709 1313 748 coll.
1346 710 1529 746 Mannert.

870 766 918 803 lv
948 780 983 816 p.
1022 768 1112 808 113.
1172 767 1342 804 Bredow.
1373 766 1529 815 Specim.

869 822 1072 872 Uranolog.
1097 835 1182 873 pag.
1206 823 1293 860 XVI
1316 827 1353 860 et
1373 820 1529 860 Bennel.

867 893 903 929 p.
925 878 1018 919 443.
1078 879 1153 916 Ubi
1170 880 1266 916 enim
1287 883 1454 929 tempore
1476 877 1530 914 hi-

868 936 982 973 berno
1013 936 1129 972 omnis
1162 936 1267 984 quasi
1288 940 1422 971 natura
1443 935 1530 970 dor-

866 993 956 1029 mire
977 992 1132 1039 videtur,
1163 992 1251 1041 quid
1268 991 1410 1039 mirum,
1430 990 1530 1041 ipsos

866 1048 1031 1085 homines
1072 1061 1137 1086 sex
1181 1048 1359 1085 mensium
1408 1047 1529 1097 spatio

866 1105 1065 1155 parietibus
1097 1104 1255 1142 inclusos
1287 1108 1325 1142 et
1355 1104 1529 1141 continua

865 1163 942 1199 sere
960 1163 1075 1199 noctis
1098 1161 1268 1210 caligine,
1292 1173 1366 1198 non
1388 1160 1456 1196 nisi
1474 1159 1530 1196 lu-

866 1230 936 1255 nae
966 1218 1042 1255 sive
1072 1231 1224 1255 aurorae
1260 1216 1418 1255 borealis
1449 1215 1528 1254 luce

866 1275 1022 1312 subinde
1063 1274 1318 1321 collustratae,
1365 1285 1528 1324 pressos,

866 1331 1089 1369 dormientes
1127 1331 1198 1368 dici
1234 1343 1296 1368 sex
1331 1343 1399 1381 per
1422 1342 1526 1367 men-

866 1386 957 1424 ses?
1016 1387 1124 1431 Quae
1155 1400 1236 1424 cum
1267 1387 1318 1424 ita
1347 1387 1442 1433 sint,
1480 1386 1528 1424 de

863 1444 1033 1482 Siberiae
1054 1443 1179 1481 incolis
1208 1443 1297 1480 haec
1317 1443 1527 1492 intelligen-

864 1500 912 1537 da
934 1513 1040 1546 esse,
1083 1504 1181 1537 recte
1208 1500 1335 1537 statuit
1358 1499 1526 1536 Volcker.

861 1555 980 1605 Myth.
1005 1557 1145 1605 Geogr.
1177 1556 1191 1592 Ι
1225 1568 1311 1606 pag.
1345 1558 1437 1597 191.
1470 1575 1526 1583 -

860 1613 903 1649 In
915 1625 996 1662 sqq.
1016 1609 1091 1661 τήν
1111 1608 1240 1663 ἀρχὴν
1260 1613 1356 1649 valet
1375 1613 1524 1659 omnino,

855 1682 1015 1719 prorsus,
1043 1675 1084 1707 ut
1102 1668 1168 1717 Ill,
1193 1670 1256 1709 16.
1287 1667 1353 1717 IV,
1369 1670 1436 1710 28-
1457 1671 1526 1716 29,

861 1726 959 1763 alibi.

918 1778 1030 1821 Ἀλλοέ
1060 1778 1104 1821 τό
1141 1778 1213 1832 μὲν
1244 1778 1343 1833 πρὸς
1375 1775 1441 1831 ηἀἷ
1466 1801 1524 1809 —

860 1834 1096 1888 Ἰσσηδόνων
1137 1832 1394 1889 οἰκεόμενον]
1437 1838 1460 1874 i.
1490 1850 1523 1875 e.

862 1896 959 1942 „sed
1000 1909 1075 1933 eam
1107 1897 1305 1943 regionem,
1352 1907 1441 1944 quae
1478 1895 1524 1931 ab

864 1954 991 1989 oriente
1030 1952 1207 1989 calvorum
1245 1952 1422 1989 hominum
1451 1953 1524 1987 sita

862 2012 934 2055 est,
961 2011 1051 2046 satis
1071 2013 1160 2045 certo
1182 2010 1378 2059 accepimus
1398 2008 1443 2044 ab
1466 2006 1543 2044 Is:

862 2066 1048 2102 sedonz'bus
1088 2065 1240 2102 incoli.“
1312 2060 1524 2116 Ἀτρεκέως

863 2135 944 2159 cum
958 2122 1158 2170 Schweigh.
1180 2126 1218 2159 et
1237 2121 1354 2158 Gaisf.
1373 2121 1522 2166 inserui,

863 2191 942 2215 cum
976 2191 998 2214 a
1032 2178 1194 2229 pluribus
1227 2177 1327 2214 libris
1364 2178 1521 2215 abesset.

862 2233 997 2283 Neque
1031 2235 1169 2284 recepit
1202 2234 1400 2281 Matthiae,
1440 2245 1521 2271 cum

862 2304 952 2328 sane
974 2291 1079 2329 facile
1101 2291 1235 2327 oriatur
1253 2291 1434 2341 suspicio,
1476 2303 1520 2328 ex

862 2348 904 2384 iis
924 2348 1058 2396 verbis,
1084 2360 1179 2396 quae
1199 2348 1329 2397 capitis
1349 2347 1451 2384 initio
1468 2346 1521 2384 le-

860 2409 996 2454 guntur
1025 2400 1176 2451 (οὗδεὶς
1207 2399 1403 2455 οἷτρεκέως
1437 2399 1520 2442 οἶδε

861 2456 1057 2512 φράσαι),
1097 2473 1224 2498 vocem
1248 2461 1319 2497 huc
1345 2461 1519 2497 intrusam

861 2530 952 2555 esse.
999 2517 1040 2554 In
1067 2530 1172 2566 seqq.
1211 2512 1343 2556 αὐτῶν
1366 2514 1519 2556 τούτων

859 2587 940 2611 cum
957 2574 1072 2611 Gaisf.
1093 2580 1132 2612 et
1148 2573 1283 2612 Matth.
1304 2573 1432 2624 scripsi
1450 2586 1519 2624 pro

860 2626 1013 2669 αὐτέων
1065 2629 1250 2669 τουτέων.
1337 2629 1520 2667 Issedones

859 2692 1187 2725 commemorantur
1203 2687 1233 2735 I,
1255 2689 1333 2727 201
1356 2687 1433 2735 (ubi
1445 2687 1516 2723 vid.

860 2747 987 2792 nott).
1039 2744 1110 2791 IV,
1150 2746 1214 2784 13.
1256 2746 1310 2785 26
1356 2745 1519 2791 itemque

861 2801 960 2851 apud
978 2800 1132 2838 Ptolem.
1155 2800 1220 2847 Vl,
1254 2800 1319 2846 15,
1352 2802 1425 2846 16,
1456 2799 1519 2847 qui

861 2862 934 2895 tres
951 2857 1055 2895 huius
1074 2857 1229 2894 nominis
1248 2862 1378 2907 gentes
1390 2856 1519 2892 distin-
