1904 3304
252 503 320 549 69

383 254 467 295 124

807 253 1278 293 HERODOTI

379 366 568 408 ναικῶν·
605 361 696 406 ἐπεί
717 378 761 405 τε
783 360 867 417 γάρ
888 360 1063 417 τάχιστα
1094 357 1221 414 οὗτος
1243 362 1498 417 ὥνθρωπος,
1528 364 1646 416 ὅστις

378 434 477 479 κοτέ
508 434 618 485 ἐστι,
647 433 862 489 παρέλαβε
883 432 962 489 τὴν
984 436 1231 490 βασιληίην,
1262 433 1472 489 διέσπειρε
1503 434 1645 490 ἡμέας,

378 504 517 561 ἄλλην
547 504 654 562 ἄλλῃ
684 503 865 556 τάξας.“
918 502 1145 547 Ἀκούοντι
1171 505 1368 548 δὲταῦτα
1389 510 1449 564 τῷ
1475 504 1647 561 Ὀτάνῃ,

381 581 549 633 μᾶλλον
580 577 862 630 κατεφαίνετο
892 574 940 618 τὸ
971 579 1158 631 πρῆγμα.
1205 578 1353 633 τρίτην
1380 577 1425 620 δὲ
1451 575 1705 632 ἀγγελίην9ο

353 646 588 704 Ξέσπέμπει
612 643 709 702 παρ’
743 644 902 702 αὐτήν,
934 645 1149 702 λέγουσαν
1178 652 1336 691 ταῦτα·

1396 680 1422 701 ,,
1425 643 1483 689 Ὦ
1511 646 1648 702 θύγα-

379 736 476 773 τερ,
514 720 581 762 δεῖ
608 729 676 769 σε,
722 721 954 772 γεγονυῖαν
983 712 1050 767 εὖ,
1099 719 1311 761 κίνδυνον
1351 716 1649 773 ἀναλαβέσθαι

380 790 458 834 τὸν
488 789 542 832 ἂν
563 786 586 832 ὁ
617 789 756 844 πατὴρ
779 786 1019 831 υποδύνειν
1036 787 1204 846 κελεύῃ.
1252 790 1287 833 εἰ
1305 789 1387 845 γὰρ
1411 789 1464 846 δὴ
1480 787 1538 846 μή
1563 789 1650 832 ἐστι
1708 787 1791 827 232

377 860 401 905 ὁ
442 859 598 916 Κύρου
636 859 845 915 Σμέρδις,
898 858 1006 902 ἄλλα
1043 859 1121 903 τόν
1157 860 1406 904 καταδοκέω
1443 860 1552 916 ἐγώ,
1593 861 1705 905 οὔ95

379 949 449 977 τοι
487 948 580 988 μιν,
637 932 705 974 σοί
744 947 788 974 τε
827 930 1186 987 συγκοιμώμενον
1231 932 1304 975 καὶ
1347 932 1395 974 τὸ
1442 931 1650 986 Περσέων

378 1004 537 1058 κράτος
577 1002 752 1058 ἔχοντα,

347 1077 536 1119 3δοῦναι
576 1075 714 1129 δίκην.

812 1004 879 1045 δεῖ
923 1003 1128 1057 χαίροντα
1170 1001 1481 1054 ἀπαλλάσσειν,
1542 1001 1647 1046 &aad

774 1076 858 1116 νῦν
900 1075 962 1115 ὠν
1002 1074 1191 1129 ποίησον
1233 1073 1352 1116 τάδε·

1410 1071 1540 1117 ἐπεαν
1578 1085 1648 1117 6οι

375 1144 586 1202 συνεύδη,
617 1145 690 1188 καὶ
720 1143 868 1201 μαθῃς
899 1141 1034 1187 αὐτὸν
1066 1143 1432 1199 κατυπνωμένον,
1468 1144 1646 1203 ἄφασον

349 1216 521 1260 4αὐτοῦ
559 1233 612 1259 τα
650 1210 751 1259 ὦτα

317 1425 617 1463 consuetudinem
638 1426 820 1474 spectant,
845 1424 891 1462 de
908 1436 980 1473 qua

317 1482 379 1520 Tu
409 1482 501 1519 conf.
532 1481 676 1518 Esther.
706 1481 750 1527 ΙΙ,
783 1482 843 1521 12.
903 1481 978 1518 lta-

320 1551 393 1588 que
421 1542 518 1575 recte
540 1536 688 1574 Dorvill.
710 1538 759 1573 ad
782 1537 919 1574 Charit.
941 1551 976 1587 p.

319 1595 416 1641 498,
448 1595 507 1630 ubi
527 1594 560 1629 h.
579 1593 600 1630 l.
619 1593 747 1642 tangit,
782 1593 808 1629 Ι.
833 1589 979 1629 Grono-

318 1652 413 1689 vium
435 1650 522 1687 dicit
540 1650 644 1686 nimis
668 1654 797 1697 argute
816 1649 908 1686 hanc
926 1649 979 1685 lo-

319 1708 499 1744 cutionem
533 1706 757 1743 committere
797 1719 876 1742 cum
906 1706 979 1742 La-

317 1765 414 1801 tina:
434 1766 529 1799 stare
550 1764 587 1799 in
601 1763 779 1812 lupanari.
811 1762 982 1811 Namque

318 1833 392 1858 non
432 1820 680 1856 meretricibus
708 1818 896 1869 peculiaris
923 1831 982 1855 se-

320 1876 432 1914 dendi
471 1889 549 1912 mos
586 1876 683 1926 apud
724 1875 878 1921 Persas,
916 1876 981 1912 sed

320 1933 487 1970 omnibus
533 1931 721 1978 foeminis,
785 1932 981 1981 praecipue

318 1989 438 2026 lanam
461 1989 718 2034 tractantibus,
749 1988 785 2024 id
807 1988 907 2037 quod
926 1987 980 2025 vel

317 2046 561 2095 Sardanapali
614 2044 779 2094 exemplo
835 2045 981 2094 probari

317 2102 415 2139 idem
466 2106 590 2138 monet
627 2101 780 2138 Dorvill.
828 2101 980 2137 laudans

317 2158 428 2196 Diod.
456 2158 502 2205 ΙΙ,
530 2160 582 2197 23
613 2163 651 2195 et
682 2156 813 2194 Athen.
846 2157 928 2203 Xll,
955 2159 980 2196 7

317 2228 353 2266 p.
378 2214 470 2255 529.
503 2213 579 2264 [Tu
599 2215 671 2250 vid.
691 2215 791 2251 Ctes.
812 2215 981 2262 sragmm.

316 2284 402 2322 pag.
432 2269 524 2310 427.
552 2273 632 2310 431
668 2269 758 2319 seq]
798 2270 872 2316 „Et
892 2283 979 2307 vero

316 2328 541 2363 Graecarum
562 2327 671 2363 etiam
691 2327 903 2362 feminarum
916 2339 981 2362 an-

315 2384 467 2432 tiquitus
498 2383 591 2419 hunc
624 2395 761 2419 morem
790 2383 899 2419 fuisse
924 2395 981 2417 ar-

320 2440 400 2489 guit
450 2439 548 2475 locus
586 2439 776 2486 Odysseae
819 2441 862 2475 Z.
899 2437 980 2478 305

321 2509 426 2551 sqq.
406 2496 430 2515 “
463 2494 492 2531 C
505 2509 531 2531 r.

377 2545 493 2597 οὗτος
524 2547 770 2601 ωἰθρωπος]
814 2546 981 2600 ὤνθρω-

319 2623 395 2654 πος
415 2621 494 2645 cum
507 2608 612 2643 Schw
617 2608 675 2655 eig
663 2607 709 2642 h.
733 2612 771 2643 et
790 2607 908 2643 Gaisf.
926 2619 983 2643 re-

321 2665 447 2714 scripsi
468 2676 534 2713 pro
563 2663 659 2711 vulg.
682 2659 912 2714 ἅνθρωπος,
944 2663 981 2699 id

322 2721 423 2770 quod
446 2720 576 2756 Matth.
602 2719 762 2756 retinuit.
821 2718 892 2755 Alii
921 2732 981 2755 ex-

321 2777 450 2815 hibent
481 2772 720 2823 ὦνθρωπος.
788 2775 849 2813 Tu
885 2775 980 2812 cons.

323 2833 474 2883 disputt.
488 2845 626 2870 censor.
640 2832 779 2870 lenens.
802 2834 908 2873 1817
926 2844 978 2867 nr.

323 2891 402 2931 162
420 2901 507 2941 pag.
527 2888 619 2929 356.

818 1215 893 1259 καὶ
929 1214 985 1271 ἢν
1028 1215 1107 1271 μὲν
1148 1233 1357 1273 φαιυηται
1394 1216 1504 1271 ἒχων
1542 1217 1644 1268 ὦτα,

1225 1423 1287 1460 Ca
1298 1436 1333 1474 p.
1365 1422 1501 1460 LXIX.

1094 1501 1138 1541 εἶ
1168 1517 1242 1553 γαρ
1274 1499 1324 1552 δη
1356 1496 1412 1552 μή
1443 1501 1543 1551 ἐστι]
1594 1500 1701 1538 Unus

1036 1559 1220 1596 Sanerosti
1248 1558 1338 1595 liber
1373 1558 1427 1605 εἰς
1465 1558 1591 1606 reliqui
1630 1571 1699 1606 ην,

1035 1628 1094 1663 qu«
1088 1616 1135 1651 od
1157 1615 1214 1651 hic
1232 1615 1316 1651 ferri
1342 1588 1480 1662 neqiiit.
1512 1615 1544 1650 Σ
1547 1615 1593 1650 id.
1608 1617 1700 1650 nott.

1034 1672 1081 1708 ad
1110 1671 1172 1716 111,
1208 1671 1258 1711 15
1291 1675 1327 1707 et
1356 1671 1510 1707 ll'erfer.
1537 1670 1573 1706 in
1605 1669 1700 1706 Actt.

1037 1727 1173 1778 philoll.
1192 1726 1354 1763 Monacc.
1372 1727 1385 1762 Ι
1404 1739 1486 1776 pag.
1505 1728 1589 1767 262
1612 1730 1701 1772 not„

1039 1785 1100 1832 qui
1127 1784 1222 1820 idern
1250 1780 1396 1821 οὗτοι
1421 1783 1455 1819 h.
1477 1782 1498 1819 l.
1522 1787 1701 1819 mutatum

1038 1840 1113 1876 vult
1130 1841 1166 1876 in
1190 1836 1319 1886 οὔτι,
1353 1852 1433 1876 cum
1458 1836 1569 1877 οὗτοι
1589 1839 1702 1885 signi-

1039 1896 1125 1934 ficet
1155 1909 1262 1946 neque
1293 1899 1409 1931 tamen
1433 1896 1593 1944 indeque
1619 1895 1701 1931 huic

1039 1951 1117 1989 loco
1130 1953 1246 1988 minus
1259 1952 1460 1989 conveniat.
1481 1972 1535 1977 -—
1549 1950 1584 1987 ln
1596 1963 1699 2000 seqq.

1038 2009 1227 2045 formulam
1246 2005 1288 2046 τὸ
1309 2003 1454 2059 κράτος
1474 2006 1574 2057 ἔχειν
1588 2007 1701 2054 (sum-

1039 2078 1129 2102 mam
1150 2078 1282 2111 rerum,
1314 2078 1340 2101 s.
1365 2066 1544 2114 imperium
1568 2064 1699 2111 tenere)

1038 2124 1178 2171 aliquot
1200 2121 1374 2171 exemplis
1396 2121 1547 2157 illustrat
1568 2121 1698 2157 Si'ebe-

1038 2178 1080 2215 lis
1106 2179 1154 2215 ad
1176 2178 1331 2215 Pausan.
1352 2177 1449 2222 Vlll,
1471 2180 1494 2216 3
1526 2174 1562 2226 ἓ.
1589 2178 1623 2214 1.
1644 2196 1700 2203 —-

1038 2235 1097 2272 Ad
1118 2235 1304 2287 χαίροντα
1325 2234 1418 2270 conf.
1439 2232 1505 2278 Ill,
1521 2234 1586 2272 29.

1096 2344 1278 2395 ἄφασον]
1312 2345 1366 2382 Ita
1387 2357 1513 2381 omnes
1542 2343 1644 2389 libri3
1677 2355 1700 2380 a

1038 2405 1149 2440 verbo
1172 2398 1354 2452 ἄφάσσω.
1385 2402 1439 2437 'su
1459 2401 1551 2437 conf.
1567 2400 1699 2438 Matth.

1041 2462 1106 2496 Gr.
1137 2460 1201 2496 Gr.
1232 2457 1267 2509 ᾗ.
1295 2460 1384 2497 178.
1413 2460 1448 2498 6.
1481 2455 1699 2504 ll'esseling.

1040 2529 1197 2565 eumque
1224 2520 1367 2552 secutus
1395 2514 1510 2549 Gaisf.
1539 2512 1701 2549 exhibuit

1041 2569 1290 2620 τ’ἰφασσον.
1352 2570 1484 2606 Suidas
1520 2569 1534 2605 Ι
1560 2582 1595 2618 p.
1618 2571 1694 2609 391

1040 2624 1257 2677 ἀφάσσων
1299 2628 1515 2675 ψηλαφῶν.
1548 2646 1603 2652 —
1641 2623 1700 2662 Ad

1037 2684 1251 2735 particulam
1268 2682 1310 2721 δέ
1328 2683 1517 2732 repetitam
1530 2682 1566 2718 in
1587 2680 1699 2718 altero

1038 2741 1211 2777 orationis
1250 2740 1412 2777 membro
1452 2736 1519 2787 (σύ
1560 2735 1613 2776 δὲ
1645 2738 1699 2789 τῷ

1039 2792 1151 2848 μάγῳ
1193 2794 1368 2846 Σμέρδι)
1407 2795 1500 2832 conf.
1539 2794 1696 2833 lVerser.

1037 2853 1058 2890 l.
1078 2853 1100 2890 l.
1122 2853 1136 2890 l
1155 2865 1240 2904 pag·
1261 2854 1325 2894 93.
1344 2854 1437 2893 273.
