1904 3304
405 238 490 280 898
823 239 1296 279 HERODOTI

403 349 549 404 ἴδμεν·
589 347 918 405 ἀνοιγομένοισι
947 348 993 392 δὲ
1017 353 1132 392 τοῖσι
1161 348 1334 406 κτήνεσί
1364 350 1452 394 ἐστι
1477 349 1674 407 σταθμώ-

404 425 586 472 σασθαι,
624 419 692 463 ὅτι
720 423 850 463 τοῦτο
883 418 1022 472 οὕτως
1051 420 1146 476 ἔχει.

520 491 582 534 Τὰ
610 492 689 546 μὲν
719 491 771 547 δὴ
802 491 979 547 μέγιστα
1009 490 1124 534 οὕτω
1155 501 1236 546 σφι
1264 488 1432 545 εὔπορά
1462 490 1563 534 ἐστι.
1620 490 1730 534 τά30

377 562 457 605 Ξδὲ
487 561 619 605 λοιπά
650 562 812 618 νόμαια
843 563 954 605 κατὰ
991 561 1096 606 τάδε
1137 573 1218 617 σφι
1247 560 1472 605 διακέεται.
1539 562 1674 612 Θεούς

407 633 485 688 μὲν
514 633 711 689 μούνους
739 631 897 677 τούσδε
927 633 1204 677 ἱλάσκονται·
1257 631 1412 688 Ἱστίην
1440 632 1520 688 μὲν
1551 632 1671 689 μάλι-

405 715 506 747 ow·
553 704 621 748 ἐπὶ
652 705 722 756 δὲ,
753 707 843 748 Δία
871 721 916 749 τε
945 705 1019 748 καὶ
1050 708 1166 761 Γῆν,
1196 707 1446 759 νομίζοντες
1474 704 1553 760 τὴν
1580 709 1674 761 Γῆν

403 779 486 818 τοῦ
514 775 625 827 Διὸς
656 774 766 820 εἶναι
795 782 1005 832 γυναῖκα·
1052 775 1157 832 μετοὶ
1197 777 1242 819 δὲ
1279 772 1488 826 τούτους,
1527 774 1673 820 Ἀπόλ-

405 845 524 889 λωνά
562 863 606 891 τε
642 849 715 891 καὶ
755 847 972 904 οὐρανίην
1009 847 1291 904 Ἀφροδίτην,
1340 846 1413 889 καὶ
1445 845 1672 903 Ἡρακλέα,

275 487 343 535 59

70 551 198 580 Numina
228 553 348 588 Scythi-

85 594 137 621 ca,
172 591 203 614 et
227 596 332 615 eorum

85 621 305 655 appellationes
322 631 330 648 ε

69 652 163 680 Marti
189 655 245 681 soli
274 659 348 681 tcm-

68 687 119 723 pla
150 691 180 714 et
215 696 284 715 aras
316 692 348 716 et

86 721 248 750 simulacra
285 721 330 750 fa-

85 755 178 783 ciunt.

372 923 394 957 3
406 918 478 960 καὶ
498 917 642 974 ’Ἀρεα.

701 918 888 971 τούτους
923 920 1001 976 μὲν
1031 920 1189 969 πάντες
1221 921 1265 962 οἰ
1293 918 1473 961 Σκύθαι
1508 920 1730 975 νενομί-35

398 1002 524 1032 κασι·
573 992 617 1033 οἱ
656 991 701 1034 δὲ
734 990 990 1048 καλεόμενοι
1025 990 1247 1049 βασιλήϊοι
1277 988 1460 1034 Σκύθαι
1500 990 1574 1033 καὶ
1613 993 1675 1047 τῷ

347 1177 512 1224 optimum
543 1177 723 1224 praeberet
765 1178 924 1225 succum)
971 1180 1010 1212 ut

345 1231 481 1281 placuit
510 1232 770 1278 Valckenari0‚
809 1236 871 1282 qni
897 1232 1009 1270 Athe-

346 1300 477 1325 naeum
508 1289 598 1325 citat
627 1289 660 1326 ll
688 1303 723 1339 p.
745 1291 797 1331 58
819 1291 860 1327 E.
890 1291 942 1330 68
967 1289 1008 1325 F.

345 1344 442 1382 Nam
479 1344 684 1383 huiusmodi
714 1347 848 1385 herbae
881 1347 912 1383 si
940 1346 1010 1382 hoc

345 1401 425 1438 loco
447 1402 738 1450 designarentur,
763 1416 916 1453 quarum
938 1403 1008 1438 vir-

343 1462 402 1495 tus
424 1471 512 1496 sane
531 1471 605 1496 non
622 1465 697 1497 tam
718 1466 867 1498 externo
887 1473 931 1497 ex
944 1459 1009 1495 ha-

344 1515 437 1561 bitu,
473 1527 582 1565 quam
609 1530 629 1554 e
651 1518 813 1554 sectione
835 1515 1008 1565 cognosci

344 1575 480 1620 queat,
518 1573 634 1610 minus
666 1574 759 1610 bene
790 1573 1008 1610 convenient

347 1628 559 1676 sequentia,
585 1630 715 1678 quibus
745 1634 901 1666 testatur
930 1630 1008 1665 He-

346 1685 513 1731 rodotus,
544 1698 588 1722 ex
608 1687 746 1735 apertis
764 1686 1010 1735 inspectisque

350 1740 557 1778 animalium
571 1742 752 1779 intestinis
764 1743 809 1780 de
818 1743 1011 1780 herbarum

350 1797 474 1834 indole
503 1799 628 1835 coniici
656 1812 776 1848 posse.
802 1821 859 1828 —-
901 1795 1011 1837 α’νοι-

349 1853 554 1904 γομένοισι
574 1855 707 1892 Suidas
740 1857 782 1904 (s.
804 1869 838 1893 v.
860 1850 1012 1906 α’νοίγει

297 1954 301 1957 ξ
350 1909 398 1947 Τ.
422 1910 435 1947 l
455 1924 490 1960 p.
513 1912 609 1961 236)
640 1913 906 1963 interpretatur
927 1926 1010 1963 σχι-

347 1965 538 2017 ζομένοις.

551 2035 662 2086 Cap.
693 2036 790 2074 LIX.

408 2088 465 2130 Tc}
479 2090 550 2142 μὲν
573 2089 622 2141 δή
634 2091 794 2145 μέγιστα
811 2089 916 2133 οὕτω
938 2106 1011 2142 σφι

347 2145 499 2201 εὔπορά
532 2147 633 2200 ἔστι]
672 2151 695 2187 i.
735 2164 766 2189 e.
801 2150 1010 2198 „Maaeimz's

347 2207 462 2254 igitur
486 2207 579 2243 hisce
606 2210 759 2244 utuntur
783 2209 1009 2246 commodis.“

347 2284 403 2290 ——
451 2261 512 2299 Ad
556 2259 786 2302 ἱλάσκονται
827 2266 864 2301 in
903 2278 1009 2314 seqq.

346 2319 441 2356 conf.
476 2319 643 2356 Eustath.
672 2320 720 2357 ad
738 2320 889 2359 Homer.
921 2334 1006 2371 pag.

346 2376 452 2421 978,
478 2378 527 2415 18
549 2388 578 2411 s.
599 2378 703 2422 967,
738 2379 772 2417 1.
793 2398 849 2404 -—
879 2376 943 2416 ἐπὶ
966 2374 1008 2415 δὲ

344 2431 518 2481 Ἀῐοδνᾶίεῑ
540 2431 689 2477 deinde,
721 2436 795 2469 tum
816 2445 917 2480 vero,
948 2434 1008 2470 ubi

346 2488 428 2526 licet
454 2488 626 2538 suppleas
653 2484 777 2543 ταύτῃ
808 2503 857 2527 sc.
881 2486 1008 2543 Ἱστίῃ,

349 2548 392 2580 ut
422 2545 459 2581 in
490 2544 593 2581 simili
617 2544 799 2583 locutione
827 2544 926 2596 πρός
956 2546 1010 2586 δέ.

350 2600 409 2638 Cf,
438 2601 525 2647 Vll,
565 2603 659 2641 219.
700 2602 804 2646 Vm,
842 2606 908 2644 67.
942 2606 1009 2645 93.

352 2659 456 2704 113,
487 2657 555 2694 alia
586 2658 685 2708 apud
715 2658 1007 2709 Schweighaeus.

351 2713 388 2750 in
405 2713 495 2752 Lex.
517 2714 658 2751 Herod.

409 2769 467 2808 De
490 2769 617 2807 Venere
642 2769 784 2808 Urania
800 2772 894 2808 conf.
915 2783 1010 2820 quae

350 2830 476 2864 notata
517 2832 603 2864 sunt
637 2828 685 2865 ad
718 2828 752 2874 l,
785 2827 877 2869 105.
918 2829 1008 2868 131.

352 2883 472 2928 Quam
491 2884 540 2921 ad
563 2888 716 2922 matrem
732 2883 827 2922 illam
848 2885 1007 2921 omnium

1066 1189 1186 1213 rerum
1206 1177 1242 1212 in
1262 1182 1410 1224 natura,
1441 1177 1517 1212 sive
1539 1176 1608 1212 vim
1632 1175 1729 1212 illam

1066 1234 1369 1282 procreatricem,
1421 1233 1493 1281 quai
1543 1244 1587 1268 ex
1633 1243 1730 1280 aqua

1066 1289 1187 1325 omnia
1217 1291 1458 1339 proveniant,
1487 1287 1638 1325 relatam
1667 1301 1731 1325 vo-

1066 1344 1156 1392 lunt,
1184 1359 1250 1396 per
1273 1359 1400 1383 omnes
1429 1347 1505 1382 fere
1525 1344 1633 1382 Asiae
1651 1345 1730 1396 pla-

1065 1414 1131 1451 gas
1152 1402 1283 1439 cultam
1302 1404 1401 1439 vario
1420 1402 1530 1439 modo
1547 1402 1730 1451 variisque

1065 1460 1354 1508 cognominibus.

1120 1526 1186 1564 καὶ
1231 1525 1422 1577 Ἡρακλέα
1471 1525 1538 1565 καὶ
1576 1524 1728 1577 ’'Apsa]

1066 1582 1169 1620 Haec
1187 1584 1312 1620 Ritter.
1329 1584 1532 1621 Erdkuude
1545 1584 1575 1620 ll
1595 1597 1630 1633 p.
1646 1584 1728 1624 838

1066 1639 1114 1674 ad
1147 1640 1304 1690 priscam
1335 1640 1429 1678 illam
1457 1643 1569 1678 refert
1596 1641 1730 1677 famam

1066 1697 1268 1745 antiquitus
1298 1699 1452 1735 maxime
1476 1697 1728 1747 pervulgatam

1068 1753 1115 1790 de
1142 1766 1230 1802 rege
1259 1755 1420 1802 quodam
1448 1755 1728 1805 sapientissimO,

1069 1810 1131 1859 qui
1178 1823 1289 1847 aurea
1330 1811 1457 1848 vixerit
1502 1816 1645 1857 aetate,
1692 1815 1730 1848 et

1067 1866 1167 1915 apud
1184 1866 1385 1904 Phoenices
1413 1872 1564 1905 vocetur
1586 1867 1729 1904 Malelc-

1069 1926 1214 1970 art-es,
1237 1924 1335 1973 apud
1357 1924 1520 1961 Graecos
1544 1924 1730 1971 Hercules,

1068 1981 1168 2029 apud
1212 1980 1402 2017 Romanos
1448 1980 1580 2027 lilars,
1630 1981 1729 2031 apud

1068 2036 1158 2073 alios
1187 2037 1349 2074 Graecos
1378 2038 1610 2087 Scythasque
1629 2039 1728 2074 Ares.

1067 2094 1190 2142 Atque
1217 2093 1288 2130 alio
1314 2093 1395 2131 loco
1419 2095 1447 2131 ll
1471 2108 1506 2144 p.
1527 2096 1609 2136 793
1628 2095 1729 2132 Mar-

1067 2149 1114 2186 tis
1146 2151 1280 2187 cultum
1310 2151 1359 2187 ad
1379 2151 1560 2200 Calybum
1580 2158 1727 2200 gentem

1067 2211 1105 2243 ct
1134 2207 1251 2257 ipsam
1278 2207 1505 2255 Scythicam,
1537 2207 1643 2244 Ponti
1667 2219 1728 2244 ac-

1066 2262 1181 2300 colam
1231 2268 1267 2300 et
1309 2265 1393 2300 serri
1429 2264 1628 2301 tractandi*
1647 2268 1726 2302 arte

1065 2324 1315 2369 praestantem
1334 2321 1465 2358 refert:
1503 2333 1576 2369 quo
1595 2321 1725 2357 eodem

1064 2375 1180 2413 relata
1198 2376 1283 2422 vult,
1314 2389 1409 2424 qnae
1427 2377 1562 2414 tradita
1581 2381 1726 2413 exstant

1066 2432 1139 2478 lV,
1169 2435 1223 2473 62
1245 2437 1282 2469 et
1303 2433 1402 2482 apud
1419 2433 1598 2470 Ammian.
1622 2433 1725 2470 Mar-

1067 2488 1145 2526 cell.
1163 2489 1307 2535 XXXl,
1338 2492 1363 2529 2
1389 2502 1424 2539 p.
1450 2491 1530 2530 673
1552 2490 1598 2526 de
1619 2490 1726 2526 Hun-

1066 2546 1122 2581 nis
1144 2545 1303 2582 Martem
1332 2546 1397 2581 sub
1417 2547 1514 2583 ensis
1534 2546 1570 2582 in
1590 2551 1724 2584 terram

1066 2602 1126 2638 fixi
1144 2602 1264 2651 specie
1283 2601 1495 2639 colentibus.

1122 2655 1371 2708 νενομίκασι]
1403 2659 1464 2696 Sic
1486 2660 1579 2696 infra
1602 2655 1725 2709 νηούς

1069 2709 1118 2754 ου’
1167 2715 1441 2763 νομίζουσι
1480 2713 1632 2754 ποιέειν
1666 2720 1723 2754 et:

1066 2767 1192 2823 τούτῳ
1224 2768 1265 2809 δὲ
1299 2772 1514 2821 νομίζουσι.
1568 2773 1626 2810 Cf.
1658 2771 1722 2818 1V,

1066 2830 1120 2870 63
1142 2833 1178 2864 et
1195 2833 1284 2864 nott.
1303 2828 1350 2866 ad
1370 2828 1397 2875 l,
1420 2831 1510 2870 131.
1540 2829 1629 2867 Mox
1641 2841 1722 2866 cum

1065 2884 1267 2934 Schweigh.
1289 2890 1326 2922 et
1346 2885 1463 2923 Gaisf.
1493 2887 1627 2924 inserui
1655 2900 1722 2923 κα-
