1904 3304
609 247 957 289 THALlA.
1018 248 1079 287 111.

1424 251 1480 291 93

206 365 312 404 σθαι
330 357 646 415 ἀπειρημένου,
677 357 783 402 ἀλλὰ
803 358 1121 413 διακαρτερέων
1141 356 1188 400 ἐν
1208 362 1307 414 τῇσι
1326 363 1478 416 στοῇσι

176 437 198 470 2
211 429 490 474 ἐκαλινδέετο.

549 430 729 486 τετάρτῃ
758 428 801 473 δ’
837 428 973 487 ἡμέρῃ
1008 430 1114 472 ἰδών
1143 446 1219 486 μιν
1250 429 1273 472 ὁ
1296 432 1480 485 Περίαν·

205 503 309 554 δρος
340 500 568 558 ἀλουσίῃσί
601 518 643 544 τε
674 502 745 544 καὶ
786 499 974 558 ἀσιτίῃσι
1015 501 1379 555 συμπεπτωκότα,
1421 503 1480 544 οἴ-

205 589 341 625 κτειρε
354 587 362 596 ·

415 570 538 622 ὑπεὶς
571 573 614 615 δὲ
644 577 719 628 τῆς
752 572 900 628 ὀργῆς,
940 572 1005 628 ἤϊε
1037 567 1194 624 ἆσσον,
1235 573 1308 616 καὶ
1338 573 1477 628 ἔλεγε·

175 639 294 693 3.,ἷΩ,
323 648 423 694 παῖ,
458 643 612 697 κότερα
641 644 812 687 τούτων
835 642 1094 698 αἵρετώτερά
1123 643 1232 696 ἐστι,
1264 648 1400 686 ταῦτα
1428 643 1536 687 τὰὸο

203 717 289 757 νῦν
320 714 427 769 ἔχων
456 715 685 770 πρήσσεις,
716 714 744 771 ἢ
773 715 852 771 τὴν
874 718 1117 768 τυραννίδα
1146 716 1219 758 καὶ
1250 713 1396 771 ἀγαθοὶ
1426 714 1479 758 τά

201 789 287 828 νῦν
328 784 410 840 ἐγώ
450 785 554 840 ἔχω,
596 789 754 836 ταῦτα,
797 785 927 828 ἐόντα
967 791 1026 843 τῷ
1069 787 1199 840 πατρὶ
1239 785 1478 843 ἐπιτήδεον,

202 855 584 913 παραλαμβάνειν,
631 856 678 907 ὃς
708 855 792 898 ἐῶν
830 856 930 912 ἐμός
969 873 1012 900 τε
1051 863 1172 910 παῖς,
1212 859 1283 900 καὶ
1319 859 1480 913 Κορίν·

201 934 291 971 θον
321 931 395 983 τῆς
426 928 688 982 εὐδαίμονος
725 929 952 984 βασιλεύς,

1004 927 1168 985 ἀλήτην
1208 931 1308 983 βίον
1352 932 1475 982 εἵλευ,
1491 936 1535 970 55

202 997 489 1042 ἀντιστατέων
526 1015 569 1041 τε
607 999 680 1041 καὶ
719 997 830 1056 ὀργῇ
859 999 1103 1055 χρεώμενος
1135 999 1176 1050 ἐς
1203 998 1282 1043 τόν
1313 1013 1358 1044 σε
1388 1001 1479 1057 ἥκι-

172 1074 194 1110 4
208 1083 285 1113 στα
315 1070 456 1125 ἐχρῆν.

515 1071 550 1112 εἰ
586 1068 670 1125 γάρ
708 1088 772 1122 τις
810 1071 1015 1127 συμφορή
1048 1071 1094 1115 ἐν
1129 1070 1301 1115 αὐτοῖσι
1331 1071 1479 1127 ἐγεγό-

199 1157 290 1193 νεε,
331 1141 373 1194 ἐξ
402 1136 453 1196 ἧς
482 1141 678 1198 ὑποψίην
710 1143 752 1194 ἐς
783 1143 853 1196 ἐμὲ
884 1144 1013 1198 ἔχεις·

1063 1143 1156 1198 ἐμοί
1185 1160 1228 1186 τε
1260 1143 1370 1200 αὕτη
1399 1144 1477 1199 γέ-

201 1228 325 1268 γονε,
369 1213 442 1255 καὶ
480 1212 561 1268 ἐγώ
604 1212 737 1269 αὐτῆς
774 1214 822 1258 τὸ
861 1219 996 1257 πλεῦν
1031 1213 1210 1271 μέτοχός
1240 1216 1344 1270 εἰμι,
1389 1214 1478 1273 ὅσῳ

173 1282 338 1334 5αύτός
369 1294 451 1338 σφε
480 1283 786 1341 ἐξεργασάμην.

206 1411 416 1470 αλουσίησί
450 1429 490 1453 τε
528 1430 595 1453 και
636 1410 809 1480 ασιτίησι

149 1457 476 1522 συμπεπτωκότα]
512 1472 533 1508 i.
557 1486 588 1509 e.
612 1475 674 1521 qui
695 1473 732 1508 ob
754 1485 810 1508 zn-

139 1528 341 1579 sortnmum
361 1542 422 1568 uec
447 1528 614 1575 lamens,
639 1543 700 1565 nec
724 1530 810 1565 c'szs

145 1589 324 1631 uteretur,
375 1598 402 1621 s.
443 1586 564 1621 illuvie
605 1589 639 1622 et
688 1586 809 1622 inedia

144 1643 235 1678 male
260 1642 449 1689 affectum,
481 1649 520 1678 ut
549 1643 810 1692 interpret-atur

146 1699 351 1748 Schweigh.
383 1700 622 1749 συμπίπτειν
655 1699 808 1735 incidere

145 1756 290 1805 quidem
314 1755 433 1802 valet,
464 1757 530 1793 sed
550 1769 623 1792 non
648 1757 725 1793 sine
743 1757 810 1792 do-

144 1812 230 1849 loris
253 1816 289 1849 et
311 1812 465 1849 affectus
487 1813 672 1849 cuiusdam
697 1813 809 1860 signi-

145 1868 315 1905 ficatione
332 1869 468 1905 addita.
502 1869 610 1905 Conf.
638 1869 809 1917 NVytten-

147 1924 251 1960 bach.
278 1925 325 1961 ad
348 1924 489 1961 Platon.
513 1926 700 1962 Phiedon.
721 1938 807 1975 pag.

148 1982 241 2019 206.
288 1981 347 2016 Ad
381 1982 490 2017 verba
519 1980 634 2027 υπεὶς
665 1979 706 2019 δὲ
739 1996 809 2031 της

149 2030 273 2086 ὀργῆς
300 2037 394 2072 conf.
423 2036 554 2074 Matth.
590 2038 653 2074 Gr.
677 2038 740 2074 Gr.
773 2036 810 2088 5.

148 2094 229 2133 338
248 2106 331 2141 μθ(
354 2092 448 2132 646.

205 2146 321 2188 ἐόντα
351 2151 406 2187 τό
431 2147 549 2200 πατρὶ
582 2144 808 2200 ἐπιτήδεον]

146 2203 206 2241 Ad
246 2205 357 2242 filium
394 2207 572 2255 pertinet,
626 2207 696 2243 hoc
734 2209 809 2243 sere

148 2274 277 2299 sensu:
326 2275 401 2298 cum
424 2266 461 2299 tu
481 2265 603 2312 patri,
633 2276 660 2299 s.
689 2265 810 2313 patris

148 2320 282 2364 animo,
318 2322 349 2355 te
381 2321 621 2356 accommodes.
654 2342 709 2346 —
748 2319 808 2356 Ad

145 2375 258 2411 verba
286 2377 498 2425 Κορίνθου
532 2379 602 2427 τῆς
634 2371 810 2415 εὐδαί-

149 2446 302 2481 μονος
333 2434 468 2470 confer.
500 2434 705 2479 Homerus,
747 2434 808 2482 qui

149 2483 319 2534 ἀφνειὸν
350 2490 440 2526 dixit
463 2490 678 2527 Corinthum
701 2489 739 2526 Il.
761 2490 806 2536 ll,

151 2545 250 2590 570,
292 2550 330 2581 et
353 2545 552 2592 Pindarus,
587 2549 648 2595 qui
671 2543 807 2597 ὀλβίαν

148 2601 371 2648 praedicavit
400 2602 591 2653 (Olympp.
614 2603 712 2650 ΧΙΙΙ,
748 2602 807 2651 4).

148 2656 247 2692 Add.
269 2657 475 2706 Thucydid.
508 2660 541 2706 l,
574 2662 623 2700 13
648 2665 685 2697 et
712 2672 808 2708 quae

149 2710 219 2746 alia
239 2717 399 2751 veterum
427 2717 635 2752 testimonia
663 2716 808 2765 collegit

150 2766 326 2816 Wagner.
356 2770 394 2806 in
421 2772 577 2821 Specim.
617 2785 704 2809 rerr.
734 2773 807 2809 Co-

149 2824 256 2860 rinth.
285 2837 372 2874 pag.
396 2830 428 2866 1.
477 2827 537 2865 Ad
563 2829 674 2866 verba
706 2824 808 2884 ὀργῆ

148 2877 369 2931 χρεώμενος
390 2884 484 2920 conf.
511 2884 538 2931 1,
558 2887 622 2925 88.

847 1284 901 1327 σύ
927 1285 973 1328 δὲ
997 1285 1154 1342 μαθών
1179 1286 1269 1347 ὅσῳ
1293 1287 1474 1342 φθονέε-
1489 1294 1534 1328 60

925 1413 968 1454 ἐν
988 1410 1143 1454 αὐτοῖσι
1162 1412 1350 1468 ἐγεγόνεε]
1384 1415 1427 1456 ἐν
1451 1412 1533 1455 αὕ-

867 1474 969 1510 τοῖσι
999 1473 1202 1522 Schweigh.
1235 1475 1365 1525 accipit
1392 1487 1459 1524 pro
1491 1473 1534 1513 ἐν

868 1526 1062 1574 ἑαυτοῖσι,
1114 1531 1162 1567 de
1202 1532 1319 1580 prima
1360 1543 1533 1581 persona,

867 1589 905 1621 ut
924 1585 985 1630 lv,
1015 1588 1079 1626 97.
1122 1586 1304 1635 Equidem
1331 1587 1452 1624 malim
1476 1588 1533 1625 in-

866 1642 1031 1691 telligere
1060 1639 1268 1694 πρήγμασι
1288 1657 1317 1681 s.
1344 1641 1530 1695 συμπτώ-

866 1711 961 1748 μασι
986 1713 1066 1736 cum
1088 1701 1229 1747 Corae,
1270 1701 1352 1750 qui,
1392 1702 1421 1737 si
1442 1702 1532 1751 quid

866 1757 1103 1803 mutandum,
1143 1755 1216 1806 legi
1239 1758 1375 1795 mavult
1396 1756 1438 1796 ἐν
1460 1753 1533 1796 αὕ-

865 1814 915 1866 τῇ
935 1828 997 1851 σοι
1017 1814 1105 1859 (tibi
1123 1814 1162 1849 ob
1186 1827 1260 1850 eam
1281 1828 1330 1851 sc.
1351 1817 1531 1863 matrem),

866 1870 966 1917 quod
986 1872 1115 1907 merito
1137 1871 1320 1920 displicuit
1335 1870 1529 1909 Larchero.

865 1925 946 1962 Nec
966 1927 1082 1975 magis
1107 1929 1366 1974 necessarium,
1399 1929 1530 1966 eodem

869 1983 987 2020 Corae
1007 1989 1177 2029 auctore,
1224 1998 1291 2034 pro
1331 2000 1374 2024 το
1405 1987 1530 2024 πλεῦν

867 2051 1048 2089 reponere
1067 2034 1170 2105 τόσς)
1193 2044 1328 2079 πλεῦν.

928 2091 1008 2147 ὅσῳ
1053 2091 1174 2142 αὐτός
1213 2109 1288 2145 σφε
1323 2096 1421 2148 ἐξερ)
1425 2093 1530 2136 ασοῖ-

869 2151 964 2201 μην]
1009 2153 1029 2188 i
1054 2166 1086 2190 e.
1113 2165 1177 2201 quo
1205 2166 1322 2202 mages
1352 2156 1424 2203 ipse
1454 2168 1530 2191 eam

868 2207 1036 2257 interfeci.
1069 2205 1345 2260 ἐξεργάζεσθαι
1364 2224 1439 2248 non
1458 2211 1528 2248 alio

867 2277 975 2301 sensu
994 2279 1036 2302 ac
1060 2278 1171 2314 supra
1187 2267 1251 2313 Ill,
1273 2269 1336 2306 80.
1359 2269 1424 2307 31.
1453 2281 1529 2315 σφε

865 2335 931 2371 pru
953 2317 1081 2371 αὐτήν
1103 2324 1171 2369 (sc.
1193 2324 1359 2371 matrem)
1378 2325 1527 2374 accipin.

866 2378 948 2414 vid.
970 2379 1104 2416 Matth.
1133 2377 1275 2430 §.147
1297 2387 1373 2417 not.
1396 2382 1420 2421 8
1439 2394 1526 2431 pag.

866 2438 948 2476 276
992 2435 1182 2473 Letronne
1202 2438 1237 2473 in
1255 2437 1384 2473 Journ.
1405 2438 1441 2474 d.
1458 2438 1528 2475 Sa-

864 2504 952 2527 xans
978 2493 1084 2532 1817
1107 2506 1192 2542 pag.
1214 2494 1279 2534 98.
1320 2494 1527 2544 Utrumque

863 2548 997 2597 probat
1019 2548 1128 2585 ltalus
1151 2550 1344 2598 interpres,

924 2600 971 2642 σύ
1002 2602 1044 2643 δὲ
1076 2603 1223 2655 μαθών
1250 2603 1327 2659 ὅσῳ
1355 2604 1525 2655 φθονέε-

867 2664 964 2699 σθαι
987 2676 1021 2699 z.
1044 2677 1072 2699 τ.
1098 2663 1145 2712 λ.]
1189 2663 1337 2699 Pindari
1368 2668 1423 2700 est
1442 2676 1526 2700 sen-

864 2719 981 2754 tentia
1004 2718 1040 2754 in
1068 2719 1175 2768 Pyth.
1204 2720 1238 2765 I,
1280 2721 1359 2760 164
1394 2719 1524 2769 (85)ῑ

862 2772 1038 2823 κρέσσων
1090 2775 1303 2825 οἰκτιρμῶν
1351 2772 1522 2825 φθόνος,

863 2831 924 2867 ubi
947 2832 1041 2868 conf.
1062 2831 1223 2869 Boeckh.
1258 2836 1296 2869 et
1323 2832 1459 2869 lacobs.
1486 2832 1523 2868 in

862 2886 1020 2925 Delectt.
1041 2887 1169 2938 Epigr.
1189 2901 1225 2939 p.
1246 2887 1340 2929 255.
1377 2887 1524 2924 Exscri-
