1904 3304
314 236 399 276 364
714 233 1185 272 HERODO'sl

193 347 258 390 43
318 343 434 387 οὕτω
476 345 555 399 μὲν
598 343 709 398 αὕτη
760 341 961 397 ἐγνώσθη
1008 341 1056 385 τὸ
1102 346 1289 396 πρῶτον.
1356 342 1479 385 [Ἀετοὶ
1522 341 1586 388 δὲ,

0 409 261 493 f-:ffi‘fwfiwssgj
321 413 617 471 Καρχηδόνιοί
649 415 730 457 εἰσι
761 415 804 456 οἷ
832 413 1041 467 λέγοντες.
1100 413 1192 456 ἐπεὶ
1221 413 1456 468 Σατάσπης
1484 428 1532 468 γε
1564 411 1587 454 ὁ

0 478 261 551 Ἓῐζῆἑωξίε,
324 485 559 535 Τεάσπιος,
611 484 722 539 ἁνήρ
758 482 1068 539 Ἀχαιμενίδης,
1118 484 1174 527 ου’
1212 487 1474 538 περιέπλωσε
1515 487 1643 526 Λι-9-’5

321 556 459 612 βύην,
489 555 556 598 ἐπ’
588 553 696 598 αὐτὸ
726 558 858 597 τοῦτο
890 555 1125 608 πεμφθείς·
1167 554 1275 598 α’λλοὶ
1295 558 1438 606 ὁείσας
1467 554 1516 597 τό
1544 570 1588 596 τε
1652 559 1733 598 299

320 632 458 683 μῆκος
489 629 569 669 τοῦ
599 624 741 669 πλόου
771 625 843 668 καὶ
873 624 952 680 τὴν
982 624 1185 682 ἐρημίην,
1238 625 1405 681 ἀπῆλθε
1437 624 1587 674 ὀπίσω,

3 545 118 572 eiussa
127 566 136 580 ‚
163 545 260 579 persc-

3 583 34 606 ta
52 583 186 606 uon.est

322 697 423 741 οὐδ’
473 696 686 740 ἐπετέλεσε
723 698 803 740 τὸν
849 696 1021 750 ἐπέταξε
1064 699 1108 741 οἱ
1151 697 1178 753 ἡ
1227 697 1366 754 μήτηρ
1412 695 1586 739 ἄεθλον.

265 892 339 929 nel.
373 892 395 927 l.
423 889 446 926 l.
484 902 570 940 pag.
610 891 704 930 383.
764 888 925 926 Heercn.

265 948 377 985 ldeen
400 948 427 993 l,
449 949 475 987 2
492 960 526 997 p.
551 950 617 987 81.
657 946 807 983 Dureau
827 947 874 983 de
891 945 926 982 la

264 1003 377 1042 Malle
396 1005 416 1040 Ι.
439 1003 460 1041 Ι.
481 1016 568 1054 plg·
587 1004 653 1043 70.
704 1002 820 1039 Koes.
851 1002 872 1038 l.
902 1002 925 1039 Ι.

264 1074 350 1112 pag.
374 1062 437 1099 26.

324 1113 428 1155 ου’τω
448 1113 519 1166 μὲν
542 1111 642 1165 αὕτη
669 1109 856 1166 ἔγνωσθη
881 1128 923 1153 το

266 1172 439 1224 πρῶτον]
483 1172 541 1208 Ad
570 1184 665 1220 quae
686 1176 810 1208 mente
839 1184 926 1220 sup-

266 1231 358 1281 pleri
381 1229 455 1265 vult
473 1228 662 1265 Larchem
691 1227 927 1278 περίρᾇτος

267 1287 414 1333 ἐου,σα
445 1281 550 1335 πλην
569 1280 664 1323 όσον
683 1279 809 1333 αὕτης
827 1298 928 1332 προς

265 1358 338 1392 την
354 1338 488 1389 Ἀσίην
508 1336 679 1392 ον’ρίζει,
701 1354 780 1377 cum
795 1352 838 1377 ea
852 1340 928 1376 He-

265 1400 384 1437 rodoti
406 1399 454 1435 sit
471 1398 670 1444 sententia,
702 1402 743 1434 ut
760 1401 835 1433 tum
853 1396 929 1446 pri—

264 1469 362 1494 mum
383 1456 567 1504 cognitum
589 1454 719 1500 fuerit,
752 1454 846 1490 hanc
869 1466 929 1488 or-

265 1514 320 1550 bis
351 1517 526 1549 terrarum
554 1514 694 1561 partem
719 1523 749 1546 s.
770 1510 927 1558 Libyam

265 1570 354 1607 mari
376 1581 455 1606 esse
473 1569 641 1614 cinctam,
667 1567 736 1603 nisi
757 1567 829 1616 qua
846 1578 927 1602 cum

265 1626 352 1663 Asia
374 1625 581 1663 cohaereat.

461 1714 492 1751 c
507 1728 527 1750 a
537 1727 573 1764 p.
603 1712 737 1750 me.

327 1790 443 1831 Mete?
456 1790 496 1832 δὲ
510 1787 780 1843 Καρχηδόνιοι
793 1808 826 1831 κ.
839 1808 867 1830 τ.
878 1790 926 1843 λ.]

264 1850 426 1899 „Postea
455 1850 558 1900 (post
587 1849 682 1886 illam
704 1850 926 1887 Phoenicum

264 1908 562 1956 navigationem)
612 1906 928 1955 Carthaginienses

266 1965 414 2007 dz'cunt;
445 1963 581 2001 scilicet
594 1965 793 2011 cognovisse
807 1976 842 2000 se
858 1964 928 1999 cir-

264 2021 455 2071 cumfluam
496 2033 565 2057 esse
602 2020 790 2069 Africam:
844 2032 928 2056 nam

264 2078 353 2125 (hoc
377 2090 442 2114 suo
466 2078 639 2123 nomine,
669 2090 744 2114 non
766 2077 926 2114 Cartha-

262 2134 480 2184 giniensium
513 2134 656 2182 verbis,
697 2133 821 2170 adiicit
849 2134 928 2170 He-

263 2189 444 2239 rodotus)
482 2189 656 2240 Sataspes
688 2190 827 2239 quidem
856 2203 926 2226 non

265 2249 587 2295 circumnavigavc't
638 2246 821 2296 Africam,
876 2247 927 2283 acl

266 2304 329 2340 leoc
349 2303 429 2340 licet
455 2305 630 2340 missus.“
662 2304 880 2351 Schweig
892 2303 924 2339 Ιι.

265 2361 387 2404 Quem
417 2360 492 2396 iure
525 2360 687 2409 sequitur
705 2360 799 2396 Miot
820 2360 927 2396 item-

266 2429 338 2466 que
360 2415 470 2452 ltalus
492 2417 685 2466 interpres.
731 2416 929 2463 Carthagi-

266 2473 412 2510 nienses
443 2485 521 2509 cum
547 2472 739 2521 aliquoties
770 2470 842 2521 (cf.
867 2472 927 2519 lv,

271 2531 362 2570 196.
392 2528 475 2574 vll,
501 2526 596 2579 167)
625 2530 779 2566 citentur
802 2540 929 2565 narra-

268 2586 377 2622 tionis
417 2589 607 2631 auctores,
660 2584 785 2633 quaeri
821 2597 928 2622 sane-

268 2655 376 2692 quam
402 2643 558 2692 poterit,
600 2655 686 2679 num
712 2642 827 2691 ipsam
850 2641 929 2678 No-

268 2703 343 2736 ster
362 2698 492 2736 adierit
510 2699 791 2747 Carthaginem,
822 2711 928 2747 prac-

269 2756 393 2794 sertim
415 2769 495 2793 cum
515 2755 674 2804 aliquam
694 2758 793 2792 certe
814 2754 927 2802 Lib)-

271 2825 334 2850 cac
359 2825 445 2850 orae
466 2816 606 2862 partem
626 2812 761 2849 viserit.
800 2810 848 2848 At
870 2812 928 2848 xix

272 2882 352 2907 eum
369 2861 417 2906 ad
428 2869 692 2918 Carthaginem
716 2881 832 2919 usque
844 2880 927 2919 per-

983 890 1129 928 venisse
1162 889 1334 927 credibile
1373 892 1455 935 est,
1501 889 1550 924 ita
1589 890 1644 932 ut,

982 960 1077 995 quae
1099 946 1465 994 Carthaginiensibus
1493 955 1644 981 narran-

983 1008 1040 1039 tur
1061 1004 1268 1040 auctoribus
1282 1031 1292 1048 ,
1324 1016 1345 1039 a
1364 1003 1484 1039 nautis
1506 1012 1645 1038 merca-

982 1060 1199 1108 toribusque
1264 1057 1644 1107 Carthaginiensibus,

981 1128 1073 1164 quos
1092 1117 1168 1153 sive
1190 1118 1226 1152 in
1239 1115 1410 1164 Aegypto
1432 1116 1508 1151 sive
1526 1115 1561 1150 in
1581 1112 1644 1149 Li-

984 1173 1078 1220 byae
1100 1185 1176 1219 ora,
1208 1173 1284 1209 sive
1304 1172 1374 1208 alio
1393 1185 1467 1220 quo
1489 1171 1568 1207 loco
1587 1169 1644 1205 of-

982 1228 1163 1276 fenderit,
1200 1228 1339 1266 Noster
1361 1228 1544 1277 accepisse
1573 1239 1646 1275 pu—

983 1285 1119 1321 tandus
1145 1285 1201 1321 sit.
1249 1285 1307 1322 Cf.
1328 1283 1546 1321 Dahlmann.
1567 1282 1647 1319 He-

984 1341 1101 1377 rodot.
1128 1354 1213 1391 pag.
1234 1343 1284 1381 71
1308 1353 1385 1388 seq.
1432 1341 1560 1388 Heyse
1579 1338 1602 1375 l.
1623 1337 1644 1374 Ι.

984 1411 1069 1448 pag.
1107 1401 1184 1437 117
1221 1396 1299 1435 coll.
1334 1397 1426 1437 115.
1485 1396 1645 1433 Heeren.

985 1455 1110 1491 ldeen.
1138 1454 1174 1500 Ι,
1209 1457 1235 1494 2
1265 1466 1350 1504 pag.
1381 1455 1406 1492 2
1437 1465 1515 1501 seq.
1551 1451 1645 1498 195,

985 1511 1047 1560 qui
1076 1523 1314 1559 quaecuuque
1345 1510 1392 1546 de
1423 1510 1545 1546 Africa
1566 1508 1646 1545 He-

983 1567 1134 1603 rodotus
1154 1567 1338 1611 retulerit,
1360 1578 1404 1602 ea
1422 1567 1458 1602 iu
1472 1564 1645 1614 Aegypto

984 1623 1084 1660 illurn
1106 1623 1174 1660 sibi
1194 1622 1384 1671 collegisse
1407 1621 1608 1659 contendit.

1043 1675 1203 1730 α’πῆλθε
1236 1675 1377 1728 ὀπίσω]
1428 1679 1536 1715 Conf.
1583 1677 1646 1725 ΙΙΙ,

990 1739 1039 1776 16
1061 1737 1148 1786 ibiq.
1172 1741 1265 1774 nott.
1295 1735 1352 1772 De
1370 1735 1534 1785 Zopyro,
1565 1733 1646 1772 Mc-

985 1794 1118 1842 gabyzi
1153 1793 1248 1840 filio,
1301 1792 1395 1828 cons.
1436 1792 1507 1838 ill,
1553 1793 1645 1831 160.

984 1850 1074 1886 Mox
1109 1850 1236 1900 scripsi
1268 1844 1456 1899 ἐβιήσατο
1492 1845 1645 1898 παρθέ-

985 1921 1058 1946 νον
1085 1919 1153 1957 pro
1192 1904 1403 1957 παρθένον
1443 1900 1645 1955 ἐβιήσατο,

984 1963 1164 2014 probante
1177 1975 1326 2012 quoque
1342 1974 1493 1999 censore
1502 1961 1646 1998 lenensi

989 2022 1095 2061 1817
1132 2032 1186 2056 nr.
1219 2021 1297 2059 163
1327 2031 1413 2069 pag.
1444 2018 1538 2058 364.
1586 2016 1646 2055 Ad

984 2076 1292 2125 significationem
1322 2075 1424 2113 verbi
1459 2069 1645 2125 ἐβιήσατο

985 2138 1129 2183 spectat
1168 2132 1361 2181 Phrynichi
1406 2135 1645 2182 praeceptum

983 2202 1071 2240 pag.
1104 2191 1157 2229 70
1191 2189 1381 2226 Lobecka
1441 2188 1646 2254 βεβίασται

984 2244 1012 2295 ή
1059 2241 1160 2297 κόρη
1210 2243 1388 2291 λεκτέον,
1450 2239 1532 2282 ἀλλ’
1573 2238 1646 2293 οὔχ

986 2314 1115 2354 ωσπερ
1165 2299 1268 2347 τινὲς
1315 2303 1394 2339 τῶν
1453 2295 1645 2350 ῥητόρων,

985 2358 1198 2410 ἔφθαρται.
1231 2359 1338 2396 Conf.
1349 2357 1484 2394 Moeris
1499 2370 1535 2406 p
1554 2358 1644 2396 103.

985 2418 1066 2457 389
1091 2422 1127 2453 et
1142 2415 1280 2453 Aelian.
1333 2414 1432 2450 Hist.
1466 2412 1535 2450 Au.
1564 2413 1596 2448 Y
1602 2413 1646 2460 ΙΙ,

989 2473 1052 2512 19.
1083 2495 1128 2499 —
1164 2472 1223 2508 Ad
1260 2465 1645 2509 ἀνασκολοπιεῖσθαι

984 2528 1079 2567 conf.
1104 2532 1196 2566 nott.
1220 2528 1267 2564 ad
1288 2527 1352 2574 ΙΙΙ,
1379 2527 1469 2566 132.
1490 2548 1545 2554 -
1576 2527 1645 2576 βα-

986 2583 1113 2632 σιλέος
1134 2598 1214 2621 cum
1232 2584 1349 2620 Gaisf.
1375 2583 1460 2620 dedi
1485 2596 1552 2634 pro
1572 2584 1644 2634 βα-

984 2644 1133 2691 σιλῆος,
1165 2642 1328 2689 itemque
1348 2640 1478 2676 retinui
1500 2655 1646 2691 παραι-

984 2693 1153 2749 τήσατο,
1185 2697 1247 2734 ubi
1267 2696 1350 2732 olim
1375 2693 1644 2750 παρῃτήσατο.

985 2755 1094 2792 Conf.
1113 2755 1232 2791 Koen.
1255 2754 1301 2789 ad
1317 2753 1473 2802 Gregor.
1492 2756 1579 2793 Cor.
1597 2755 1645 2791 de

984 2811 1067 2848 dial.
1087 2812 1164 2848 lon.
1184 2809 1221 2860 ᾗ.
1244 2812 1296 2850 23
1318 2823 1354 2859 p.
1383 2809 1465 2850 407
1488 2816 1524 2850 et
1553 2814 1644 2848 nott.

986 2868 1033 2904 ‘ul
1061 2867 1201 2905 Herod.
1225 2866 1294 2912 ΙΙΙ,
1328 2868 1417 2908 132.
