1904 3304
439 219 524 258 39⁰

845 216 1322 256 HERODOTI

414 325 487 378 4ἐς
517 327 787 382 ταρίχευσιν,
821 325 927 367 ἄλλα
946 340 990 368 τε
1015 324 1152 368 πολλοὶ
1173 324 1409 382 θωυμάσαι
1429 327 1537 378 ἄξια.
1567 326 1765 382 Μέχρι90

441 397 522 453 μέν
551 413 636 441 νυν
667 396 837 451 Γὲῤῥου
867 394 1039 451 χώρου,
1089 395 1131 447 ἐς
1160 396 1239 440 τὸν
1266 397 1581 453 τεσσεράκοντα
1610 397 1711 454 ἡμε-

446 469 558 523 ρέων
603 468 739 519 πλόος
785 467 901 519 ἐστὶ,
965 465 1223 522 γινώσκεται
1277 469 1389 522 ῥέων
1436 467 1520 512 ἀπὸ
1569 467 1709 524 βορέω

386 598 456 635 hoc
473 598 624 648 piscium
646 609 763 646 genus
777 625 788 643 ,
827 609 921 646 quos
943 607 1050 632 voca-

387 666 466 691 mus
490 654 588 691 Stor.
648 654 762 690 Cuius
786 653 896 704 piscis
925 653 962 689 in
983 654 1052 688 ssu-

387 711 453 747 viis
474 710 593 747 Ponto
617 709 762 747 Euxino
795 722 836 748 se
865 709 1051 747 miscenti-

387 767 454 804 bus
494 767 780 816 frequentissimi
820 779 908 812 ova,
955 778 1052 802 nunc

387 823 533 872 cognita
553 824 619 861 sub
642 823 790 861 nomine
811 822 967 869 cavam,
1005 821 1051 858 ab

387 879 517 916 accolis
529 879 658 917 horum
669 881 857 917 fluviorum
868 880 1052 928 hodieque

388 935 540 973 multum
563 937 703 987 gustari
716 937 929 987 accepimus.
967 935 1052 973 Mo-

389 993 468 1030 nuit
505 993 621 1037 Mi0t‚
678 993 808 1030 Gallus
849 994 1051 1042 interpre83

390 1062 464 1098 quo
493 1050 626 1087 eodem
659 1053 833 1087 monente
861 1049 918 1086 hic
943 1048 1050 1098 piscis

389 1117 478 1142 sane
541 1107 776 1154 cartilagines
835 1106 1050 1143 tenerrimas

390 1161 544 1211 praebet
588 1160 749 1199 nullasve
788 1162 865 1199 sere
916 1161 1053 1212 spinas,

389 1217 499 1268 plane
513 1222 551 1254 ut
560 1218 774 1255 Herodotus
790 1217 914 1254 tradit.
944 1217 1053 1254 Hunc

390 1274 554 1322 sequitur
596 1274 707 1311 Italus
750 1274 955 1324 interpres,
1005 1274 1054 1310 de

389 1342 479 1367 voce
517 1331 743 1382 ταρίχευσιν
782 1343 930 1380 quoque
973 1342 1054 1366 mo-

390 1398 503 1433 nens,
533 1388 606 1437 qua
632 1400 705 1424 non
725 1386 842 1424 solum
862 1386 1055 1424 conditura

390 1442 564 1493 piscium,
612 1456 710 1493 quae
749 1443 824 1481 sale
868 1444 931 1491 fit,
987 1442 1055 1480 sed

392 1499 505 1536 etiam
562 1500 757 1538 exsiccatio
809 1500 1055 1549 significetur:

391 1556 489 1592 unde
539 1556 576 1593 in
628 1557 842 1594 condiendis
900 1555 1054 1592 mortuis

391 1611 490 1661 apud
519 1612 725 1663 Aegyptios
759 1608 979 1663 ταριχεύειν
1009 1611 1054 1657 ll,

392 1669 445 1708 86
470 1667 548 1704 coll·
570 1669 633 1716 lX,
656 1671 746 1710 120.
788 1666 954 1720 Τάριχος
969 1662 1056 1706 Ἀν-

391 1727 555 1762 τακαῐον
607 1724 662 1762 bis
713 1727 905 1763 memorari
954 1724 1056 1774 apud

391 1780 524 1817 Athen.
548 1780 597 1817 lll
618 1794 653 1832 p.
680 1783 759 1822 118
779 1781 825 1819 D.
848 1786 954 1818 notat
970 1780 1057 1817 Val-

392 1837 499 1874 cken.
532 1859 587 1864 --
618 1833 838 1888 θωυμάσαι
874 1838 930 1875 hic
962 1837 1058 1874 inta-

392 1898 488 1930 ctum
506 1893 651 1943 reliquit
664 1895 850 1932 Gaisford.
883 1894 940 1931 Cs.
964 1898 1055 1931 nott.

394 1950 441 1986 ad
466 1950 528 1996 lv,
551 1952 620 1991 28.

451 2004 490 2052 ἐς
528 2003 595 2044 τὸν
636 2003 925 2057 τεσσεράκοντα
963 2003 1055 2057 ἦμε-

393 2059 496 2112 ρέων
514 2058 634 2109 πλόος
658 2061 752 2113 ἐστὶ]
786 2064 918 2101 Strabo
933 2063 999 2099 Vll
1019 2077 1056 2114 p.

391 2121 474 2160 306
499 2132 528 2155 S.
547 2133 583 2170 p.
602 2119 685 2160 470
703 2118 744 2155 A.
757 2149 769 2165 ,
799 2133 864 2170 per
885 2125 1057 2158 sexcenta

393 2176 512 2212 stadia
534 2176 778 2225 navigabilem
803 2190 884 2215 esse
906 2177 1056 2214 fiuvium

392 2233 593 2269 contendit.
636 2233 895 2282 Quadraginta
915 2234 1057 2271 dierum

393 2288 664 2337 navigationem
702 2291 863 2339 produnt
890 2294 928 2327 et
956 2289 1058 2327 Mela

395 2344 415 2380 Ι.
444 2344 468 2380 l.
503 2349 538 2381 et
560 2345 740 2394 Scymnus
771 2346 886 2383 Chius
917 2347 958 2382 fr.
989 2349 1055 2386 70.

394 2400 508 2443 Quod
547 2413 628 2438 cum
671 2402 820 2438 nimium
859 2402 1055 2448 videretur,

393 2455 554 2506 pluribus
575 2457 659 2493 viris
683 2458 799 2495 doctis
821 2457 906 2495 olim
928 2459 1057 2496 rescri-

396 2513 482 2550 bere
525 2513 662 2562 placuit
710 2515 1057 2565 τεσσερεσκαίδεκα

394 2572 480 2619 (pro
492 2566 799 2620 τεσσεράκοντα)
811 2572 922 2620 idque
939 2572 1056 2621 ipsum

393 2627 429 2662 in
464 2630 602 2663 textum
635 2627 777 2677 recepit
799 2628 903 2664 Reiz.
935 2630 1055 2676 (cuius

393 2682 464 2719 vid.
488 2682 647 2720 l'raesat.
669 2696 755 2733 pag.
778 2684 907 2732 xxi),
948 2698 1054 2734 quem

394 2739 557 2788 seqnitur
608 2739 811 2785 Matthiae,
874 2741 1056 2790 probante

395 2794 589 2833 LarcherO.
620 2796 701 2833 Nec
723 2798 812 2834 certi
834 2797 923 2846 quid
945 2798 981 2833 in
1001 2798 1055 2834 his

395 2853 635 2901 pronuntiare
646 2854 757 2891 audet
767 2853 1055 2901 Danvill.(Mem.

1105 596 1153 633 de
1173 594 1310 633 l'Acad.
1333 598 1368 634 d.
1390 597 1499 634 Inscr.
1519 596 1659 634 XXXV
1680 609 1766 647 pag.

1107 652 1233 700 577),
1264 654 1359 689 ultra
1390 654 1575 702 octoginta
1594 654 1768 691 leuiarum

1106 709 1361 746 Francicarurn
1380 711 1535 758 spatium
1556 723 1578 747 a
1595 710 1769 747 mariBo-

1108 766 1317 814 rysthenem
1355 766 1519 813 navigari
1558 779 1668 816 posse
1704 779 1769 804 ne·-

1109 834 1214 870 gans,
1232 835 1311 858 cum
1332 822 1590 869 catarrhactae,
1613 835 1766 872 quorum

1109 878 1206 915 nulla
1237 879 1337 929 apud
1356 879 1589 916 Herodotum
1618 880 1770 926 mentio,

1108 936 1379 983 navigationem
1406 936 1621 985 impediant.
1662 935 1771 973 Man-

1108 997 1213 1029 nerto
1240 991 1309 1039 (lV
1331 1005 1366 1041 p.
1389 994 1463 1040 76)
1487 1005 1658 1030 numerus
1685 993 1769 1030 die-

1109 1062 1189 1085 rum
1211 1048 1338 1095 XIV,
1377 1053 1420 1084 ut
1438 1049 1535 1084 iusto
1555 1050 1696 1096 minor,
1719 1049 1770 1085 ita

1109 1104 1186 1142 XL
1228 1105 1366 1141 dierum
1414 1118 1584 1142 numerus
1628 1106 1771 1142 videtur

1109 1162 1250 1198 nimius.
1301 1161 1350 1197 Et
1377 1162 1460 1198 add.
1492 1162 1590 1199 hisee
1606 1162 1769 1199 Heeren.

1109 1218 1223 1255 Ideen
1241 1217 1270 1262 l,
1289 1220 1316 1258 2
1338 1230 1372 1266 p.
1394 1217 1487 1258 275.
1516 1218 1713 1255 Reichard.
1731 1231 1769 1267 p.

1110 1272 1176 1313 45.
1216 1273 1398 1311 Herodoti
1433 1286 1580 1312 causam
1609 1274 1772 1324 suscipit,

1111 1342 1191 1367 cum
1219 1342 1293 1378 quo
1322 1330 1399 1367 sere
1428 1329 1509 1367 loco
1535 1330 1700 1367 Gerrhus
1722 1330 1771 1367 ad

1110 1386 1301 1424 meridiem
1330 1385 1450 1423 delabi
1480 1387 1653 1438 incipiat,
1698 1388 1773 1424 sint

1112 1443 1374 1481 Catarrhactae
1409 1443 1593 1481 veteribus
1623 1444 1772 1481 omnino

1112 1499 1290 1547 incogniti
1308 1499 1654 1550 navigationemque
1665 1513 1773 1551 prae-

1111 1556 1304 1606 pedientes
1317 1568 1328 1601 3
1348 1556 1481 1604 quibus
1495 1557 1676 1607 superatis
1691 1569 1772 1594 cum

1113 1611 1327 1661 navigabilis
1347 1624 1472 1649 rursus
1493 1613 1539 1649 sit
1558 1614 1690 1650 fluvius
1710 1626 1773 1650 us-

1113 1681 1186 1718 que
1214 1668 1262 1704 ad
1289 1668 1417 1705 urbem
1441 1668 1660 1718 Smolensk,
1702 1669 1771 1706 XL

1113 1738 1202 1762 sane
1241 1724 1379 1761 dierum
1429 1725 1559 1763 itinera
1604 1727 1774 1776 adeoque

1113 1783 1216 1832 plura
1240 1781 1415 1828 forsitan,
1454 1782 1483 1818 si
1513 1782 1593 1830 quis
1618 1783 1774 1820 adverso

1113 1838 1261 1875 flumine
1289 1837 1562 1887 proficiscatur,
1612 1839 1774 1876 consumi

1112 1907 1225 1945 posse
1263 1894 1472 1931 arbitratur.
1539 1895 1611 1940 Qui
1650 1900 1783 1934 tamen-

1114 1951 1224 1988 verba
1246 1950 1426 1988 Herodoti
1460 1949 1571 2003 μέχρι
1598 1950 1671 2002 μέν
1698 1966 1775 1991 νυν

1117 2006 1270 2058 Γέρῤου
1299 2001 1427 2058 χώρου
1461 2009 1581 2045 minus
1607 2013 1775 2046 accurate

1115 2064 1165 2101 sic
1192 2063 1373 2100 reddidit:
1422 2065 1509 2111 „bis
1539 2078 1605 2101 zur
1626 2065 1776 2115 Gegend

1115 2120 1175 2157 cles
1191 2120 1397 2166 Gerrlms,“
1436 2127 1476 2159 et
1502 2122 1590 2169 „bis
1618 2136 1685 2159 zur
1705 2123 1775 2159 Ge-

1113 2177 1209 2226 gend
1232 2177 1291 2213 des
1308 2177 1630 2229 Gerrhzwstmsesf‘
1677 2177 1773 2215 Nam

1115 2235 1162 2271 de
1185 2234 1358 2282 regione,
1396 2246 1491 2283 quae
1510 2247 1598 2272 sane
1625 2247 1646 2271 a
1664 2235 1774 2271 ssuvio

1115 2303 1247 2327 nomen
1278 2289 1419 2334 tulerit,
1459 2287 1662 2328 sermonem
1694 2303 1774 2328 esse

1113 2359 1221 2383 nemo
1251 2359 1324 2381 non
1354 2347 1465 2382 videt.
1527 2346 1585 2384 De
1614 2347 1774 2394 Gerrhis,

1114 2402 1327 2451 Scytharum
1352 2408 1483 2450 gente,
1514 2404 1609 2439 cons.
1632 2404 1694 2451 lv,
1719 2407 1769 2444 71

1113 2459 1192 2496 coll.
1226 2458 1287 2504 lv,
1316 2459 1382 2498 56.
1443 2459 1549 2501 Quae
1576 2461 1774 2511 respiciens

1115 2515 1282 2552 Volcker.
1304 2515 1420 2563 Myth.
1443 2516 1581 2565 Geogr.
1604 2517 1671 2568 lp.
1695 2517 1774 2558 174

1115 2571 1294 2619 simulque
1325 2571 1418 2608 bene
1448 2585 1604 2621 memor,
1651 2574 1773 2623 Bory-

1114 2628 1280 2665 sthenem
1310 2628 1419 2663 modo
1448 2641 1564 2677 usque
1595 2631 1642 2667 ad
1667 2631 1775 2680 oppi-

1114 2686 1201 2721 dum
1220 2682 1566 2723 Alexandrowskaia
1583 2687 1775 2736 navigabi-

1114 2741 1183 2779 lem
1213 2753 1294 2777 esse
1326 2741 1366 2788 (a
1385 2754 1458 2789 quo
1485 2743 1565 2792 ipso
1587 2755 1702 2793 usque
1720 2743 1768 2780 ad

1113 2798 1240 2834 urbem
1260 2797 1364 2834 Kiew
1392 2798 1566 2836 tredecim
1584 2799 1770 2838 catarrha-

1114 2859 1195 2892 ctae
1215 2853 1313 2890 ssuvii
1331 2867 1475 2892 cursum
1491 2855 1769 2908 interrumpam,
