1904 3304
482 237 1044 280 MELPOMENE.
1100 238 1165 276 IV.

174 354 354 408 5θὲρος,
394 350 489 395 ὕων
528 349 611 394 οὐκ
649 348 773 393 ἀνίει.

195 426 412 481 γίνονται,
464 425 705 479 τηνικαῦτα
742 421 821 476 μὲν

1374 237 1459 277 335

834 349 1016 406 βρονταί
1049 362 1094 390 τε
1129 362 1238 403 ημος
1267 348 1321 403 τῇ
1350 345 1459 401 ἄλλῃ

861 419 914 464 ου’
952 420 1173 476 γίνονται,
1222 415 1375 471 θέρεος
1413 416 1459 460 δὲ

197 492 485 551 ἀμφιλαφέες·
533 492 590 550 ἦν
629 492 674 536 δὲ
715 496 927 548 χειμῶνος
958 489 1121 546 βροντή
1158 489 1354 546 γένηται,
1403 487 1462 538 ὦς

167 566 322 620 ὅτέρας
371 565 620 620 νενόμισται
672 562 996 620 θωυμάζεσθαι.

1083 561 1141 613 ὥς
1197 560 1243 604 δὲ
1287 559 1360 603 καὶ
1408 558 1519 614 ἦνὲο

196 636 371 692 σεισμὸς
410 636 606 693 γένηται,
647 635 702 692 ἤν
732 652 775 678 τε
804 634 957 688 θέρεος
987 632 1041 689 ἢν
1071 649 1114 676 τε
1143 636 1372 688 χειμῶνος,
1411 629 1459 672 ἐν

167 713 253 766 7τῇ
283 711 490 764 Σκυθικῇ
526 707 652 761 τέρας
680 705 944 761 νενόμισται.
1003 707 1128 748 ἵπποι
1169 704 1213 747 δὲ
1252 701 1461 757 ἀνεχόμε-

192 797 264 825 νοι
302 780 488 837 φέρουσι
527 778 604 822 τὸν
643 782 834 833 χειμῶνα
875 780 1062 827 τοῦτον,
1103 774 1281 831 ἡμίονοι
1313 772 1462 817 δὲκαὶ

194 851 291 897 ὄνοι
321 849 404 894 οὐκ
434 849 662 906 ἀνέχονται
692 847 849 904 ἀρχήν·

910 851 965 903 τῇ
1007 847 1052 890 δὲ
1085 845 1192 903 ἄλλῃ
1223 848 1350 888 ἵπποι
1379 844 1458 900 μὲν

192 923 238 967 ἐν
268 925 420 979 κρυμῷ
460 921 659 972 ἑστεῶτες
697 918 1115 975 ἀποσφακελίζουσι,
1167 915 1264 960 ὄνοι
1303 915 1348 960 δὲ
1386 915 1460 958 καὶ

67 999 133 1043 29
192 992 367 1050 ἡμίονοι
397 991 633 1049 ἀνέχονται.
689 991 843 1036 Δοκέει
867 989 912 1034 δέ
934 1005 1010 1046 μοι
1035 986 1177 1032 καὶτὸ
1205 987 1330 1044 γένος
1359 988 1501 1028 τῶνΞὸ

137 1189 202 1228 Gr.
227 1201 311 1239 pag.
339 1188 420 1229 577
449 1202 528 1226 cum
559 1192 656 1226 certe
688 1201 796 1226 nemo

138 1247 329 1310 quisquam
366 1246 495 1282 dixerit
533 1242 608 1295 τήν
644 1242 797 1295 ώοαίην

140 1317 270 1352 ωοηνς
309 1302 466 1351 ideoque
498 1299 625 1350 moseia
653 1302 688 1338 in
718 1301 798 1338 tali-

140 1359 207 1396 bus
229 1373 361 1423 ,παοαὶ
364 1354 485 1409 ώγως
516 1359 584 1395 dici
615 1358 798 1394 existimat

140 1429 207 1465 pro
230 1411 324 1464 ὦσα.
385 1415 538 1458 Quod
523 1415 688 1451 siminus
709 1415 797 1450 arri-

141 1472 247 1518 deat,
278 1484 350 1508 non
372 1471 616 1514 intercedam,
656 1471 685 1506 si
715 1470 796 1519 quis

140 1528 209 1564 sibi
241 1528 357 1575 fingat
400 1528 569 1563 omissum
606 1539 688 1564 esse
722 1523 796 1577 τήν

138 1583 280 1635 μερίδα
297 1583 354 1620 vel
378 1583 490 1620 simile
512 1583 611 1633 quid.

194 1664 279 1707 ὕων
299 1663 370 1706 οὐκ
391 1662 510 1717 civia]
531 1666 590 1704 De
614 1670 797 1703 structura

138 1726 232 1762 conf.
261 1724 316 1771 Η,
345 1725 408 1764 13.
462 1723 533 1770 111,
567 1726 646 1764 117
674 1724 797 1772 ibique

138 1786 227 1819 nott.
285 1781 343 1818 De
373 1782 490 1817 forma
521 1774 625 1818 οἷνίει
658 1779 796 1817 consul.

139 1837 269 1874 Matth.
301 1837 365 1874 Gr.
400 1837 467 1874 Gr.
500 1834 536 1887 ξ.
565 1839 660 1882 210,
697 1839 716 1876 1
759 1834 797 1887 §.

140 1897 236 1941 212,
254 1897 292 1934 7.
322 1914 378 1921 -—-
416 1892 476 1930 De
504 1906 591 1929 voce
627 1888 798 1942 α’μφιλα-

142 1946 224 2000 φής
245 1949 400 1987 diximus
422 1949 470 1985 ad
492 1949 555 1995 ΙΙΙ,
579 1949 670 1990 114.

200 2031 255 2079 ὦς
281 2031 393 2083 τέρας
428 2028 656 2083 νενόμισται
689 2037 799 2072 θωυ-

144 2087 352 2141 μάζεσθαι]
374 2090 414 2127 In
433 2089 530 2127 hisce
550 2090 720 2138 equidem
739 2103 800 2128 ve-

141 2153 256 2185 terem
287 2147 501 2194 lectionem,
543 2158 650 2195 quam
677 2146 801 2196 scripti

141 2203 220 2241 libri
237 2203 466 2249 afferebant,
497 2215 577 2240 cum
594 2202 799 2252 Schweigh.

142 2265 180 2298 et
203 2260 320 2297 Gaisf.
353 2260 515 2306 restitui,
554 2271 619 2310 pro
651 2255 798 2309 θωμά-

145 2317 301 2364 ζεσθαι,
333 2317 435 2366 quod
452 2316 568 2352 Gaisf.
595 2315 798 2362 induxerat,

143 2386 324 2423 reponens
360 2368 671 2423 θωυμάζεσθαι,
720 2386 800 2410 mo-

145 2434 253 2467 nente
273 2430 404 2467 Struve
433 2430 468 2466 in
499 2429 607 2478 Spec.
640 2428 689 2465 111
720 2442 755 2479 p.
776 2431 801 2468 7

147 2497 246 2534 seq„
276 2498 349 2535 quo
368 2486 438 2522 iam
458 2486 512 2523 usi
533 2498 654 2522 sumus
670 2486 706 2521 in
725 2490 800 2524 not.

147 2542 194 2577 ad
214 2541 274 2588 ΙΙΙ,
299 2542 390 2583 148.
420 2541 501 2581 Nec
524 2554 613 2579 sane
629 2547 801 2579 constans

149 2596 184 2632 in
208 2597 262 2633 his
293 2599 473 2647 reperitur
502 2598 713 2645 Gaisford.,
761 2603 802 2635 ut

149 2653 210 2701 qui
234 2653 496 2704 diphthongum
525 2654 711 2704 reliquerit
738 2655 802 2702 IV,

149 2709 213 2748 30.
243 2709 306 2749 53.
337 2712 401 2752 82.
433 2712 508 2758 85,
547 2712 613 2748 sed
633 2712 802 2749 immuta-

150 2765 195 2801 rit
216 2764 277 2812 lv,
296 2769 360 2807 42.
398 2766 459 2812 IV,
490 2769 582 2807 111.
607 2770 696 2808 129.
720 2769 800 2810 199

149 2826 184 2857 et
203 2826 408 2859 constanter
436 2824 472 2859 in
495 2823 653 2873 reliquis,
708 2824 800 2861 Vul-

149 2882 235 2925 gata
256 2878 380 2915 lectio:
424 2877 476 2925 ὥς
497 2878 610 2931 τέρας
629 2876 799 2931 θωυμά-

856 1187 979 1233 ζεται,
1028 1198 1051 1222 a
1076 1184 1257 1222 Matthiae
1289 1187 1452 1229 serrata,
1495 1194 1515 1218 e

854 1242 1086 1290 wesselingii
1097 1242 1201 1278 fluxit
1211 1240 1384 1278 editione.
1395 1240 1516 1283 Quam

855 1312 921 1336 nos
958 1299 1182 1336 restituimus
1210 1297 1383 1334 librorum
1420 1299 1520 1332 vete-

854 1369 933 1393 rum
965 1356 1180 1399 lectionem,
1231 1367 1274 1391 ea
1306 1353 1365 1389 vix
1396 1351 1519 1389 mendi

856 1412 1062 1462 suspicione
1081 1415 1203 1456 calet
1224 1423 1303 1446 cum
1318 1421 1387 1445 vox
1408 1412 1518 1446 θωυ-

855 1465 1050 1519 μάζεσθαι
1087 1466 1181 1504 male
1219 1466 1336 1504 textui
1377 1466 1518 1502 intrusa

853 1525 1033 1562 videatur.
1082 1524 1173 1560 Post
1195 1523 1306 1560 verba
1327 1536 1380 1567 ως
1400 1518 1471 1559 δὲ
1462 1533 1518 1558 m-

853 1582 948 1618 serui
981 1594 1060 1617 cum
1090 1584 1245 1616 recentt.
1276 1579 1360 1616 edd.
1375 1606 1385 1625 ‚
1424 1589 1517 1626 quos

854 1641 892 1674 et
926 1638 1025 1687 ipsos
1061 1636 1097 1672 in
1126 1635 1193 1672 loci
1225 1634 1517 1684 interpunctione

854 1700 998 1731 secutus
1018 1705 1114 1739 sum,
1145 1692 1310 1730 voculam
1331 1690 1415 1729 καί
1434 1689 1517 1727 vul—

854 1763 902 1800 go
925 1751 1106 1788 omissam.

913 1857 1118 1913 ἐνέχονται
1144 1856 1284 1912 α’ρχήν]
1318 1858 1518 1898 Articulum

854 1916 952 1970 τήν,
994 1931 1101 1968 quem
1122 1918 1230 1967 vulgo
1260 1921 1403 1969 ponunt
1431 1921 1518 1954 ante

856 1972 1003 2026 ἀρχὴν,
1055 1988 1135 2012 cum
1172 1975 1289 2012 Gaisf.
1331 1973 1519 2011 meliorum

857 2034 1028 2070 librorum
1046 2032 1166 2078 iussu,
1197 2031 1323 2069 delevi.
1374 2031 1432 2067 Cf.
1454 2028 1519 2076 lv,

856 2091 922 2129 29.
955 2089 1019 2134 Ill,
1045 2090 1106 2127 16.
1161 2087 1228 2125 Cr.
1254 2087 1311 2124 hic
1340 2087 1428 2123 citat
1451 2085 1517 2122 Fi-

858 2145 971 2182 scher.
992 2145 1071 2180 Iud.
1096 2144 1133 2180 in
1155 2143 1327 2181 Aeschin.
1347 2141 1519 2191 Dialogg.

858 2215 885 2239 s.
907 2215 941 2238 v.
971 2196 1182 2250 ἐνέχεσθαι
1210 2204 1247 2238 et
1268 2198 1435 2236 Eustath.
1467 2199 1517 2235 ad

858 2258 990 2308 Odyss.
1010 2257 1111 2304 ΧΙΧ,
1137 2260 1190 2297 27
1221 2270 1306 2307 pag·
1339 2257 1435 2301 680,
1465 2257 1518 2296 12

857 2315 944 2352 Bas.
985 2313 1047 2351 Ad
1068 2318 1322 2363 argumentum
1340 2312 1408 2349 loci
1434 2312 1521 2348 fucit

857 2370 994 2408 Plinius
1031 2371 1127 2407 Hist.
1156 2370 1244 2408 Nat.
1277 2369 1381 2416 Vlll,
1423 2368 1520 2415 (68)

859 2426 912 2467 43
937 2429 984 2466 de
1010 2428 1138 2464 asinis:
1198 2427 1352 2477 „Ipsum
1385 2424 1521 2461 animal

859 2485 1004 2533 frigoris
1025 2484 1179 2522 maxime
1199 2483 1414 2533 impatien53
1432 2482 1518 2518 ideo

859 2554 931 2578 non
972 2545 1166 2590 generatur
1194 2541 1229 2577 in
1263 2539 1408 2584 Ponto,
1453 2550 1521 2575 nee

860 2598 1092 2647 aequinoctio
1131 2610 1266 2642 verno,
1313 2600 1353 2632 ut
1399 2598 1520 2631 cetera

859 2667 995 2705 pecua,
1033 2654 1261 2698 admittitur,
1304 2651 1371 2690 sed
1402 2651 1521 2687 solsti-

859 2712 951 2748 tio.‘
980 2733 1036 2738 -—
1072 2711 1132 2746 Ad
1162 2710 1312 2747 xerbum
1335 2703 1519 2755 ἀποσφα-

859 2767 1054 2814 κελίζουσι
1072 2766 1167 2804 conf.
1188 2770 1281 2803 nott.
1304 2765 1352 2802 ad
1374 2764 1437 2810 ΙΙΙ,
1451 2765 1517 2804 66.

857 2823 956 2861 Add.
977 2825 1114 2861 Coraes
1145 2823 1191 2859 ad
1215 2822 1430 2871 Hippocrat.
1459 2819 1516 2856 De

858 2893 931 2918 aer.
953 2893 1012 2930 aq.
1028 2885 1065 2918 et
1083 2879 1172 2917 loce.
1193 2877 1240 2915 T,
1264 2877 1294 2915 ΙΙ
1315 2891 1351 2928 p.
1370 2875 1449 2917 185
1461 2887 1516 2923 sq.

1513 981 1639 1009 Defecta
1651 981 1791 1008 cornibus

1515 1016 1669 1051 animalia,
1687 1015 1723 1042 ob
1739 1015 1792 1041 fri-

1516 1059 1583 1086 gus-
