1904 3304
278 1273 346 1317 80

70 1336 229 1373 Proposita
279 1346 350 1365 cou-

70 1371 233 1398 minatione
245 1370 281 1398 de
301 1380 349 1397 re-

409 245 492 287 140

804 244 1276 285 HERODOTI

405 354 707 405 ἐπεκαλέοντο,
754 351 1028 408 ἐξηγεόμενοί
1061 369 1107 397 τε
1146 354 1195 398 τὰ
1237 358 1436 413 πρῆγμα,
1485 356 1558 400 καὶ
1596 357 1680 400 δει-

404 425 614 477 κνύοντες
641 425 718 476 τάς
746 423 958 480 κεφαλάς·
997 425 1072 467 καὶ
1101 424 1189 481 ἅμα
1208 425 1400 470 ἔκτεινον
1419 426 1562 470 πάντα
1583 426 1681 470 τινὰ

376 501 496 541 mdiv
517 496 687 552 Μάγων
716 496 794 539 τὸν
824 496 870 539 ἐν
899 495 1003 538 ποσὶ
1031 495 1276 552 γινόμενον.

1338 500 1392 542 Οἱ
1421 498 1467 542 δὲ
1499 497 1681 552 Πέρσαι,

404 567 620 624 μαθόντες
649 565 699 610 τό
729 582 773 609 τε
803 565 982 622 γεγονὸς
1013 567 1059 610 ἐκ
1089 571 1178 611 τῶν
1215 567 1321 612 ἑπτά
1351 569 1424 612 καὶ
1452 573 1541 612 τῶν
1570 568 1682 612 Μά-

407 655 498 694 γων
528 638 604 693 τὴν
634 635 823 694 άπάτην,
856 638 1074 682 ἐδικαίευν
1092 640 1167 683 καὶ
1190 637 1316 682 αὐτοὶ
1341 640 1464 695 ἕτερα
1492 643 1707 684 τοιαῦταΙ

405 709 569 752 ποιέειν
582 724 593 734 ·

665 709 935 766 σπασάμενοι
979 708 1025 752 δὲ
1078 709 1130 753 τά
1181 710 1437 766 ἐγχειρίδια,
1488 711 1680 755 ἔκτεννον

410 779 520 824 ὅκου
544 779 642 823 τινά
661 780 824 837 Μάγον
845 781 1070 835 εὕρισκον·
1115 782 1152 824 εἰ
1178 781 1224 825 δὲ
1246 780 1304 837 μή
1325 781 1404 833 νὺξ
1432 781 1680 825 ἐπελθοῦσα

376 852 524 907 3ἐ’σχε,
568 852 717 895 ἔλιπον
746 851 802 896 ἂν
831 852 991 896 οὐδένα
1021 851 1194 908 Μάγον.

1259 852 1434 909 Ταύτην
1472 853 1550 908 τὴν
1583 852 1681 908 ἡμέ-

406 940 488 979 ρην
526 922 827 977 θεραπεύουσι
860 924 1029 979 Πέρσαι
1066 928 1198 981 κοινῇ
1234 923 1422 979 μάλιστα
1458 928 1545 967 τῶν
1582 922 1681 980 ἡμε-

405 994 540 1049 ρέων·

406 1066 607 1122 κέκληται
643 1066 730 1111 ὑπὸ
762 1067 971 1121 Περσέων
1000 1067 1293 1122 Μαγοφονία·

607 996 681 1039 καὶ
721 996 768 1039 ἐν
809 993 921 1052 αὐτῇ
961 992 1098 1050 ὁρτήν
1138 996 1329 1051 μεγάλην
1369 994 1608 1051 ἀνάγουσι,
1648 994 1709 1052 ἢ5

1355 1065 1402 1109 ἐν
1432 1071 1486 1123 τῇ
1518 1064 1682 1122 Μάγον

407 1136 566 1180 οὐδένα
596 1138 728 1189 ἔξεστι
748 1142 943 1195 φανῆναι
971 1139 1013 1189 ἐς
1042 1137 1091 1182 τό
1125 1141 1242 1194 φῶς,
1273 1134 1381 1180 ἄλλά
1403 1136 1502 1180 κατ’
1532 1139 1682 1187 οἴκους

404 1207 598 1258 ἑωυτοὺς
625 1211 669 1252 οἱ
703 1209 854 1265 Μάγοι
885 1210 1030 1265 ἔχουσι
1059 1210 1138 1265 τὴν
1169 1207 1335 1264 ἡμέρην
1363 1207 1538 1263 ταύτην.

515 1277 633 1323 Ἐπεί
662 1297 706 1323 τε
737 1281 782 1324 δὲ
810 1281 990 1337 κατέστη
1021 1278 1043 1324 ὁ
1075 1279 1295 1336 θόρυβος,
1325 1280 1397 1323 καὶ
1420 1278 1539 1330 ἐκτὸς
1557 1280 1681 1322 πέντε

69 1413 137 1433 rum
163 1409 244 1433 statu
272 1407 349 1441 opti-

350 1531 570 1568 Boissonad.
601 1530 649 1568 ad
673 1530 844 1570 Philostr.
866 1530 1013 1568 Heroie.

346 1600 431 1639 pag.
457 1590 550 1633 280,
581 1600 627 1624 ne
657 1586 770 1637 plura.
822 1579 881 1624 Ad
912 1587 1014 1624 locu-

348 1646 487 1681 tionem
522 1642 632 1694 ἕτερα
658 1645 822 1681 τοιαῦτα
851 1644 947 1680 conf.
983 1643 1012 1691 Ι,

350 1703 442 1741 120.
472 1699 543 1736 Pro
558 1695 752 1751 άνάγουσι
773 1700 809 1736 in
828 1713 931 1749 seqq.
950 1698 1015 1735 Al-

348 1757 436 1793 dina
458 1759 494 1793 et
512 1757 584 1793 duo
597 1757 705 1793 codd.
725 1754 878 1808 ἄγουσι.
903 1757 1013 1793 Conf.

348 1813 379 1861 I,
402 1811 493 1853 147.
525 1812 622 1859 vlu,
642 1813 707 1854 65.

405 1866 434 1918 ἢ
456 1868 639 1919 κέκληται
662 1893 713 1898 —-
746 1867 1012 1921 Mayoqoovia]

347 1925 468 1974 Vulgo
504 1928 627 1977 ,Mctyo
640 1941 669 1974 φ
682 1921 703 1964 0'
716 1941 738 1964 ν
753 1941 765 1964 ι
779 1941 813 1963 α.
903 1925 1015 1968 Q¹¹0d

350 1983 483 2032 recepi,
506 1982 638 2019 obtulit
656 1982 889 2020 Florentinus
910 1981 1014 2027 liber,

349 2039 521 2087 idemque
561 2039 661 2090 apud
702 2039 865 2076 Ctesiam
904 2038 1013 2074 Excc.

346 2093 465 2132 Perss.
491 2093 528 2146 ξ.
554 2097 604 2137 15
624 2096 814 2133 invenitur.
852 2094 911 2132 Ad
936 2107 1012 2131 rem

346 2152 501 2189 maxime
531 2152 600 2189 huc
637 2153 800 2202 pertinet
829 2150 1012 2199 Agathiae

346 2207 448 2244 loeus
468 2209 565 2245 Hist.
582 2209 625 2255 ll,
638 2211 692 2249 26
709 2221 793 2259 pag.
811 2210 888 2248 123
902 2207 1010 2244 Nieb.

345 2263 468 2313 Atque
500 2265 675 2302 Kleuker.
706 2266 754 2302 ad
785 2265 1010 2301 Zendavest.

346 2320 397 2356 111
429 2333 515 2370 pag.
543 2321 624 2361 247
652 2321 750 2367 (coll.
774 2321 812 2357 in
836 2320 1009 2370 Append.

345 2377 393 2413 ad
425 2377 590 2414 Zeudav.
624 2377 655 2413 li
686 2378 726 2414 P.
748 2377 780 2413 ll
809 2389 895 2425 pag.
931 2379 1010 2416 192

345 2445 400 2470 nr.
427 2435 509 2474 370
532 2437 567 2469 et
603 2433 779 2470 Foucher.
806 2433 893 2470 ibid.
922 2432 934 2468 I
966 2432 1008 2468 P.

346 2488 380 2525 ll
415 2502 452 2539 p.
483 2491 536 2529 73
567 2488 670 2538 not.)
704 2489 772 2525 hoc
800 2490 930 2526 festum
962 2489 1010 2525 ad

346 2545 540 2583 Persarum
571 2558 674 2582 sacra
701 2546 918 2595 pertinuisse
944 2557 1009 2582 ne-

348 2606 427 2650 gat,
459 2615 539 2639 cum
562 2601 769 2651 Magorum,
799 2603 820 2638 i.
839 2615 871 2638 e.
892 2602 1010 2637 Zoro-

347 2660 437 2696 astri
459 2658 648 2706 eustorum,
678 2659 714 2695 in
742 2658 899 2695 dedecus
929 2659 1009 2695 sue-

347 2716 396 2754 rit
414 2716 617 2752 institutum
638 2727 757 2764 neque
784 2715 892 2751 etiam
911 2727 1009 2751 com-

348 2776 588 2810 memoratum
611 2772 815 2809 inveniatur
837 2772 872 2807 in
899 2771 1008 2808 sacris

348 2830 539 2868 Persarum
571 2828 682 2865 libris.
748 2827 878 2876 Itaque
905 2827 1009 2864 civile

349 2885 470 2938 potius
498 2886 632 2924 festum
657 2884 769 2923 fuisse
799 2884 1008 2932 arbitratur,

405 1348 604 1407 ἡμερέων
636 1350 828 1408 ἐγένετο,
858 1350 1145 1409 ἐβουλεύοντο
1169 1352 1212 1393 οἱ
1232 1349 1548 1401 ἐπαναστάντες
1568 1354 1682 1393 τοῖσι
1695 1356 1739 1390 10

1072 1542 1305 1579 nequaquam
1334 1529 1502 1566 omnibus
1531 1539 1737 1574 commune,

1073 1594 1109 1624 et
1133 1587 1168 1622 in
1193 1586 1480 1623 occidentalibus·
1502 1589 1643 1621 tanturn
1671 1596 1735 1620 re—

1073 1643 1136 1691 gni
1160 1643 1354 1680 Persarum
1382 1641 1545 1692 partibus
1574 1639 1737 1677 celebra-

1071 1704 1157 1738 tum.
1190 1700 1265 1737 Sed
1287 1699 1384 1749 apud
1405 1696 1598 1735 orientales
1617 1709 1735 1733 rerum

1072 1755 1268 1805 scriptores
1281 1755 1349 1792 hoc
1367 1756 1497 1792 festum
1513 1765 1736 1790 commemo-

1071 1812 1143 1848 rari
1164 1813 1286 1849 scribit
1307 1811 1332 1848 1.
1356 1812 1402 1848 de
1424 1811 1609 1847 Hammer.
1640 1808 1736 1857 (An-

1071 1868 1154 1905 nall.
1178 1869 1309 1905 Yienn.
1336 1867 1370 1904 X
1399 1880 1484 1918 pag.
1511 1866 1592 1906 249
1622 1868 1734 1914 seq),

1071 1938 1151 1962 cum
1182 1926 1313 1962 festum
1351 1923 1385 1960 h.
1415 1923 1437 1960 1.
1467 1923 1646 1959 indicetur
1672 1935 1735 1959 ex-

1071 1982 1248 2030 stirpatae
1269 1981 1385 2017 omnis
1396 1979 1628 2017 Ahrimaniae
1649 1991 1734 2028 pro-

1070 2038 1213 2087 geniei,
1244 2038 1301 2074 cui
1334 2049 1468 2074 nomen
1502 2034 1734 2084 Charfesters,

1071 2094 1221 2132 lustrale
1244 2095 1389 2139 festum,
1420 2093 1521 2142 quod
1539 2096 1652 2140 agant
1672 2104 1735 2129 ex-

1070 2155 1188 2187 tremo
1219 2164 1343 2189 mense
1368 2148 1592 2194 Februario,
1623 2161 1733 2196 quem

1070 2208 1228 2244 eundem
1257 2221 1278 2244 a
1301 2205 1526 2256 februarum,
1565 2205 1587 2240 i.
1616 2217 1648 2241 e.
1677 2203 1734 2240 lu-

1070 2264 1232 2308 strando,
1263 2263 1476 2313 purgandO,
1507 2272 1639 2297 nomen
1672 2272 1732 2296 ac-

1069 2320 1223 2369 cepisse,
1242 2333 1337 2356 nuuc
1356 2319 1444 2355 satis
1465 2322 1603 2353 notum.
1635 2316 1733 2363 vid„

1068 2389 1115 2414 ne
1134 2376 1249 2425 plura,
1266 2376 1374 2424 Hyde
1387 2375 1433 2411 de
1454 2372 1555 2421 reiig.
1568 2372 1730 2410 Persarr.

1066 2446 1103 2482 p.
1124 2434 1217 2472 260.
1249 2433 1419 2469 Creuzer.
1443 2428 1606 2479 Symbol.
1630 2429 1660 2465 ll
1692 2442 1730 2479 p.

1067 2490 1149 2529 919
1172 2502 1213 2525 ac
1233 2489 1279 2525 de
1303 2487 1493 2524 Persarum
1523 2486 1618 2522 sesto
1640 2498 1729 2521 con-

1065 2544 1132 2641 ειὲ.
1163 2544 1335 2582 Kleuker.
1358 2544 1406 2580 ad
1423 2542 1589 2580 Zendav.
1613 2541 1666 2579 111
1690 2555 1729 2592 p.

1065 2603 1092 2640 2
1124 2602 1160 2640 6.

1253 2679 1361 2729 Cap.
1392 2677 1543 2716 LXXX.

1124 2767 1190 2807 καὶ
1236 2765 1348 2815 ἐκτὸς
1387 2767 1503 2807 πέντε
1545 2765 1728 2819 ’ἡμερέων

1067 2824 1245 2877 ἐγένετο]
1286 2826 1308 2861 i.
1346 2838 1379 2862 e.
1419 2827 1573 2875 quinque
1607 2825 1728 2861 diebus

1062 2882 1328 2935 praeterlapsis.
1358 2883 1467 2921 Conf.
1486 2882 1549 2930 IV,
1570 2882 1661 2922 133·
