1904 3304
151 399 253 425 alunt:
275 396 362 426 lamis
370 398 431 426 cul-

152 437 199 458 tus
218 432 295 466 apud
305 432 432 461 feminae
490 417 634 457 μενοι)

153 466 389 500 Cyrenaeorum.

482 295 564 335 612

879 293 1346 335 HERODOTI

675 399 787 444 διότι
822 417 902 458 περ
942 401 1043 447 οὐδὲ
1073 404 1324 459 Αἰγύπτιοι,
1360 407 1432 450 καὶ
1470 401 1521 458 ὗς
1561 407 1616 452 ου’
1655 409 1801 462 τρε-30

457 479 659 528 Ξφοντες.
702 475 821 527 βοῶν
849 473 928 528 μέν
957 490 1041 517 νυν
1069 475 1239 530 θηλέων
1266 475 1365 519 οὐδ’
1399 480 1444 520 αἱ
1479 481 1745 534 Κυρηναίων

483 547 684 598 γυναῖκες
717 545 933 587 δικαιεῦσι
962 545 1215 594 πατέεσθαι,
1255 547 1326 590 διὰ
1355 549 1434 604 τὴν
1464 548 1510 591 ἐν
1539 550 1743 609 Αἰγύπτῳ

474 612 607 664 Ἶσιν,
656 612 763 656 ἀλλὰ
814 615 888 658 καὶ
935 618 1133 671 νηστείας
1181 616 1291 673 αὐτῇ
1335 619 1407 662 καὶ
1445 618 1576 673 ὁρτάς
1614 621 1745 663 ἐπιτε-

484 683 631 726 λέουσι
643 697 654 708 ·

714 686 761 727 αἱ
804 685 850 728 δὲ
889 690 976 729 τῶν
1008 688 1244 740 Βαρκαίων
1279 695 1482 744 γυναῖκες
1519 689 1620 734 οὐδὲ
1655 689 1747 734 ὑῶν

483 753 592 807 πρὸς
637 758 736 811 τῇσι
788 757 919 812 βουσὶ
967 756 1182 811 γεύονται.

1249 763 1383 802 ταῦτα
1422 760 1500 816 μὲν
1540 760 1592 816 δὴ
1631 760 1802 804 οὕτω35

326 830 426 876 18Ί
484 825 580 879 ἔχει.
643 826 700 869 Τὸ
740 825 787 868 δὲ
830 826 941 880 πρὸς
976 828 1156 884 ἑσπέρης
1194 832 1268 885 τῆς
1303 833 1566 883 Τριτωνίδος
1595 833 1747 888 λίμνης

488 894 634 939 οὐκέτι
682 895 871 951 νομάδες
920 899 1001 941 εἶσὶ
1032 901 1213 954 Λίβυες,
1265 901 1370 945 οὐδὲ
1419 901 1595 956 νόμοισι
1638 907 1748 946 τοῖσι

487 964 660 1010 αὐτοῖσι
696 966 952 1022 χρεώμενοι,
994 968 1096 1013 οὐδὲ
1127 970 1234 1014 κατὰ
1265 972 1317 1014 τὰ
1347 975 1498 1016 παιδία
1527 977 1750 1023 ποιεῦντες

153 893 302 921 Nomades
328 895 430 929 pueris

152 928 316 962 quadrimis
350 928 430 964 capi-

153 968 213 988 tum
227 970 318 988 venas
328 967 428 994 urunt,

154 999 183 1021 ut
213 995 429 1021 destillationes

177 1033 396 1062 praecaveant:

153 1070 308 1095 roi-porum
349 1062 429 1088 salu·

152 1095 263 1121 brinate
296 1096 431 1122 omnibus

187 1128 389 1155 antecellunt:

154 1167 289 1188 (neutrum
326 1170 434 1195 puero·
528 1179 536 1193 r

153 1203 217 1221 rum
231 1196 434 1223 convulsionis
489 1196 537 1223 xe

153 1228 307 1259 medicina.

459 1035 588 1081 ἓοῖόν
616 1055 653 1080 τι
685 1039 758 1081 καὶ
788 1041 831 1082 οἱ
857 1039 1043 1095 νομάδες
1073 1039 1238 1084 ἐώθασι
1268 1042 1440 1085 ποιέειν.

1509 1046 1551 1086 οἱ
1579 1043 1662 1099 γὰρ
1694 1042 1747 1099 δὴ

490 1113 578 1152 τῶν
601 1109 782 1165 Λιβύων
811 1110 1010 1166 νομάδες,
1038 1114 1074 1154 εἰ
1103 1112 1180 1167 μὲν
1207 1112 1373 1164 πάντες,
1405 1112 1485 1156 οὐκ
1517 1114 1596 1168 ἔχω
1630 1112 1748 1166 ἀτρε-

542 1197 598 1230 ως
627 1187 757 1224 τοῦτο
786 1179 925 1224 εἶπαι·
955 1186 1127 1225 ποιεῦσι
1156 1183 1201 1225 δὲ
1232 1180 1377 1225 αὐτῶν
1405 1183 1553 1237 συχνοὶ
1583 1180 1805 1224 vocatae-40

486 1254 574 1293 τῶν
607 1252 796 1294 παιδίων
825 1256 913 1294 τῶν
943 1251 1185 1307 σφετέρων,
1223 1252 1353 1296 ἐπεάν
1380 1253 1597 1306 τετραέτεα
1627 1253 1749 1307 γένη-

487 1338 582 1373 ται,
623 1323 752 1378 οἴσπῃ
791 1321 1027 1378 προβάτων
1064 1324 1240 1367 καίουσι
1278 1322 1355 1374 τὰς
1393 1323 1441 1366 ἐν
1479 1327 1576 1380 τῇσι
1612 1339 1749 1378 κορυ-

492 1511 585 1555 οῦδ’
614 1514 659 1554 αἴ
677 1513 923 1567 Κυρηναίων
956 1518 1094 1568 γυναῖ-

434 1571 515 1622 κες]
547 1571 605 1609 Ad
623 1573 848 1622 Cyrenaeos,
874 1574 1093 1622 quiGraeca

435 1630 602 1666 instituta
635 1642 676 1666 ac
709 1642 810 1666 sacra
841 1635 1091 1678 sequerentur,

433 1685 504 1723 hoc
542 1698 562 1721 e
599 1686 717 1722 vicina
747 1684 917 1734 Aegypto
945 1686 1090 1723 fluxisse

434 1740 609 1778 credibile
653 1746 720 1779 est.
795 1742 903 1778 Conf.
950 1741 1091 1789 Tlirige

433 1797 573 1834 Hister.
597 1798 729 1845 Cyren.
748 1810 833 1847 pag.
855 1797 947 1838 215.
979 1798 1090 1834 Pach.

434 1853 589 1901 Yoyage
610 1860 677 1890 etc.
705 1867 741 1903 p.
761 1855 854 1893 243.
878 1851 971 1893 244.
1020 1854 1091 1890 Pro

432 1907 651 1947 πατέεσθαι
683 1909 763 1946 libri
796 1909 933 1958 aliquot
977 1905 1091 1948 ἅπτε-

436 1969 559 2010 σθαι,
606 1966 707 2014 quod
745 1966 873 2002 merito
913 1965 1093 2016 displicuit

433 2020 630 2058 Larnberto
641 2021 752 2057 Bosio
765 2022 938 2058 Observv.
962 2022 1093 2058 critice.

434 2091 489 2127 cp.
512 2080 538 2116 7
557 2091 594 2127 p.
616 2076 682 2118 40.
713 2076 773 2114 Tu
790 2078 863 2115 vid.
886 2077 1027 2115 Herod.
1048 2077 1095 2125 II,

434 2135 501 2174 37.
545 2136 609 2174 66.
647 2154 703 2161 ——-
742 2133 815 2170 Pro
857 2132 1095 2172 ἐπιτελέουσι

436 2190 510 2226 (1υο
538 2189 619 2226 libri
650 2184 951 2239 ἐπιτηδεύουσι,
994 2190 1095 2239 quod

434 2258 502 2296 pro
528 2245 664 2282 scholio
696 2246 807 2283 habet
828 2246 1093 2295 ll‘esselingius

435 2303 548 2338 citans
572 2301 607 2348 Ι,
634 2303 730 2343 135;
769 2315 875 2352 quem
894 2308 1015 2339 tamen
1038 2303 1093 2339 lo-

435 2370 516 2394 cum
543 2357 613 2394 huc
640 2359 758 2394 minus
796 2359 978 2408 pertinere
1017 2372 1094 2395 cre-

436 2414 532 2450 dam.
574 2414 742 2462 Propius,
763 2417 905 2464 opinor,
922 2416 992 2453 huc
1011 2427 1094 2466 spe-

439 2473 514 2506 ctat
533 2469 584 2516 11,
610 2471 686 2516 63,
715 2484 761 2507 ne
778 2470 893 2519 plura.

565 2526 675 2574 Cap.
714 2526 965 2564 CLXXXVII.

492 2576 567 2620 οὐκ
616 2580 688 2630 ἔχω
741 2578 930 2632 ἀτρεκέως
977 2585 1092 2622 τοῦτο

437 2633 561 2686 εἶπαι]
620 2637 719 2674 Male
766 2640 913 2686 quidam
956 2639 1093 2678 εἰπεῖν.

438 2694 519 2730 vid.
545 2694 573 2740 1,
599 2691 667 2739 49,
698 2706 744 2730 ne
762 2693 876 2743 plura.
906 2694 966 2732 Ad
986 2691 1095 2748 α’τρε-

437 2749 537 2795 κὲως
560 2751 655 2786 conf.
679 2750 742 2795 lv,
764 2750 830 2790 25.

495 2805 615 2858 οἴσπῃ
638 2801 866 2856 προβάτων]
886 2806 957 2843 Pro
972 2806 1091 2861 οἴσπῃ

437 2862 473 2898 in
494 2862 570 2898 aliis
592 2863 693 2899 libris
716 2858 886 2914 οἰσύπῃ,
917 2864 1094 2900 acceden-

437 2922 472 2955 to
506 2918 660 2967 Gregor.
704 2918 871 2957 Corinth.
910 2919 968 2957 De
1007 2919 1091 2956 dial.

1147 1518 1226 1556 Ion.
1251 1515 1286 1570 ἓ.
1312 1515 1393 1557 150
1423 1529 1459 1567 p.
1481 1515 1562 1558 542
1583 1530 1661 1566 seq.
1722 1516 1806 1567 Ipsa

1148 1587 1219 1611 vox
1241 1575 1339 1624 apud
1354 1573 1536 1623 Aristoph.
1556 1574 1709 1622 Lysistr.
1723 1572 1805 1614 575

1148 1630 1247 1678 (541
1271 1629 1409 1674 Both.)
1437 1630 1616 1666 invenitur
1647 1631 1693 1667 de
1723 1629 1806 1666 lana

1147 1686 1293 1722 succida
1325 1698 1368 1722 ac
1398 1685 1564 1729 sordida5
1609 1698 1677 1722 nec
1702 1685 1805 1722 aliter

1147 1742 1183 1779 h.
1204 1742 1225 1778 l.
1249 1754 1328 1778 eam
1349 1747 1568 1791 acceperunt
1590 1746 1627 1778 et
1637 1741 1804 1789 Schwgh.

1149 1803 1187 1836 et
1206 1797 1449 1846 wesseling„
1491 1810 1569 1834 curn
1589 1797 1672 1834 lana
1694 1798 1808 1834 succi-

1149 1855 1194 1891 ‹la
1218 1854 1264 1890 ob
1285 1853 1413 1890 sordes
1437 1858 1623 1890 concretas
1644 1854 1730 1890 satis
1759 1854 1806 1890 sit

1148 1910 1244 1959 ignis
1262 1911 1415 1960 patiens.
1465 1910 1575 1947 Unde
1607 1910 1642 1945 in
1672 1909 1806 1946 Glossa

1149 1967 1364 2003 Herodotea
1392 1967 1584 2016 exponitur
1612 1965 1806 2016 ῥυπαρῶν

1149 2018 1362 2073 προβάτων
1378 2020 1473 2073 ἔρια.
1503 2021 1591 2059 Aliis
1604 2026 1659 2059 est
1674 2025 1806 2058 stercus

1153 2079 1314 2123 ovillum,
1346 2091 1374 2114 s.
1399 2078 1516 2115 sordes
1539 2080 1651 2115 ovium
1667 2091 1807 2115 crassae

1152 2148 1195 2172 ac
1236 2137 1412 2185 pingues,
1472 2136 1626 2172 fortasse
1660 2139 1806 2186 praeter

1152 2204 1250 2238 rem,
1300 2195 1342 2227 ut
1377 2192 1426 2228 ait
1458 2191 1678 2240 ll'esseling.
1716 2191 1805 2227 haec

1151 2247 1363 2284 subiiciens:
1402 2246 1567 2294 „Melius
1592 2247 1804 2284 Monachius

1151 2308 1189 2340 et
1225 2303 1324 2353 prior
1357 2317 1401 2340 eo
1437 2303 1608 2352 Scaliger.
1647 2302 1802 2340 Emend.

1151 2359 1285 2409 T‹·mp.
1307 2358 1374 2396 Vll
1393 2373 1430 2409 p.
1455 2361 1537 2400 682
1555 2359 1684 2395 durare
1704 2358 1803 2408 apud

1150 2414 1349 2465 Aethiopas
1386 2415 1633 2460 Christianos,
1672 2413 1804 2450 Muha-

1149 2473 1347 2516 mednnos,
1389 2483 1624 2521 paganosque
1653 2470 1804 2506 similem

1152 2529 1200 2564 ad
1222 2527 1481 2564 destillationes
1505 2527 1673 2562 vitandas
1693 2527 1806 2562 ustio-

1151 2585 1207 2620 nis
1228 2583 1547 2627 consuetudinem,
1588 2583 1633 2619 ab
1661 2582 1739 2618 aliis
1767 2583 1804 2618 in

1152 2640 1444 2689 superstitionem
1468 2651 1631 2683 versam,
1670 2638 1803 2675 docue-

1151 2696 1275 2732 runt.“
1303 2694 1496 2739 Larcher„
1527 2695 1586 2743 qui
1608 2693 1806 2731 Wesselin-

1149 2752 1249 2800 glum
1281 2751 1358 2787 fere
1387 2755 1554 2797 secutus,
1587 2751 1805 2800 interpreta-

1149 2812 1206 2843 tus
1229 2810 1305 2844 erat
1328 2807 1374 2843 de
1396 2806 1478 2843 lana
1511 2807 1600 2855 „qui
1621 2806 1679 2842 n'a
1699 2807 1804 2856 point

1149 2863 1207 2899 c'te
1234 2863 1474 2910 degraissee“
1505 2866 1564 2910 (ut
1595 2863 1706 2912 ipsius
1736 2861 1804 2898 viri

1149 2919 1246 2956 docti
1279 2925 1358 2955 utar
1392 2919 1539 2967 verbis)
1577 2919 1624 2956 de
1653 2918 1734 2969 ipsa
1764 2930 1802 2955 re
