1904 3304
465 228 1146 268 MELPOMENE.IV.
1353 232 1437 272 603

1492 337 1550 364 iter
1564 337 1769 364 brevissimum

1517 371 1631 398 dierum
1651 372 1746 397 XXX:

1493 403 1583 430 boves
1612 409 1692 431 retro
1719 412 1771 439 pa-

1495 443 1630 464 scentes:
1671 438 1770 471 perui-

1497 471 1571 498 citas
1601 470 1772 504 Troglody-

1512 508 1609 530 tarum
1632 504 1751 530 Aethio-

1496 546 1584 574 pum,
1613 546 1684 570 quoa
1712 538 1771 563 Ga-

1496 571 1773 604 ra111a111‹·,.·‹quadri-

182 359 258 396 ρος
287 339 389 391 ἁλός
417 339 629 391 κολωνὸς,
663 340 735 383 καὶ
767 337 910 395 ὕδωρ,
946 338 1018 381 καὶ
1049 337 1244 394 φοίνικες
1272 353 1436 392 καρπο-

182 413 316 469 φόροι
344 411 520 462 πολλοὶ,
562 410 752 466 κατάπερ
784 411 857 454 καὶ
883 411 929 454 ἐν
959 416 1072 454 τοῖσι
1102 410 1305 463 ἑτέροισι·
1363 409 1438 451 καὶ

182 483 412 538 ἄνθρωποι
451 481 644 525 οἰκέουσι
681 482 729 525 ἐν
771 481 910 537 αὐτῷ,
953 487 1066 525 τοῖσι
1097 480 1269 536 οὔνομα
1298 479 1439 535 Γαρά-

179 553 335 609 μαντὲς
376 553 464 597 ἐστι
504 554 632 605 ἔθνος
668 553 776 608 μέγα
813 554 1016 607 ἰσχυρῶς·
1621 605 1626 610 .

180 629 264 680 γῆν
300 624 626 681 ἐπιφορέοντες,
666 624 780 667 οὕτω
812 624 1059 679 σπείρουσι·
1110 606 1693 678 fivkuwtwwvgogiscapiunt.

182 695 222 738 δ’
266 696 351 738 ἐστὶ
398 696 441 747 ἐς
483 697 587 747 τοὺς
624 694 944 750 Λωτοφάγους,
993 695 1040 739 ἐκ
1068 698 1169 751 δτῶν
1210 694 1446 749 τριήκοντα

1096 555 1118 569 (Χ
1160 552 1171 566 ἳ
1208 553 1216 567 ἱ
1287 552 1294 565 ἱ
1363 550 1383 564 (Ι

1075 569 1118 595 οι
1155 569 1221 594 επι
1250 568 1328 595 τον
1357 555 1439 593 aloc

153 765 381 824 Ξὴμερέων
437 768 480 820 ἐς
538 766 699 819 αὐτούς
755 765 859 819 ὁδός
915 766 1022 811 ἐστι·
1093 766 1140 809 ἐν

126 968 198 1004 que
237 954 284 990 ad
319 953 409 989 fines
435 952 595 1000 regionis
623 951 785 996 Fezzan,

125 1024 148 1048 a
179 1010 308 1059 quibus
338 1022 408 1044 uno
430 1008 500 1045 diei
521 1008 707 1044 intervallo
729 1008 785 1043 di-

125 1071 197 1103 stat
223 1065 327 1101 Zuila
345 1065 427 1101 urbs
441 1091 452 1110 ‚
482 1076 503 1100 a
525 1076 598 1112 qua
616 1065 702 1101 inde
724 1076 785 1099 us-

124 1136 198 1172 que
238 1122 286 1158 ad
314 1119 446 1170 Augila
478 1121 609 1169 viginti
643 1121 784 1156 dierum

124 1179 193 1216 iter
246 1190 327 1214 esse
372 1177 531 1214 Arabum
583 1177 786 1226 geographi

126 1234 323 1272 affirmant.
358 1234 485 1281 ltaque
499 1233 568 1269 hoc
583 1233 661 1270 loco
675 1233 785 1278 idem,

126 1292 225 1340 quod
253 1303 361 1340 supra
388 1289 461 1334 lV,
494 1290 593 1336 181,
623 1289 787 1326 obtinere

127 1348 270 1384 videtur
295 1347 491 1394 malimque
510 1346 657 1382 credere
677 1357 787 1381 unam

129 1404 324 1441 stationem
353 1402 607 1439 intermediam
634 1402 680 1438 ab
707 1401 787 1438 He·-

128 1460 260 1498 rodoto
292 1461 461 1496 omissam
489 1458 624 1503 videri,
652 1458 787 1507 proba-

128 1516 250 1554 biliter
268 1517 303 1551 in
328 1515 407 1551 loco
435 1514 538 1559 Zala,
562 1516 623 1563 qui
645 1514 690 1550 ab
711 1512 787 1550 Au-

127 1573 211 1621 gilis
258 1576 295 1609 et
334 1570 440 1607 Zuila
474 1583 592 1619 aeque
627 1574 786 1606 remotus

126 1630 242 1666 fertur
283 1628 407 1664 decem
459 1627 597 1663 dierum
645 1626 785 1662 itinere.

128 1685 237 1721 Conf.
259 1684 418 1721 Hem—en.
436 1683 549 1720 Ideen
568 1682 623 1728 ΙΙ,
654 1686 679 1723 2
699 1695 785 1731 pag.

129 1743 211 1782 226
242 1740 318 1777 coll.
372 1739 548 1776 Niebuhr.
574 1738 787 1777 Vermischt.

129 1797 274 1835 Schrist.
296 1796 310 1832 Ι
330 1808 414 1846 pag.
439 1795 530 1836 146.

189 1848 467 1904 Γαράμαντες]
501 1851 599 1888 Alios
626 1864 706 1889 esse
732 1854 789 1887 at-

131 1923 204 1959 que
230 1923 313 1957 eos,
349 1910 410 1957 qui
440 1908 511 1954 lV,
543 1909 621 1948 183
653 1920 791 1944 memo-

132 1970 258 2003 rantur
280 1966 349 2001 iam
369 1965 583 2001 monuimus.
627 1964 699 2006 Qui
720 1964 791 1999 hoc

132 2023 212 2059 loco
241 2025 569 2059 commemorantur
587 2020 792 2056 Garaman-

135 2082 205 2125 tes,
238 2092 299 2115 eos
332 2078 390 2113 vix
428 2077 578 2113 dubium
608 2080 662 2113 est
692 2075 793 2111 iuco-

132 2135 242 2172 luisse
296 2134 503 2182 regionem,
564 2144 658 2181 quae
707 2131 792 2167 olim

135 2191 327 2229 Phazania
345 2190 559 2233 vocabatur,
589 2201 685 2225 nunc
703 2187 794 2223 Fez-

133 2261 227 2291 zaim
271 2248 307 2284 in
338 2260 410 2296 qua
428 2246 511 2282 olim
529 2246 678 2291 Germa,
708 2244 793 2280 urbs

133 2304 326 2356 primaria,
356 2304 391 2339 in
424 2303 524 2339 cuius
551 2301 665 2337 locum
698 2313 794 2338 nune

136 2361 243 2398 cessit
285 2358 449 2396 nonnihil
494 2362 638 2396 remota
677 2356 793 2393 Zuz'la

136 2418 245 2461 urbs,
276 2429 370 2465 quae
399 2428 442 2453 ex
466 2414 638 2464 Aegypto
666 2414 792 2463 profe-

138 2473 204 2508 ctis
223 2473 335 2509 fertur
355 2485 435 2509 esse
453 2472 560 2508 statio
581 2483 623 2507 ac
641 2471 793 2516 mansio,

139 2530 272 2565 florens
303 2529 538 2574 commercio,
582 2526 680 2575 quod
708 2527 793 2563 inde

138 2596 203 2634 per
231 2596 371 2621 omnem
400 2584 556 2621 Africam
586 2582 794 2620 interiorem

141 2640 350 2677 instituitur.
421 2640 474 2677 Ac
528 2652 644 2691 prope
689 2638 795 2675 Zuila

141 2708 260 2744 aquae
297 2695 408 2732 dulcis
440 2698 558 2734 fontes
594 2708 674 2733 esse
696 2694 796 2731 affir-

141 2756 243 2788 mant
289 2752 444 2800 salisque
491 2755 600 2790 etiam
648 2763 796 2800 campos

142 2808 291 2844 multum
320 2812 499 2846 extensos.
536 2808 713 2845 Accurate
732 2809 797 2844 de-

144 2865 286 2915 scripsit
314 2864 500 2913 regionem
526 2865 657 2903 Ritter.
679 2863 796 2901 Erdk.

1202 769 1315 808 τοῖσι
1370 763 1446 808 καὶ

841 951 858 987 Ι
877 951 1005 1000 p.989
1023 948 1100 987 coll.
1120 948 1275 986 Bennel.
1297 947 1389 989 657.
1403 947 1505 984 Hee-

841 1019 917 1044 ren.
953 1006 1006 1051 Π,
1050 1008 1068 1044 1
1112 1019 1149 1055 p.
1181 1007 1263 1045 223
1306 1018 1382 1053 seq.
1422 1005 1504 1044 238

840 1063 1025 1100 Mannert.
1043 1062 1089 1108 X,
1106 1065 1131 1102 2
1149 1074 1185 1111 p.
1201 1061 1290 1101 184.
1305 1060 1386 1101 574
1399 1072 1502 1108 seqq.

842 1119 936 1160 585.
996 1119 1221 1161 Quibuscum
1272 1118 1397 1154 confer
1441 1117 1505 1162 sis,

842 1189 938 1224 quae
956 1176 1002 1211 ad
1026 1174 1202 1223 Pompon.
1223 1173 1308 1211 Mel.
1330 1173 1367 1218 I,
1399 1174 1445 1219 8,
1473 1173 1500 1210 7

842 1245 927 1282 pag.
947 1233 1029 1271 227
1052 1243 1127 1279 seq.
1148 1234 1241 1267 nott.
1266 1243 1396 1278 exegg.
1417 1228 1500 1266 Vol,

843 1289 893 1325 lll
914 1288 956 1324 P.
975 1288 991 1324 l
1009 1287 1200 1323 adnotavit
1220 1286 1426 1323 Tzschuck,

901 1372 940 1410 οἳ
960 1392 1012 1398 -
1046 1367 1149 1409 οὕτω
1172 1370 1402 1421 σπείρουσι]
1434 1369 1505 1406 Sa-

844 1428 913 1466 lem
939 1427 1129 1478 probabile
1158 1431 1215 1463 est
1240 1427 1314 1463 fimi
1337 1427 1417 1463 loco
1439 1426 1507 1461 ad-

845 1486 960 1521 hiberi
1002 1485 1039 1520 in
1085 1484 1234 1532 regione
1273 1483 1362 1520 alias
1400 1481 1507 1519 valde

844 1541 955 1578 sterili
978 1545 1091 1588 atque
1113 1552 1288 1585 arenosa,
1320 1551 1415 1588 quae
1431 1550 1508 1574 non

843 1597 911 1633 nisi
944 1596 1056 1633 multo
1090 1597 1175 1633 fimo
1197 1596 1355 1631 adducto
1378 1593 1505 1631 fertilis

843 1653 947 1690 reddi
968 1653 1096 1702 possit.
1129 1653 1187 1689 Cf.
1207 1651 1505 1689 Heeren.ldeen.

842 1709 898 1754 ll,
929 1713 954 1751 2
976 1722 1061 1759 pag.
1079 1710 1174 1748 229.

903 1787 1206 1843 συντομώτατον
1253 1785 1295 1829 δ’
1341 1787 1422 1829 ἐστὶ
1466 1787 1508 1836 ἐς

843 1847 938 1896 τούς
955 1845 1250 1899 Λωτοφάγους]
1283 1848 1305 1884 i.
1325 1860 1357 1885 e.
1378 1848 1508 1883 brevis-

848 1909 937 1943 sima
967 1920 989 1942 α
1007 1906 1285 1943 Garamantibus
1306 1907 1355 1939 est
1376 1905 1436 1939 via
1458 1902 1508 1938 αῑῐ

847 1963 1076 2011 Lotophagos
1091 1963 1246 2008 triginta
1258 1961 1403 1996 dierum.
1434 1958 1509 1995 Lo-

847 2019 1030 2068 tophagos
1051 2018 1216 2054 novimus
1247 2017 1338 2063 (vid.
1354 2020 1446 2052 nott.
1459 2015 1509 2051 ad

846 2075 918 2121 IV,
952 2071 1047 2124 177)
1091 2074 1139 2109 ad
1166 2073 1301 2120 Syrtim
1330 2073 1508 2109 minorem

848 2145 962 2182 prope
984 2129 1173 2179 Tripolin,
1206 2141 1300 2177 quae
1328 2141 1422 2165 nunc
1440 2141 1506 2163 vo-

847 2192 948 2224 catur
987 2187 1184 2222 habitasse.
1247 2185 1281 2220 A
1309 2197 1381 2234 qua
1416 2184 1506 2221 urbe

850 2257 944 2292 quae
982 2243 1039 2279 via
1068 2255 1134 2292 per
1163 2243 1308 2278 deserta
1332 2241 1433 2277 ducit
1460 2240 1509 2276 ad

848 2300 1019 2345 Fezzan‚
1048 2311 1127 2335 eam
1156 2298 1213 2334 hic
1234 2297 1388 2345 intelligi
1410 2300 1509 2333 recte

849 2361 1009 2393 statuere
1038 2355 1183 2391 videtur
1207 2355 1368 2391 Heeren.
1391 2353 1443 2392 ld.
1462 2353 1508 2399 ΙΙ,

849 2417 875 2453 2
898 2426 981 2462 pag.
1010 2411 1093 2452 234
1112 2424 1214 2459 seqq.
1249 2409 1412 2458 singulas
1435 2413 1509 2445 sta-

849 2471 967 2506 tiones
990 2468 1127 2504 itineris
1150 2471 1316 2504 accurate
1329 2466 1507 2510 indicans,

851 2525 951 2574 quod
998 2529 1124 2560 nostra
1171 2524 1345 2559 memoria
1384 2521 1508 2570 Lyon,

850 2581 988 2630 Anglus
1016 2581 1146 2628 homo,
1176 2581 1328 2628 triginta
1349 2591 1411 2614 sex
1431 2578 1509 2614 die-

849 2638 928 2683 bus,
958 2649 1108 2686 quorum
1128 2649 1191 2674 sex
1213 2636 1323 2684 quieti
1348 2633 1507 2679 dederit,

852 2693 1052 2730 confecisse
1073 2694 1220 2738 dicitur3
1250 2692 1286 2728 id
1308 2690 1407 2739 quod
1427 2703 1505 2726 cum

852 2750 1075 2787 Herodoteis
1134 2760 1336 2795 congruere
1394 2750 1507 2795 patet.

852 2806 952 2843 Add.
980 2805 1163 2842 Mannert.
1197 2804 1255 2849 Χ,
1292 2807 1317 2844 2
1346 2816 1380 2854 p.
1414 2801 1506 2842 574-

853 2861 1031 2900 Niebuhr.
1051 2861 1074 2899 l.
1099 2861 1121 2898 l.
1139 2875 1176 2912 p.
1203 2859 1293 2901 147.
