1904 3304
453 246 536 287 372

853 242 1324 282 HERODOT1

455 358 632 400 πολλῶν
664 351 886 408 Ἑλλήνων
925 351 1037 407 ἔχειν
1076 351 1127 395 τὸ
1158 351 1330 408 οὕνομα
1358 350 1570 408 γυναικὸς
1600 350 1727 395 αὐτό-

456 432 640 483 χθονος·
692 421 719 478 ἡ
765 422 811 464 δὲ
843 420 962 478 Ἀσίη
1002 422 1070 466 ἐπὶ
1107 426 1190 479 τῆς
1219 423 1482 480 Προμηθέος
1519 422 1728 479 γυναικὸς

429 497 542 553 4τὴν
572 494 836 549 ἐπωνυμίην.
895 493 968 536 καὶ
1005 488 1166 536 τούτοὺ
1207 495 1286 549 μὲν
1323 493 1727 551 μεταλαμβάνονται
1767 520 1770 522 ψ

457 571 537 610 τοῦ
562 563 808 620 οὐνόματος
829 564 993 612 Λυδοὶ,
1025 562 1215 620 φάμενοι
1239 564 1306 607 ἐπὶ
1322 562 1493 616 Ἀσίεω,
1522 571 1604 609 τοῦ
1636 565 1727 610 Ko''-

456 654 577 689 τυος,
607 639 688 679 τοῦ
717 633 907 687 Μάνεω,
937 639 1172 691 κεκλῆσθαι
1201 635 1283 691 τήν
1306 634 1471 692 Ἀσίην,
1511 635 1606 680 ἀλλ’
1638 636 1722 680 οὐκ
1792 637 1871 676 801
1900 646 1904 647 ’

458 709 527 752 ἐπὶ
567 711 644 764 τῆς
686 705 951 763 Προμηθέος
989 706 1147 763 Ἀσίης·
1200 704 1276 751 ἀπ’
1318 705 1416 749 ὅτευ
1455 708 1527 750 καὶ
1563 708 1642 764 τήν
1682 709 1783 752 ἐν61

463 851 492 904 ἦ
520 851 562 891 δὲ
579 847 688 900 Ἀσίη
716 849 781 890 ἐπὶ
804 853 877 901 τῆς
900 853 1070 902 Προμη-

405 909 506 956 θέος
525 903 735 961 γυναικός]
767 908 860 944 Cum
877 908 1070 946 Herodoto

406 968 494 1005 facit
513 966 690 1016 Stephan.
709 965 801 1014 ByZ.
831 977 858 1001 s.
885 978 918 1002 v.
947 960 1067 1004 Ἀσία.

407 1023 477 1061 Alii
514 1022 638 1059 Asiam
675 1021 883 1058 Promethei
925 1026 1069 1059 matrem

407 1079 615 1131 appellant,
646 1086 687 1115 ut
712 1077 879 1114 Eustath.
907 1079 954 1115 ad
979 1079 1070 1115 Dio-

407 1149 490 1185 nyS.
511 1136 655 1183 Perieg.
676 1136 776 1179 270,
807 1133 885 1170 coll.
907 1135 955 1171 ad
974 1137 1068 1180 620,

408 1193 470 1242 qui
501 1191 718 1228 Herodotea
749 1190 885 1236 citans,
925 1191 1072 1228 exhibet

409 1244 558 1299 μητρός
588 1247 673 1297 (pro
696 1242 928 1297 γυναικός),
957 1246 1073 1296 Apol-

406 1304 582 1351 lodor.1‚
611 1305 649 1342 2.
679 1304 705 1343 3
737 1302 817 1350 (ubi
836 1304 925 1340 conf
951 1302 1073 1351 Heyn.

408 1362 585 1399 Observv.
607 1373 645 1409 p.
668 1362 720 1400 10
742 1364 777 1396 et
796 1359 881 1397 add.
901 1355 1079 1396 wicker.

406 1415 615 1466 Mytholog.
663 1415 700 1452 d.
744 1416 861 1466 lapet.
902 1429 938 1466 p.
990 1415 1070 1456 375

408 1473 532 1524 seqq.)
570 1472 642 1509 alii.
702 1470 760 1510 De
789 1471 898 1508 Asiae
932 1485 1020 1509 voce
1049 1485 1071 1508 a

406 1531 559 1579 regione
578 1527 720 1576 Lydiae
736 1542 853 1579 prope
876 1528 1071 1577 Caystrum

409 1587 459 1624 ad
504 1585 707 1622 universam
746 1585 844 1621 orbis
895 1588 1071 1622 terrarum

405 1645 550 1694 partem
568 1641 736 1678 traducta
754 1640 828 1677 vid.
847 1640 980 1691 Heyne
993 1641 1072 1677 Ob-

408 1711 525 1736 servv.
547 1698 595 1734 ad
617 1696 768 1735 Homer.
789 1696 889 1733 Iliad.
913 1697 963 1733 lV
983 1710 1068 1747 pag.

408 1757 504 1796 278.
550 1752 632 1791 Alia
657 1753 704 1790 de
719 1754 830 1790 Asiae
857 1754 1005 1791 nomine
1023 1754 1071 1790 ad

408 1811 553 1861 Lydiae
568 1813 701 1847 certam
715 1810 899 1859 quandam
911 1810 1072 1860 particu-

408 1867 481 1904 lam
506 1866 655 1917 proprie
673 1868 878 1916 pertinente
897 1871 933 1904 et
946 1866 1072 1916 paula-

409 1924 475 1961 tim
497 1923 631 1960 deinde
647 1924 696 1960 ad
715 1927 868 1960 tractum
888 1923 985 1961 orbis
998 1928 1074 1960 ter-

410 1993 530 2018 rarum
556 1980 761 2017 universum
779 1980 949 2017 traducto
968 1980 1073 2016 dabit

410 2036 628 2085 Bernhardy
666 2037 714 2073 ad
744 2036 898 2085 Dionys,
927 2036 1072 2085 Perieg.

413 2095 495 2134 836
531 2107 568 2144 p.
607 2090 690 2132 754
727 2106 769 2130 ac
799 2105 887 2143 prae
920 2093 1073 2130 caeteris

411 2149 630 2186 Tzschucke
659 2149 707 2185 ad
730 2149 907 2199 Pompon.
932 2149 1020 2187 Mel.
1046 2149 1075 2196 Ι,

411 2209 438 2247 2
459 2205 536 2242 init.
558 2209 654 2242 nott.
671 2218 802 2254 exegg.
824 2204 905 2241 Vol.
926 2205 976 2242 lll
994 2205 1035 2243 P.
1058 2205 1075 2242 Ι

412 2275 499 2312 pag.
522 2264 576 2302 52
606 2261 653 2298 de
673 2261 742 2298 hoc
759 2262 906 2298 nomine
925 2263 1076 2311 eiusque

414 2318 516 2354 varia
559 2317 827 2365 significatione
868 2319 1076 2368 copiosissi—

415 2386 473 2411 me
485 2374 687 2424 disputans.
709 2374 844 2411 Ritter.
856 2374 1029 2411 Vorhalle
1039 2388 1075 2424 p.

416 2431 510 2470 300.
551 2428 645 2470 457.
676 2428 768 2476 Α467
805 2430 913 2466 Asiae
944 2444 1078 2468 nomen

415 2485 620 2534 significare
639 2487 829 2523 contendit
849 2500 987 2524 sacram
1009 2491 1078 2524 ter-

415 2554 514 2589 ram,
554 2541 742 2591 Odinique
782 2555 804 2580 a
844 2544 948 2580 sociis
962 2573 973 2590 ,
1013 2545 1076 2592 qui

413 2599 508 2636 Asea
545 2596 653 2646 vulgo
688 2605 888 2646 vocantur,
927 2601 1078 2651 repetit.

415 2654 527 2700 Quod
549 2654 733 2692 monuisse
755 2655 842 2691 satis
864 2656 943 2693 erit.

473 2707 648 2761 φάμενοι
693 2709 758 2750 ἐπὶ
799 2706 938 2750 Ἀσίεω
953 2741 964 2758 ,
1003 2714 1077 2751 τοῦ

415 2762 592 2814 Κότυος,
618 2769 689 2805 τοῦ
713 2762 892 2817 Μάνεω]
925 2769 983 2805 Cf.
1001 2769 1077 2805 Eu-

412 2823 524 2861 stath.
547 2824 595 2860 ad
605 2823 756 2872 Dionys.
771 2826 863 2866 620.
894 2824 947 2861 Ac
965 2837 1077 2875 supra

413 2881 448 2928 1,
479 2882 503 2919 7
526 2880 622 2930 Lydi
651 2893 673 2917 a
691 2879 819 2931 Lydo,
849 2881 954 2931 Atyis
988 2881 1074 2928 filio,

1128 852 1199 887 orti
1230 851 1420 898 dicuntur,
1449 852 1511 900 qui
1528 852 1625 890 idem
1648 852 1738 901 Atys
1760 852 1789 899 1,

1129 907 1182 947 94
1201 907 1330 944 ,Μαιιίε
1351 908 1564 957 perhibetur
1581 909 1695 954 filius,
1726 909 1789 958 qui

1126 965 1161 1000 h.
1183 963 1204 1000 l.
1223 970 1374 1001 vocatur
1387 965 1512 1012 Cotys.
1543 965 1602 1002 De
1622 978 1696 1014 quo
1714 965 1789 1002 dis-

1127 1033 1238 1058 sensu
1263 1021 1332 1057 iam
1367 1021 1414 1056 ad
1445 1021 1479 1067 1,
1510 1022 1564 1062 94
1595 1034 1680 1071 pag.
1705 1021 1782 1062 241

1125 1077 1329 1114 monuimus
1356 1078 1540 1114 Herodoti
1568 1079 1677 1116 verba
1709 1091 1790 1115 mu-

1126 1134 1241 1170 tanda
1272 1146 1351 1170 esse
1380 1139 1570 1183 negantes.
1618 1133 1791 1183 Namque

1128 1195 1167 1226 ut
1203 1191 1347 1226 codices
1377 1195 1519 1227 taceam
1549 1192 1790 1239 refragantes,

1130 1246 1190 1282 alii
1220 1258 1369 1294 quoque
1388 1251 1529 1283 exstant
1551 1251 1685 1293 testes,
1716 1246 1791 1283 Co-

1128 1306 1226 1350 tyem
1267 1301 1388 1338 Manis
1424 1302 1536 1339 filium
1566 1303 1628 1352 qui
1666 1303 1791 1353 perhi-

1130 1359 1241 1404 bent3
1276 1364 1313 1395 ut
1331 1372 1418 1397 sane
1436 1359 1595 1410 proclive
1613 1361 1658 1396 sit
1683 1359 1792 1408 quid-

1130 1427 1242 1464 quam
1262 1419 1414 1453 mutare.
1453 1416 1536 1452 Alia
1556 1429 1652 1453 nunc
1671 1416 1794 1453 mitta-

1130 1484 1233 1516 mus3
1285 1485 1394 1508 unum
1434 1473 1624 1509 audiamus
1659 1472 1790 1511 Ritter.

1128 1527 1286 1564 Vorhall.
1313 1541 1349 1576 p.
1376 1529 1456 1569 365
1478 1530 1626 1565 nomina
1646 1527 1791 1574 Manes,

1131 1583 1260 1633 Cotys,
1298 1583 1414 1634 Botys
1449 1585 1497 1621 ad
1526 1586 1707 1623 Graecam
1735 1588 1792 1622 in-

1129 1640 1249 1677 dolem
1280 1639 1403 1678 efficta
1429 1645 1677 1687 statuentem,
1708 1654 1791 1678 cum

1129 1710 1213 1734 vere
1271 1697 1344 1733 sint
1401 1698 1550 1734 asiatica
1601 1711 1623 1735 e
1672 1698 1791 1746 prisco

1128 1753 1309 1790 Buddhae
1340 1758 1533 1803 tempore,
1575 1754 1636 1790 ubi
1667 1752 1793 1790 Menos

1129 1810 1227 1846 idem
1263 1812 1362 1859 quod
1398 1810 1493 1845 homo
1531 1810 1649 1858 (unde
1685 1823 1792 1856 mens,

1129 1865 1270 1911 Minos)
1301 1871 1338 1903 et
1367 1865 1492 1903 Klaoclo
1519 1880 1561 1905 ae
1579 1866 1683 1903 Boda
1702 1866 1793 1905 Per-

1130 1936 1252 1960 sarum
1274 1923 1357 1960 sint.

1187 1974 1254 2018 ἄπ’
1287 1975 1399 2029 ὅτευ]
1440 1979 1541 2018 Male
1570 1979 1680 2029 vulgo
1708 1973 1791 2018 οἷπό

1131 2050 1209 2075 τευ.
1250 2036 1308 2073 Cf.
1342 2036 1376 2083 1,
1422 2039 1446 2076 7
1484 2037 1608 2087 ibique
1644 2037 1794 2073 citatum

1131 2094 1284 2139 Struve,
1324 2093 1433 2143 Spec.
1476 2093 1514 2139 I,
1554 2094 1617 2142 qui
1657 2093 1792 2130 ibidem

1132 2163 1219 2199 pag.
1255 2149 1281 2189 5
1314 2154 1479 2186 nostrum
1512 2151 1636 2198 attigit
1663 2149 1793 2194 locum,

1132 2208 1169 2243 in
1190 2219 1262 2255 quo
1281 2219 1362 2242 cum
1382 2207 1568 2242 Sancrosti
1585 2206 1676 2242 liber
1692 2204 1793 2241 exhi-

1133 2263 1221 2300 beat
1251 2257 1310 2301 ἐπ’
1331 2257 1420 2300 ὅτευ
1454 2262 1575 2310 (quod
1593 2262 1711 2311 ipsum
1731 2273 1791 2298 re-

1133 2319 1229 2369 cepit
1280 2318 1510 2364 Schaefer.)‚
1557 2322 1678 2354 utrum
1726 2312 1793 2355 ἄπ’

1133 2371 1221 2414 ὅτευ
1269 2386 1315 2410 an
1359 2368 1418 2413 ἐπ’
1454 2369 1542 2412 ὅτευ
1577 2373 1792 2411 Herodotus

1134 2431 1340 2480 scripserit,
1382 2430 1534 2467 definire
1565 2443 1639 2467 non
1664 2430 1791 2476 audet,

1134 2500 1213 2525 cum
1253 2492 1445 2535 utramque
1481 2488 1792 2537 praepositionem

1134 2543 1274 2581 Nostro
1324 2543 1359 2579 in
1409 2555 1475 2580 usu
1517 2543 1628 2581 fuisse
1670 2542 1792 2594 plures

1135 2599 1332 2636 ostendant
1357 2599 1436 2636 loci.
1476 2600 1538 2636 Sic
1568 2599 1637 2636 hoc
1655 2601 1737 2651 ipso
1754 2600 1793 2636 in

1134 2656 1254 2705 capite
1298 2655 1433 2705 pluries
1480 2656 1661 2693 invenitur
1703 2655 1793 2700 ἐπί·,

1134 2712 1210 2748 aliis
1251 2711 1338 2748 locis
1372 2717 1409 2749 ut
1437 2711 1474 2758 I,
1515 2715 1551 2752 7.
1590 2711 1669 2753 145
1705 2706 1793 2751 οἷπό.

1133 2768 1229 2812 Quin
1248 2768 1464 2817 plerumque
1480 2769 1561 2806 libri
1579 2768 1705 2818 scripti
1724 2770 1794 2805 flu-

1133 2830 1258 2861 etuaut
1282 2825 1376 2862 iuter
1392 2824 1458 2864 ἐπί
1476 2830 1512 2863 et
1524 2820 1611 2864 ἀπό.
1642 2825 1718 2870 Sic,
1738 2825 1791 2861 uti

1133 2881 1201 2918 hoc
1220 2886 1314 2929 utar,
1344 2894 1411 2931 pro
1431 2880 1514 2920 ἐπὶ
1533 2876 1696 2932 Λιβύης
1715 2885 1790 2919 tres

1901 832 1904 884 Ι
