1904 3304
387 236 471 278 174

786 236 1260 278 HERODOTI

385 345 651 399 συνοίκοισι,
695 346 769 390 καὶ
798 346 974 402 Μαρσὶ,
1012 347 1239 405 τριηκόσια
1277 347 1465 393 τάλαντα
1503 351 1654 404 προεί-

353 421 510 474 4ρητο.
568 416 704 473 νομός
745 419 916 469 εἴνατος
955 419 1030 462 καὶ
1077 420 1256 471 δέκατος
1303 415 1446 473 οὗτος.
1503 422 1654 466 Ἰνδῶν

381 488 428 532 δὲ
467 487 640 545 πλῆθός
677 505 722 532 τε
770 493 920 547 πολλῷ
966 490 1170 534 πλεῖστόν
1218 491 1307 535 ἐστι
1345 491 1522 535 πάντων
1563 497 1654 536 τῶν

383 558 505 616 ἡμεῖς
533 561 657 615 ἴδμεν
689 559 965 614 ἀνθρώπων,
1002 560 1075 604 καὶ
1105 559 1251 617 φόρον
1279 561 1516 618 ἀπαγίνεον
1546 561 1709 618 πρός85

380 629 547 683 πάντας
575 631 677 683 τοὺς
706 630 866 684 ἄλλους
897 629 1102 688 ἑξήκοντα
1141 633 1214 676 καὶ
1244 633 1473 691 τριηκόσια
1501 634 1654 679 τάλαν-

322 795 382 827 tur
404 791 569 839 gentium
596 791 743 828 nomina
766 792 988 831 confudisse.

323 845 466 884 ‚Moschi
482 849 581 897 apud
610 848 893 898 Xenophontem
915 862 988 885 non

325 909 531 951 occurrunt,
558 905 624 942 sed
646 905 744 955 apud
756 905 988 943 Herodotum

323 959 406 1007 VH,
423 962 489 1001 78.
531 961 589 998 De
610 962 792 998 montibus
815 961 989 998 Moscho-

323 1029 404 1054 rum
432 1017 526 1054 conf.
560 1018 681 1055 Strab.
705 1019 757 1054 XI
784 1032 820 1068 p.
841 1018 924 1058 492
955 1031 984 1056 s,

324 1073 409 1114 754
432 1072 475 1110 A.
505 1078 541 1112 et
570 1075 638 1111 XlI
668 1088 703 1124 p.
727 1074 818 1116 521.
848 1074 929 1115 548
956 1088 986 1114 S.

325 1132 407 1169 793
436 1133 478 1167 A.
506 1134 543 1168 et
572 1131 652 1172 825
679 1132 723 1168 B.
779 1131 859 1168 Alia
885 1132 988 1168 dabit

322 1186 536 1225 Tzschucke
559 1188 606 1224 ad
619 1188 794 1237 Pouipon.
818 1187 902 1225 Mel.
926 1188 989 1235 ΙΙΙ,

322 1243 347 1284 5
369 1241 406 1294 §.
429 1244 455 1284 4
478 1256 564 1293 pag.
588 1246 666 1285 139
685 1257 762 1293 seq.
795 1245 988 1281 Tibarenos

321 1301 423 1337 novit
441 1300 662 1350 Xenophon.
681 1301 797 1338 Anab.
820 1302 866 1347 V,
887 1301 926 1347 5,
951 1304 987 1348 1,

322 1357 385 1394 ubi
406 1357 542 1393 consul.
568 1357 727 1405 Kriiger.
757 1357 816 1395 De
837 1356 988 1394 Macro-

320 1414 426 1451 m'bus
449 1413 522 1450 dixi
551 1414 598 1450 ad
623 1413 668 1460 ll,
695 1414 785 1455 104.
816 1412 983 1452 Maltebr.

322 1470 383 1507 l.l.
411 1470 476 1507 has
506 1474 657 1519 genteS‚
688 1483 796 1508 unam
824 1475 910 1521 post
933 1471 985 1508 al-

321 1531 452 1573 teram,
466 1527 651 1564 habitasse
670 1528 797 1564 statuit
824 1528 859 1564 in
881 1540 985 1565 mon-

321 1584 418 1620 tibus
441 1583 595 1620 Caucasi
616 1584 663 1620 ad
686 1584 862 1633 Caspium
883 1597 984 1622 mare

316 1652 434 1689 usque
452 1640 727 1689 pertinentibus.
761 1639 929 1677 Moschos
948 1644 984 1678 et

320 1695 516 1734 Tibarenos
527 1700 630 1733 vocat
642 1709 791 1747 quoque
803 1698 982 1748 Pompon.

316 1752 417 1790 Mela
440 1753 468 1799 Ι,
484 1755 508 1792 2
532 1751 568 1803 ἓ.
590 1752 655 1793 54.

375 1812 455 1848 Mo
472 1808 788 1859 συνοίκοισι]
809 1810 981 1848 Recentt.

317 1866 401 1904 edd.
427 1867 608 1903 dederunt
630 1868 702 1905 Mo
715 1878 737 1905 σ
751 1866 982 1905 συνοίκοισι

317 1936 338 1960 e
358 1923 541 1959 Sancrofti
560 1922 664 1970 libro,
688 1923 867 1973 Stephan.
889 1924 979 1972 Byz.

316 1992 346 2016 s.
369 1992 401 2015 V.
432 1984 468 2017 et
489 1979 629 2017 Herod.
661 1979 741 2025 Vll,
764 1982 829 2020 78.
867 1978 979 2029 Apud

312 2035 482 2085 Xenoph.
495 2034 629 2083 (Anab.
639 2036 701 2083 Vl,
713 2035 782 2082 4,1
797 2035 874 2073 coll.
884 2037 930 2083 V,
941 2037 978 2077 5.

315 2095 351 2133 1.
370 2092 452 2139 Vll,
468 2094 506 2139 8,
518 2091 591 2143 27)
605 2093 733 2130 eadem
745 2093 901 2130 varietas
925 2093 977 2130 le-

313 2149 457 2186 ctionis.
506 2149 686 2198 Equidem
706 2163 785 2187 cum
806 2150 977 2199 Kriigero

312 2206 544 2255 scriptionem
560 2218 625 2255 per
635 2219 744 2243 unum
757 2207 789 2244 σ“
800 2207 979 2244 vetustio-

312 2275 389 2299 rem
413 2261 545 2311 habem,
577 2262 736 2312 indeque
764 2263 799 2301 h,
828 2262 848 2299 l.
870 2275 978 2313 prae-

311 2317 375 2354 tuli
420 2319 727 2357 Μοσυνοίκοισι.
800 2319 848 2356 Et
883 2320 977 2357 conf.

311 2374 434 2412 Strab.
462 2374 527 2420 Xl,
548 2376 598 2415 14
627 2388 662 2425 p.
682 2375 763 2416 528
783 2388 810 2411 S.
830 2377 906 2416 801
933 2376 976 2412 A.

310 2430 429 2468 Sedes
451 2431 571 2479 gentis
592 2431 629 2467 in
655 2432 835 2468 montibus
861 2444 977 2481 prope

310 2485 469 2524 Pontum
488 2487 669 2524 Euxinum
690 2491 807 2533 erant,
828 2492 977 2537 septen-

311 2542 468 2582 trionem
494 2556 616 2581 versus
647 2557 668 2581 a
692 2543 895 2591 Chalybum
917 2557 976 2582 re-

312 2599 436 2649 gione,
468 2605 505 2637 et
523 2599 716 2638 Tibarenis
738 2601 935 2650 proximae.

369 2655 435 2694 καὶ
466 2655 635 2707 Μαρσὶ]
682 2655 777 2695 Edd.
811 2661 974 2694 vetustae

314 2707 544 2763 Μάρδοισι;
568 2712 648 2749 libri
664 2713 788 2763 scripti
808 2726 852 2750 ex
871 2718 975 2764 parte

313 2770 522 2820 Μαρσοῖσι
557 2769 632 2807 sive
667 2767 898 2819 Μάρσοισι,
937 2773 975 2806 ut

311 2824 556 2864 Florentinus.
624 2826 736 2870 Quod
760 2838 857 2862 nunc
883 2825 976 2875 legi-

313 2885 384 2930 tur,
414 2894 458 2921 ex
474 2882 521 2920 Is.
542 2881 661 2921 Vossii
681 2883 888 2921 coniectura
907 2884 975 2920 flu-

1046 791 1096 828 xit
1124 791 1172 828 ad
1202 791 1291 830 Mel.
1320 791 1347 830 Ι.
1369 795 1395 834 2
1423 790 1458 843 §.
1487 792 1552 834 54.
1610 792 1710 832 Nam

1046 846 1194 894 Μανίας,
1226 849 1289 898 qui
1309 849 1390 896 Vll,
1411 852 1464 890 79
1495 850 1604 888 iidem
1630 863 1708 889 me-

1045 909 1250 952 morantur,
1281 903 1526 956 ‘Mosynoecis
1563 911 1710 945 conter-

1045 962 1143 998 mina
1164 975 1269 1009 gens,
1300 966 1394 1000 teste
1414 962 1543 1013 Steph.
1566 959 1656 1012 Byz.
1680 976 1708 1000 s.

1044 1030 1076 1054 v.
1110 1017 1230 1055 Unam
1250 1018 1372 1067 gentis
1395 1020 1528 1056 tribum
1550 1021 1585 1056 in
1605 1032 1712 1057 mon-

1045 1075 1140 1111 tibus
1161 1074 1316 1111 Caucasi
1336 1076 1638 1123 occidentalibus,
1657 1076 1711 1113 al·

1047 1135 1162 1168 teram
1182 1131 1218 1167 in
1243 1130 1415 1168 Armenia
1434 1133 1540 1170 sedes
1561 1132 1711 1170 habuis-

1048 1200 1087 1224 se
1107 1186 1181 1223 vult
1198 1187 1419 1225 Maltebrun.
1439 1187 1461 1224 l.
1483 1188 1506 1226 l.

1101 1238 1237 1282 Ἰνδῶν
1264 1258 1304 1282 τε
1332 1246 1494 1294 πλῆθος
1526 1259 1561 1283 κ.
1586 1258 1619 1283 τ.
1649 1243 1708 1295 λ.]

1046 1299 1154 1336 Conf.
1177 1299 1240 1346 ΙΙΙ,
1262 1301 1326 1339 98.
1358 1300 1473 1338 Plane
1493 1302 1649 1338 eundem
1670 1301 1707 1339 in

1046 1357 1195 1393 modum
1224 1356 1367 1393 Ctesias
1395 1357 1706 1409 1ndd.Excerptt.

1043 1410 1080 1463 ἓ.
1105 1415 1125 1453 1
1168 1412 1276 1449 Indos
1312 1413 1402 1450 dicit
1428 1414 1592 1460 πλείους
1620 1426 1707 1465 σχε-

1042 1465 1112 1507 δὸν
1165 1464 1407 1519 συμπάντων
1452 1465 1704 1521 ἀνθρώπων,

1041 1527 1289 1564 consentiente
1311 1527 1493 1564 Strabone
1515 1528 1548 1563 ΙΙ
1564 1541 1601 1578 p.
1626 1530 1705 1568 130

1041 1594 1069 1618 s.
1080 1595 1116 1632 p.
1134 1584 1211 1622 192
1225 1584 1267 1618 A.
1283 1581 1470 1619 etArrian.
1486 1583 1656 1630 Ind.V11,
1671 1586 1704 1623 1.

1098 1634 1199 1689 πρὸς
1233 1634 1385 1684 πάντας
1413 1635 1508 1685 τούς
1536 1637 1702 1690 ἄλλους]

1039 1694 1061 1730 i.
1084 1708 1116 1732 e.
1137 1708 1226 1744 prae
1248 1696 1393 1745 reliquis
1414 1697 1582 1744 omnibus,
1600 1702 1638 1734 ut
1656 1697 1705 1744 ΙΙ,

1040 1750 1105 1791 35.
1136 1752 1218 1788 Vid.
1233 1751 1364 1789 Matth.
1379 1752 1443 1789 Gr.
1457 1753 1521 1789 Gr.
1533 1767 1568 1804 p.
1586 1756 1703 1794 1182.

1040 1808 1222 1857 Schwgh„
1241 1809 1302 1857 qui
1324 1809 1425 1858 prius
1444 1809 1703 1860 interpretatus

1039 1869 1135 1901 erat:
1153 1878 1220 1914 pro
1233 1867 1367 1901 ratione
1379 1865 1529 1902 aliorum
1539 1868 1702 1913 omnium,

1038 1933 1133 1957 nunc
1149 1922 1316 1958 substitui
1337 1921 1411 1958 vult
1422 1923 1477 1969 (in
1489 1922 1613 1961 Lexic.
1625 1923 1705 1960 He-

1037 1978 1165 2026 rod.):
1206 1982 1327 2014 contra
1365 1991 1491 2028 quam,
1529 1992 1560 2016 s.
1592 1992 1704 2030 supra

1038 2046 1143 2083 quum
1163 2035 1294 2084 reliqui
1313 2048 1437 2072 omnes.

1095 2086 1290 2142 ἑξήκοντα
1312 2091 1379 2131 καὶ
1401 2086 1614 2143 τριηκόσια,
1633 2085 1701 2130 τά-

1036 2150 1159 2186 λαντα
1181 2144 1407 2200 ψήγματος]
1439 2152 1599 2185 ramenta
1619 2150 1706 2185 anri

1036 2205 1205 2254 intelligit
1249 2218 1276 2242 s.
1317 2205 1499 2255 pulverem
1539 2217 1702 2251 aureum,

1036 2261 1180 2311 qualem
1199 2275 1219 2299 e
1242 2263 1425 2298 montibus
1447 2262 1611 2299 auriferis
1631 2262 1700 2298 flu-

1034 2319 1082 2354 vii
1109 2331 1230 2355 secum
1256 2319 1387 2355 ferunt.
1419 2319 1475 2355 Cf.
1498 2318 1526 2364 I,
1550 2319 1615 2358 93.
1638 2317 1702 2364 ΙΙΙ,

1036 2375 1102 2415 95.
1126 2376 1191 2414 98.
1213 2375 1259 2421 V,
1277 2376 1365 2415 101.
1398 2373 1594 2411 Caeterum
1611 2373 1702 2410 haec

1035 2443 1176 2467 summa
1199 2430 1366 2467 CCCLX
1385 2429 1601 2466 talentorum
1623 2429 1700 2466 auri

1035 2488 1132 2535 (sive
1154 2487 1204 2523 lv
1224 2485 1477 2523 MDCLXXX
1505 2489 1702 2534 argenteo-

1033 2557 1112 2580 rum
1145 2543 1385 2590 talentorum)
1419 2542 1529 2578 nimia
1557 2542 1701 2579 videtur

1032 2599 1235 2645 Rennelio,
1266 2611 1345 2635 cum
1377 2610 1397 2635 e
1426 2598 1631 2648 Babylonia
1661 2602 1700 2635 et

1030 2655 1192 2704 Assyria,
1221 2667 1315 2704 quae
1339 2655 1497 2691 omnium
1518 2655 1699 2692 ditissima

1032 2714 1142 2750 suerit
1184 2712 1434 2761 praefectura,
1482 2711 1578 2748 mille
1615 2715 1699 2748 tau-

1030 2773 1106 2805 tum
1128 2768 1266 2805 talenta
1288 2768 1470 2813 redirent,
1494 2768 1558 2805 sed
1582 2767 1698 2817 respi-

1032 2826 1214 2871 ciendum,
1236 2824 1380 2875 opinor,
1403 2824 1612 2873 quodlndis
1624 2824 1695 2860 flu-

1031 2882 1078 2919 vii
1096 2882 1143 2919 de
1159 2881 1344 2919 montibus
1362 2881 1514 2919 multum
1531 2880 1609 2918 auri
1629 2879 1696 2917 ad-
