1904 3304
56 1019 175 1048 iuratis.

398 249 482 288 138

790 245 1262 286 HERODOTI

391 355 495 412 λὴν,
526 354 767 411 ἐνέκυρσαν
794 359 909 398 τοῖσι
926 354 1002 405 τὰς
1025 352 1224 411 άγγελίας
1252 355 1489 411 ἐσφέρουσι
1511 356 1664 400 εύνού-

392 439 535 485 χοισι,
567 429 614 470 οἵ
630 439 768 483 σφεας
798 425 998 480 ἱστόρεον
1032 425 1057 469 ὅ
1086 443 1128 469 τι
1156 427 1358 477 θέλοντες
1387 427 1559 482 ἥκοιεν·
1592 428 1665 471 καὶ

393 499 484 554 ἅμα
507 498 772 554 ἱστορέοντες
794 498 1004 549 τούτους,
1034 502 1148 540 τοῖσι
1167 502 1430 552 πυλουροῖσι
1451 497 1667 550 ἀπείλεον,
1678 505 1723 538 60

395 570 462 615 ὅτι
492 569 630 626 σφέας
658 572 882 625 παρῆκαν·
914 570 1036 624 ἰ’σχον
1055 584 1099 611 τε
1117 570 1415 625 βουλομένους
1439 570 1539 621 τοὺς
1561 569 1667 613 ἑπτὰ

363 642 440 694 3ές
468 641 516 686 τὸ
548 639 699 695 πρόσω
730 639 946 694 παριέναι.
998 641 1041 683 οῖ
1069 640 1133 689 δὲ,
1163 639 1564 695 διακελευσάμενοι,
1594 640 1668 684 καὶ

393 712 668 768 σπασάμενοι
696 711 749 754 τὰ
779 711 1034 767 ἐγχειρίδια,
1063 709 1250 762 τούτους
1280 711 1359 766 μὲν
1388 710 1492 762 τοὺς
1521 713 1669 767 ἴσχον-

393 802 469 836 τας
499 783 640 828 αὐτοῦ
669 780 806 840 ταύτῃ
833 782 1157 838 συγκεντέουσι·
1200 782 1325 826 αὐτοὶ
1349 783 1393 826 δὲ
1418 781 1547 838 ἤισαν
1569 780 1670 836 δρό-

267 854 333 899 78
391 874 458 914 μῳ
497 856 540 908 ἐς
578 855 656 900 τόν
697 853 935 910 ἀνδρεῶνα.

58 918 222 951 Magorum
239 918 336 945 virtus

58 956 89 978 et
107 952 232 979 caedes:
269 952 335 979 vul-

58 986 156 1012 norati
166 985 224 1013 duo
237 994 254 1013 u
263 994 334 1013 con-

1319 997 1409 1041 ἐπεὶ
1448 991 1511 1040 ὦν
1547 994 1668 1040 εἶδον

390 1072 495 1122 τοὺς
536 1069 778 1125 εὐνούχους
824 1068 1206 1124 τεθορυβημένους
1252 1084 1295 1111 τε
1336 1069 1408 1111 καὶ
1456 1072 1666 1125 βοῶντας,

393 1141 479 1186 ἀνά
507 1159 550 1186 τε
581 1143 773 1198 ἔδραμον
803 1140 935 1183 πάλιν
953 1138 1217 1195 ἀμφότεροι,
1247 1140 1321 1182 καὶ
1347 1138 1404 1191 ὠς
1426 1139 1595 1195 ἔμαθον
1614 1138 1664 1182 τὸ

361 1214 676 1270 Ξποιεύμενον,
716 1210 824 1266 πρὸς
854 1210 994 1267 ἀλκήν
1024 1210 1275 1266 ἐτράποντο.
1334 1210 1358 1255 ὁ
1390 1212 1468 1267 μὲν
1499 1211 1550 1266 δὴ
1591 1209 1726 1253 aij-70

390 1288 479 1328 τῶν
519 1283 686 1341 φθάνει
724 1283 776 1325 τα
805 1281 908 1334 τόξα
937 1281 1241 1337 κατελόμενος·
1288 1281 1311 1329 ὁ
1343 1282 1412 1334 δὲ,
1450 1281 1560 1334 πρὸς
1589 1279 1670 1337 τὴν

361 1355 556 1412 Βαίχμὴν
584 1353 805 1410 ἐτράπετο.
847 1353 1039 1397 ἐνθαῦτα
1071 1354 1117 1397 δὲ
1142 1352 1405 1409 συνέμισγον
1434 1352 1668 1407 α’λλήλοισι.

378 1431 439 1484 τῷ
460 1427 538 1484 μὲν
560 1425 611 1483 δὴ
632 1425 685 1468 τὰ
706 1424 810 1478 τόξα
827 1423 1094 1482 ἀναλαβόντι
1112 1423 1271 1477 αὐτῶν,
1293 1424 1458 1468 ἐόντων
1473 1440 1516 1468 τε
1537 1423 1678 1480 άγχοῦ

387 1503 476 1542 τῶν
503 1498 719 1553 πολεμίων
753 1496 827 1540 καὶ
856 1495 1200 1552 προσκειμένων,
1240 1488 1295 1552 ἦν
1325 1495 1486 1552 χρηστοὶ
1522 1495 1666 1538 ου’δέν.

363 1570 420 1613 4ὁ
453 1568 493 1614 δ’
525 1569 669 1624 ἔτερος
686 1572 740 1625 τῇ
771 1570 899 1624 αἰχμῇ
916 1568 1128 1625 ἠμύνετο,
1161 1567 1234 1610 καὶ
1258 1571 1387 1610 τοῦτο
1407 1569 1487 1622 μὲν
1506 1566 1668 1610 Ἀσπα-
1679 1575 1723 1609 75

391 1643 527 1698 θίνην
556 1643 674 1684 παίει
707 1641 750 1692 ἐς
779 1640 857 1684 τόν
886 1639 1049 1696 μηρόν,
1082 1641 1213 1681 τοῦτο
1245 1638 1290 1682 δὲ
1316 1636 1595 1694 Ἰνταφέρνεα
1625 1639 1667 1690 ές

391 1711 472 1755 τόν
512 1711 769 1768 ὀφθαλμόν·
827 1711 902 1755 καὶ
940 1710 1150 1766 ἐστερήθη
1185 1709 1265 1766 μὲν
1302 1714 1382 1753 τοῦ
1429 1708 1669 1766 ὀφθαλμοῦ

394 1784 441 1827 ἐκ
470 1787 551 1827 τοῦ
580 1782 809 1840 τρώματος
839 1782 863 1827 ὁ
891 1781 1191 1837 Ἰνταφέρνης,
1223 1780 1278 1825 ου’
1295 1781 1443 1838 μέντοι
1474 1780 1666 1824 ἀπέθανέ

364 1861 454 1911 ὅγε.
513 1859 602 1899 τῶν
638 1855 717 1911 μὲν
757 1853 810 1910 δὴ
841 1852 1013 1908 Μάγων
1056 1851 1236 1906 οὕτερος
1271 1854 1523 1908 τρωματίζει
1562 1850 1668 1896 τού-

390 1941 517 1977 τους·
564 1923 588 1969 ὁ
620 1924 665 1968 δὲ
695 1924 862 1979 ἕτερος,
904 1924 995 1968 ἐπεί
1024 1923 1068 1966 τέ
1102 1924 1145 1966 οἵ
1172 1922 1225 1966 τὰ
1263 1922 1366 1975 τόξα
1397 1922 1530 1967 οὐδὲν
1557 1940 1669 1980 χρη-

392 1996 471 2041 στά
498 1996 686 2052 ἐγένετο,
720 1991 775 2053 ἦν
804 1995 888 2052 γάρ
922 1994 974 2052 δὴ
997 1994 1198 2051 θάλαμος
1226 1994 1386 2050 ἐσέχων
1417 1995 1459 2046 ἐς
1488 1994 1568 2040 τὸν
1597 1993 1726 2038 civ-80

650 2068 694 2118 ές
750 2072 911 2111 τοῦτον
971 2065 1260 2123 καταφεύγει,

389 2070 583 2124 δρεῶνα,

333 2211 517 2258 regiarum
548 2210 693 2248 aedium
721 2208 838 2246 claves
869 2208 1002 2254 tenuit,

336 2267 535 2303 intromissi
596 2278 744 2313 magum
806 2264 1002 2301 offendunt

336 2336 418 2360 cum
438 2322 565 2372 pellice
591 2322 912 2367 concumbentem,
938 2322 1002 2370 qui

335 2379 417 2415 illos
446 2379 694 2428 conspicatus,
733 2378 924 2414 confestim
961 2390 1001 2414 se

337 2436 517 2486 proripuit
567 2440 605 2472 et
641 2433 744 2483 (nam
781 2434 1001 2483 Bagapatae

338 2505 451 2542 opera
468 2492 589 2528 omnia
606 2503 706 2527 arma
725 2490 914 2527 econclax‘i
935 2502 1001 2525 an-

337 2553 396 2586 tea
417 2547 560 2584 sublata
582 2548 703 2594 erant)
733 2546 843 2583 seliae
864 2547 1001 2582 fractae

338 2604 434 2655 pede
452 2608 600 2653 arrepta
621 2616 660 2641 se
681 2603 859 2649 defendit,
882 2602 1002 2638 donec

338 2675 362 2699 a
399 2660 593 2697 coniuratis
623 2660 811 2696 confossus
849 2659 1001 2695 tandem

338 2716 457 2768 periit.
483 2737 537 2745 —
567 2716 627 2753 Ad
647 2728 772 2752 vocem
798 2709 1003 2765 α’νδρεῶνα

340 2774 511 2811 observat
535 2771 645 2809 ltalns
672 2772 875 2822 interpres,
902 2772 1002 2821 apud

342 2842 444 2867 suam
466 2834 613 2878 gentem
636 2828 754 2865 adhuc
774 2829 809 2864 in
833 2841 897 2864 usu
922 2839 1003 2865 esse

343 2899 469 2925 vocem
491 2886 670 2933 androne,
701 2897 921 2936 quamquam
953 2884 1002 2920 si-

1333 2066 1480 2110 θέλων
1527 2066 1666 2119 αὐτοῦ

1059 2207 1293 2256 gnificatione
1313 2206 1440 2243 latiore
1453 2205 1611 2253 indeque
1630 2215 1722 2240 non-

1058 2263 1144 2300 nihil
1173 2263 1327 2299 diversa.

1218 2319 1325 2368 Cap.
1354 2316 1558 2354 LXXVHI.

1115 2372 1218 2425 πρός
1236 2370 1362 2423 άλκήν
1381 2369 1611 2421 ἐτράποντο]
1645 2373 1665 2409 i.
1688 2386 1720 2409 e.

1059 2432 1108 2469 (Ul
1132 2434 1200 2468 vim
1214 2430 1496 2481 propulsandam
1522 2441 1558 2464 SC
1579 2441 1720 2465 Conver-

1059 2493 1150 2534 tere,
1180 2494 1219 2524 ut
1240 2488 1288 2523 ad
1311 2487 1372 2532 lv,
1401 2487 1476 2526 125
1506 2486 1722 2534 interpreta-

1057 2553 1114 2582 tnr
1146 2543 1366 2592 wesseling.
1433 2543 1493 2580 Tu
1520 2542 1592 2578 vid.
1624 2545 1720 2578 nott.

1058 2602 1106 2639 ad
1128 2601 1173 2646 11,
1196 2599 1261 2640 45.

1115 2655 1247 2694 θέλων
1263 2650 1389 2693 αὐτοῦ
1402 2657 1640 2705 προσθεῖναι
1652 2651 1721 2700 τάς

1059 2708 1209 2764 θύρας]
1223 2707 1346 2750 αὐτοῦ
1362 2712 1410 2748 ad
1433 2707 1620 2760 θάλαμον
1635 2724 1720 2760 spe-

1060 2774 1143 2807 ctat.
1163 2789 1217 2795 ——
1238 2772 1479 2818 προσθεῖναι
1501 2766 1570 2814 τὰς
1586 2763 1719 2817 θύρας

1061 2830 1118 2864 est
1138 2827 1267 2862 ianuas
1287 2825 1475 2870 adducere,
1488 2838 1517 2862 s.
1538 2835 1718 2874 opponere,

1061 2882 1236 2920 claudere.
1271 2881 1418 2920 Laudat
1438 2881 1614 2919 Valeken.
1633 2878 1719 2917 Po}-

997 856 1051 897 Οἱ
1081 855 1126 898 δὲ
1158 855 1313 910 Μάγοι
1344 855 1495 909 ἔτυχον
1533 850 1725 908 ἆμφό-65

393 945 512 984 τεροι
537 931 775 985 τηνικαῦτα
805 925 948 977 ἐόντες
977 942 1022 969 τε
1052 927 1158 978 ἔσω,
1192 926 1266 969 καὶ
1294 925 1346 969 τά
1379 924 1465 969 άπὸ
1497 922 1668 980 Πρηξά-

393 1011 509 1044 σπεω
551 998 766 1055 γενόμενα
810 998 858 1041 έν
894 1001 1035 1054 βουλῇ
1071 997 1250 1052 ἔχοντες.

1731 2069 1813 2109 237
