1904 3304
61 1654 127 1702 81

475 253 1039 296 MELPOMENE.
1097 253 1159 294 IV.

1362 255 1446 297 431

160 370 237 421 3ἐς
253 368 334 424 τήν
355 367 560 423 Θρηΐκην.
603 364 859 422 πυθόμενος
881 366 926 409 δὲ
949 363 973 409 ὁ
992 363 1318 421 Ὀκταμασάδης
1340 366 1449 408 ταῦ-

187 457 261 491 τα,
304 436 580 492 ἐστρατεύετο
610 436 678 480 ἐπὶ
715 438 796 492 τήν
831 440 1048 493 Θρηΐκην·

1106 436 1196 480 ἐπεί
1225 452 1269 479 τε
1301 435 1346 479 δὲ
1381 436 1506 479 {nass

155 514 248 567 4τῷ
266 509 421 567 Ἴστρῳ
453 508 643 564 ἐγένετο,
682 507 893 564 ἠντίασάν
922 525 998 563 μιν
1027 509 1071 552 οῖ
1101 507 1297 563 Θρήϊκες.
1355 510 1451 562 μελ-

183 581 353 626 λόντων
384 581 430 624 δὲ
461 579 608 623 αὐτῶν
639 580 870 630 συνάψειν,
903 579 1064 634 ἔπεμψε
1086 579 1303 635 Σιτάλκης
1331 578 1452 633 παρὰ

181 652 262 696 τόν
288 650 641 707 Ὀκταμασάδην,
690 650 828 705 λέγων
864 648 1033 693 τοιάδε·
1085 683 1110 703 ,,
1129 652 1180 693 Τί
1215 654 1283 695 δεῖ
1317 650 1452 707 ἡμέας

185 723 386 779 άλλήλων
424 726 716 778 πειρηθῆναις
775 718 835 771 εἷς
873 720 952 772 μέν
990 725 1072 776 μεῦ
1114 726 1189 777 τῆς
1239 722 1510 778 άδελφεῆς90

156 800 312 845 ὅπαῖς,
355 794 461 849 ἔχεις
501 794 546 838 δὲ
584 810 664 848 μευ
703 789 933 847 α’δελφεόν.

1004 792 1057 833 σΙ
1119 790 1130 806 ²
1168 794 1179 807 7
1244 794 1253 808 x
1302 793 1312 806 7
1364 792 1374 804 Ι

1034 809 1059 834 υ
1089 809 1113 834 τ
1162 810 1257 847 εμοι
1288 795 1453 843 αποδος

183 870 365 918 τοῦτον,
406 866 480 909 καὶ
514 865 596 920 ἐγώ
628 864 698 908 σοὶ
727 863 804 906 τόν
833 862 913 906 σόν
941 861 1122 918 Σκύλην
1150 865 1450 919 παραδίδωμι·

154 941 369 994 δστρατιῇ
390 937 435 980 δὲ
454 935 558 992 μήτε
580 934 634 979 σύ
650 932 963 989 κινδυνεύσῃς,
995 932 1098 988 μήτ’
1129 933 1251 988 {yffi-‘⁶
1299 933 1449 978 Ταῦτά

183 1012 227 1053 οἵ
255 1009 426 1065 πέμψας
454 1006 477 1050 ὁ
495 1006 709 1061 Σιτάλκης
740 1002 1101 1061 ἐπεκηρυκεύετο·
1131 999 1190 1061 ἦν
1217 1004 1300 1060 γάρ
1330 1005 1448 1059 παρά

182 1085 243 1139 τῷ
259 1076 562 1134 Ὀκταμασάδη
587 1075 798 1132 ἀδελφεὸς
823 1075 1068 1124 Σιτάλκεω,
1099 1075 1330 1132 πεφευγώς
1347 1079 1449 1119 τοῦ-

154 1158 277 1195 7τον.
337 1150 360 1194 ὁ
390 1151 434 1194 δὲ
460 1147 787 1205 Ὀκταμασάδης
817 1147 1032 1191 καταινέει
1055 1151 1210 1190 ταῦτα·
1255 1146 1505 1198 ἐκδιδοῦς95

186 1223 232 1266 δὲ
271 1222 349 1265 τὸν
387 1222 556 1265 ἑωυτοῦ
594 1219 772 1276 μήτρωα
813 1218 1030 1275 Σιτάλκη,
1071 1218 1196 1274 ἔλαβε
1225 1220 1302 1262 τὸν
1332 1218 1452 1262 άδελ-

159 1292 302 1348 8φεόν
339 1292 529 1348 Σκύλην.
587 1293 660 1335 καὶ
697 1288 914 1344 Σιτάλκης
955 1290 1033 1345 μὲν
1070 1289 1337 1345 παραλαβών
1374 1287 1453 1331 τὸν

187 1363 420 1419 ἀδελφεὸν,
454 1362 662 1418 ἀπήγετο·
702 1361 882 1405 Σκύλεω
908 1362 953 1404 δὲ
967 1360 1297 1417 Ὀκταμασάδης
1315 1359 1454 1403 αὑτοῦ

156 1436 326 1492 9ταύτῃ
358 1433 545 1489 άπέταμε
575 1435 655 1490 τήν
692 1433 901 1488 κεφαλήν.
963 1431 1087 1475 Οὕτω
1126 1432 1203 1487 μὲν
1239 1430 1454 1484 περιστέλ-

184 1511 312 1549 λουσι
341 1506 393 1549 τά
434 1505 622 1561 σφέτερα
661 1502 823 1559 νόμαια
852 1501 1054 1552 Σκύθαι,
1096 1507 1208 1545 τοῖσι
1239 1501 1283 1545 δὲ
1312 1508 1479 1555 παρα-1

123 1833 212 1873 pag.
248 1821 343 1861 236.
402 1818 610 1856 Blomfield.
643 1818 690 1855 ad
711 1815 788 1856 Ae-

126 1877 237 1926 schyl.
260 1877 299 1913 S.
317 1890 347 1913 c.
367 1875 438 1913 Th.
461 1877 536 1913 init.
591 1874 672 1912 Alia
692 1875 789 1912 exci-

127 1938 183 1970 tat
213 1933 398 1969 Schaeser.
429 1933 476 1968 ad
506 1931 690 1969 Plutarch.
712 1931 788 1968 Vit.

128 1990 174 2027 Τ.
195 1990 227 2025 V
247 2003 283 2040 p.
307 1991 356 2028 17
380 1988 437 2026 ed.
455 1988 644 2025 Teubner.

186 2040 384 2096 ἠντίασάν
402 2043 485 2094 μιν]
509 2045 616 2081 conf.
636 2045 682 2089 ΙΙ,
698 2041 790 2084 141.

129 2102 220 2140 Mox
251 2102 336 2138 dedi
370 2097 503 2139 αὐτῶν
531 2113 598 2150 pro
626 2096 790 2138 αύτέων.

129 2157 189 2195 Ad
219 2159 367 2196 verbum
399 2152 599 2204 συνάψειν
628 2157 725 2194 conf.
760 2157 790 2203 Ι,

132 2217 184 2256 18
203 2220 240 2253 et
260 2215 309 2251 ad
327 2215 437 2251 verba
454 2209 636 2262 άλλήλων
656 2227 791 2262 πειρη-

129 2273 259 2321 θῆναι
277 2272 306 2316 Ι,
329 2274 394 2312 76.
424 2270 487 2316 IV,
512 2272 604 2311 159.
626 2270 788 2316 111,119

129 2329 219 2377 ibiq.
238 2332 331 2364 nott.
362 2327 441 2364 Alia
467 2326 571 2363 dabit
583 2326 787 2374 Schweigh.

130 2385 169 2421 in
187 2384 275 2422 Lex.
295 2384 433 2421 Herod.
455 2404 511 2412 —
540 2382 582 2419 In
599 2395 700 2431 seqq.
720 2396 787 2432 pro

132 2436 182 2480 σύ
203 2439 242 2479 τέ
273 2455 362 2491 μοι,
401 2441 501 2489 quod
532 2439 667 2477 Matth.
702 2440 788 2476 reti-

131 2499 229 2543 nuit,
270 2510 348 2534 cum
372 2496 574 2545 Schweigh.
603 2500 642 2534 et
671 2495 788 2533 Gaisf.

131 2554 274 2592 exhibui
297 2549 346 2591 σύ
365 2549 402 2591 τ’
425 2552 525 2603 ε’μοὶ.

194 2611 325 2647 Ταῦτα
362 2631 416 2636 --
455 2603 788 2660 ἐπεκηρυκεύετο]

131 2665 301 2703 Ammon.
322 2667 368 2703 de
381 2666 576 2704 differentt.
596 2679 689 2702 voce.
703 2679 788 2716 pag.

134 2722 187 2762 56
205 2718 564 2772 ἐπικηρυκεύεσθαι
582 2719 624 2760 δὲ
643 2721 788 2773 ἔλεγον,

133 2775 177 2817 τό
191 2778 279 2828 περὶ
295 2775 571 2828 συμβιβάσεως
581 2777 648 2817 καὶ
669 2791 790 2817 σπον-

138 2834 220 2872 δῶν
248 2832 318 2882 τάς
338 2831 470 2880 πόλεις
495 2831 673 2887 κήρυκας
692 2832 791 2886 πρὸς

137 2885 308 2943 ἀλλήλας
325 2889 587 2943 πέμψασθαι,
615 2893 664 2929 ad
683 2905 790 2943 quem

182 1576 440 1631 κτωμένοισι
457 1575 670 1628 ξεινικούς
685 1573 850 1629 νόμους
861 1577 1044 1616 τοιαῦτα
1061 1573 1249 1628 ἐπιτίμια
1266 1575 1452 1616 διδοῦσι.

300 1651 483 1704 Πλῆθος
513 1647 559 1691 δὲ
588 1646 636 1691 τό
667 1647 885 1690 Σκυθέων
923 1642 1007 1688 οὐκ
1038 1640 1131 1695 οἶός
1169 1660 1214 1689 τε
1243 1642 1452 1700 ἐγενόμην

844 1816 963 1854 locum
979 1815 1156 1854 Valcken.
1177 1815 1215 1853 in
1233 1813 1508 1853 Animadverss.

845 1874 874 1921 l,
897 1876 949 1915 20
969 1886 1055 1925 pag.
1073 1876 1138 1914 79.
1159 1874 1237 1919 So,
1267 1873 1417 1910 verbum
1438 1871 1509 1908 hoc

845 1935 968 1968 monet
994 1943 1068 1966 non
1089 1929 1203 1966 solum
1225 1929 1273 1966 de
1291 1929 1509 1966 caduceato-

846 1987 944 2024 ribus
963 1986 1110 2036 publica
1140 1987 1359 2023 auctoritate
1378 1984 1510 2030 missis,

848 2044 916 2080 sed
944 2043 992 2080 de
1025 2043 1248 2093 privatorum
1277 2054 1424 2091 quoque
1445 2041 1511 2077 ho-

847 2100 982 2136 minum
1016 2099 1156 2135 nunciis
1187 2097 1363 2135 adhiberi.
1413 2096 1511 2134 Add.

847 2155 988 2192 Vdmel.
1014 2156 1061 2192 ad
1081 2154 1321 2192 Demosthen.
1340 2154 1443 2191 Orat.
1462 2153 1510 2191 de

847 2212 931 2249 Pac.
951 2225 989 2262 p.
1007 2211 1168 2252 245.—
1188 2210 1245 2249 De
1257 2210 1395 2247 Sz'talce
1412 2210 1508 2248 conf.

846 2268 936 2315 Vll,
973 2270 1063 2309 137.
1111 2267 1202 2304 Post
1220 2263 1429 2317 πεφευγώς
1450 2279 1510 2303 re-

845 2325 925 2376 cepi
953 2326 1096 2363 τοῦτον
1123 2337 1202 2360 cum
1231 2323 1435 2372 Schweigh.
1465 2326 1504 2360 et

846 2381 964 2419 Gaisf.
993 2380 1113 2429 Vulgo
1135 2381 1249 2417 abest.

899 2435 1094 2476 καταινέει
1114 2435 1251 2487 ταῦτα]
1298 2435 1407 2473 Conf.
1439 2434 1505 2481 HI,

845 2496 900 2536 73
922 2495 983 2532 fin.
1002 2493 1069 2533 καὶ
1102 2491 1247 2540 πάντες
1275 2494 1398 2531 ταῦτα
1427 2491 1505 2530 αἴ-

845 2565 974 2590 νεον.
995 2572 1046 2579 -
1070 2551 1111 2588 In
1133 2563 1236 2599 seqq.
1260 2551 1307 2586 ad
1329 2551 1505 2599 παραλα-

847 2605 932 2659 βών
953 2608 1048 2645 conf.
1069 2607 1140 2653 111,
1173 2610 1227 2648 70
1253 2607 1333 2643 init.
1359 2626 1416 2632 --
1447 2605 1507 2642 De

847 2665 1028 2701 locutione
1066 2659 1190 2703 αὑτοῦ
1220 2659 1343 2716 ταύτῃ
1373 2662 1446 2698 vid.
1477 2660 1507 2707 Ι,

849 2723 928 2762 189
948 2721 1035 2770 ibiq.
1058 2725 1152 2757 nott.
1185 2720 1302 2757 Usum
1320 2719 1421 2756 verbi
1440 2731 1509 2755 πε-

847 2775 1057 2827 ριστέλλειν
1086 2777 1192 2825 attigi
1227 2777 1275 2813 ad
1309 2775 1368 2821 ΙΙ,
1415 2775 1507 2815 147.

846 2834 921 2883 ΙΙΙ,
951 2836 1017 2874 31.
1075 2833 1134 2871 De
1173 2833 1254 2883 ipso
1291 2834 1504 2881 argumento

846 2892 940 2930 conf.
959 2889 1024 2938 IV,
1046 2892 1112 2931 76.

1556 1644 1737 1679 Scytharum

1507 1683 1622 1715 quauta.
1654 1679 1787 1707 multitu-
