1904 3304
228 264 312 304 662
694 264 1162 306 EXCURSUS
1218 269 1285 307 Vll

338 374 485 425 Habes,
514 375 579 414 Vir
597 376 834 425 amicissime,
865 379 965 429 quod
981 379 1217 430 postulabas,
1247 383 1448 423 sententiae
1468 398 1569 424 meae
1593 387 1739 437 exposi-

228 443 365 481 tionem
383 444 577 493 ingenuam
601 449 639 482 et
658 445 874 493 candidam,
904 459 985 484 eam
1005 448 1180 498 denique,
1207 462 1302 499 quae
1321 463 1394 488 non
1419 453 1549 492 docere
1571 454 1643 500 Te,
1673 456 1739 492 sed

229 523 252 547 a
274 509 334 549 Te
355 512 500 550 edoceri
525 513 669 563 cupiat3
713 525 824 562 quam
849 513 879 550 si
902 513 963 551 Tu
987 527 1055 565 pro
1075 515 1300 556 humanitate
1327 519 1410 556 Tua
1437 519 1522 558 boni
1555 521 1739 572 aequique

229 578 465 626 consulueris,
493 579 579 616 nihil
599 580 752 631 amplius
772 582 954 629 desidero,
983 583 1050 620 nisi
1067 589 1109 621 ut
1127 584 1188 622 Tu
1208 585 1329 624 valeas
1347 599 1492 637 meque,
1520 589 1619 638 quod
1637 589 1740 638 sacis,

230 647 346 684 ames!
403 646 674 698 Heidelbergae
692 648 846 700 postrid.
868 649 955 686 Idus
978 649 1154 689 Decemb.
1179 654 1302 694 1831.

606 948 1200 1001 EXCURSUS
1272 954 1368 1003 Vll

508 1060 616 1101 AD
698 1064 1330 1115 HERoooT.1v,
1401 1070 1462 1110 18.

315 1227 409 1271 Από
451 1228 497 1272 δὲ
533 1227 692 1285 ταύτης
731 1230 747 1287 (
756 1231 991 1289 Hylaeae)
1031 1230 1122 1276 ἅνω
1161 1232 1353 1277 οἰκέουσι
1391 1231 1571 1277 Σκύθαι
1609 1249 1740 1290 γεωρ-

394 1297 486 1351 γοί·
533 1295 637 1348 τοὺς
654 1296 857 1354 ’Έλληνες
886 1300 930 1341 οἱ
959 1298 1172 1352 οἰκέοντες
1201 1301 1270 1344 ἐπὶ
1298 1304 1358 1358 τῷ
1383 1301 1539 1344 Ὑπάνι
1558 1305 1742 1359 ποταμῷ

396 1363 602 1408 καλέουσι
631 1368 667 1408 Β
679 1382 702 1409 ο
716 1382 779 1421 ρυ
791 1377 816 1409 σ
827 1371 860 1410 θ
872 1382 890 1410 ε
902 1382 956 1410 νε
967 1369 1017 1410 ΐτ
1028 1385 1055 1411 α
1066 1384 1087 1419 ς
1103 1384 1111 1392 ·
1172 1369 1308 1425 σφέας
1339 1369 1385 1413 δὲ
1420 1368 1583 1421 αὐτοὺς
1595 1401 1606 1421 ,
1635 1367 1741 1413 Ὀλ-

394 1432 422 1486 β
435 1448 450 1474 ι
460 1447 484 1475 o
494 1447 526 1475 π
538 1448 562 1476 o
572 1437 596 1476 λ
608 1434 624 1476 ί
634 1449 657 1476 τ
667 1450 695 1477 α
705 1451 736 1486 ς.

342 1524 576 1575 Olbiopolitae
609 1527 704 1566 cives
738 1532 824 1565 sunt
852 1528 1001 1576 Olbiae,
1047 1541 1142 1579 quae
1171 1529 1300 1567 eadem
1335 1531 1422 1569 urbs
1453 1532 1562 1569 etiam
1590 1535 1742 1569 vocatur

229 1591 443 1643 Olbiopolis,
481 1592 816 1646 Borysthenitarum
836 1600 917 1647 asty
948 1597 1071 1645 (conf.
1088 1597 1229 1635 Herod.
1247 1598 1316 1646 lv,
1349 1598 1454 1650 78),
1493 1598 1743 1650 Borysthenes,

226 1661 357 1698 eadem
379 1661 637 1712 appellatione,
658 1676 729 1713 qua
747 1665 877 1701 fluvius
898 1664 1170 1716 praeterlabens
1185 1664 1235 1713 *).
1294 1665 1335 1702 In
1357 1667 1476 1704 numis
1497 1667 1594 1704 urbis
1623 1667 1744 1704 adhuc

225 1730 480 1778 superstitibus
511 1743 622 1768 unum
653 1732 780 1770 Olbiae
813 1736 999 1782 comparet
1023 1744 1174 1777 nomen3
1215 1734 1309 1770 conf.
1338 1735 1565 1784 Remarques
1600 1748 1662 1771 sur
1693 1748 1743 1772 un

224 1807 386 1845 ouvrage
406 1797 548 1835 intitule
568 1797 764 1848 Antiquitt.
785 1800 925 1849 Grecqs
941 1800 990 1836 du
1009 1800 1187 1850 Bosphor.
1201 1801 1372 1839 Cimmer.
1399 1804 1472 1851 (St.
1493 1803 1744 1852 Petersbourg

227 1863 354 1912 1823)
373 1877 458 1914 pag·
484 1866 547 1905 13.
571 1866 638 1906 39.
670 1866 841 1917 Namque
861 1866 1097 1917 Borysthenis
1121 1872 1232 1917 atque
1244 1867 1576 1919 Borysthenitai-um
1594 1871 1742 1907 nomina

224 1933 265 1966 ut
284 1931 398 1968 altera
416 1931 548 1970 Olbiae
565 1932 809 1983 appellatione
836 1947 1032 1984 sanequam
1056 1936 1265 1985 antiquiora
1285 1942 1322 1974 et
1340 1939 1439 1989 apud
1458 1942 1599 1975 exteros
1623 1938 1744 1987 potis-

225 2001 378 2046 simum,
412 2003 452 2036 ut
468 2000 634 2048 videtur,
673 2006 802 2052 postea
822 2002 1036 2049 usitatiora,
1073 2003 1125 2038 ita
1157 2004 1256 2053 apud
1279 2004 1442 2042 Graecos
1465 2005 1560 2042 illius
1581 2005 1741 2054 regionis

225 2065 368 2104 accolas
384 2095 395 2114 ,
431 2067 596 2105 Milesios
621 2069 656 2105 in
681 2070 806 2120 primis
835 2069 1004 2117 colonos,
1026 2069 1152 2106 Olbiae
1172 2071 1421 2109 denominatio
1439 2072 1683 2123 praevaluisse
1704 2077 1742 2110 et

224 2135 329 2171 unice
355 2135 460 2183 quasi
491 2136 679 2173 dominata
707 2149 788 2175 esse
809 2137 973 2185 videtur,
1012 2150 1122 2187 quam
1152 2139 1269 2188 ipsam
1303 2139 1349 2176 ab
1379 2140 1507 2190 opibus
1534 2141 1741 2190 divitiisque

224 2203 428 2239 mercatura
453 2203 640 2253 acquisitis
664 2204 810 2242 ductam
840 2204 999 2253 indeque
1026 2210 1227 2251 retentam,
1272 2206 1418 2244 honoris
1450 2209 1554 2257 quasi
1580 2208 1739 2255 titulum,

226 2270 316 2306 satis
338 2269 567 2319 intelligitur,
602 2272 814 2321 praesertim
838 2285 918 2310 cum
940 2272 1017 2309 aliis
1043 2286 1189 2323 quoque
1216 2274 1365 2311 urbibus
1393 2288 1460 2326 per
1488 2276 1738 2326 antiquitatem

226 2336 325 2374 idem
357 2349 490 2375 nomen
515 2338 689 2376 tributum
716 2352 797 2378 esse
824 2341 988 2377 novimus
1002 2342 1075 2389 **),
1129 2341 1191 2380 Tu
1211 2343 1282 2380 vid.
1302 2342 1452 2381 Kohler.
1472 2342 1582 2381 Mem.
1603 2356 1665 2380 sur
1685 2343 1736 2382 les

273 2519 307 2563 ⁰)
332 2519 473 2555 Minime
497 2532 578 2556 vero
606 2522 785 2558 dicebatur
808 2527 1048 2571 Borysthenis,
1083 2530 1123 2561 ut
1151 2527 1352 2572 quibusdam
1380 2528 1516 2574 placuit.
1575 2528 1633 2562 Tu
1665 2527 1734 2562 vid.

317 2575 479 2612 Creuzer.
500 2578 574 2615 loco
598 2592 673 2616 mox
696 2582 863 2617 laudando
889 2595 969 2629 pag.
993 2584 1092 2619 1235.

271 2657 323 2701 ⁰)
349 2657 630 2702 Olbiopolitarum
657 2673 777 2695 nomen
796 2663 969 2697 Graecum
987 2674 1061 2696 cum
1086 2674 1106 2697 a
1121 2663 1286 2707 Scythico
1306 2663 1451 2709 quodam
1470 2664 1601 2698 nomine
1617 2664 1733 2698 videa-

315 2718 371 2747 tur
389 2716 608 2759 translatum,
636 2718 754 2752 mirum
772 2719 905 2753 omuino
925 2719 992 2753 sibi
1009 2719 1120 2753 videri
1140 2719 1190 2754 ait
1213 2721 1320 2762 Miot‚
1346 2720 1466 2754 Gallus
1486 2721 1654 2755 Herodoti
1681 2721 1733 2754 in-

315 2775 468 2816 terpres,
506 2774 617 2818 quod,
653 2774 712 2820 qui
739 2775 774 2809 in
802 2776 986 2820 Assyriae,
1025 2777 1200 2821 Aegypti,
1238 2778 1374 2811 aliarum
1400 2782 1570 2812 terrarum
1603 2777 1732 2812 descri-

315 2828 434 2874 ptione
461 2830 595 2865 nomina
626 2831 777 2876 urbium,
805 2833 1005 2875 fluviorum,
1033 2833 1181 2868 locorum
1207 2833 1338 2868 minime
1358 2834 1393 2869 in
1412 2836 1582 2869 Graecum
1603 2846 1731 2869 sermo-

315 2895 387 2919 nem
419 2887 586 2922 translata
611 2889 792 2931 exhibeat,
834 2889 934 2935 plane
964 2890 1099 2925 diverso
1128 2889 1224 2924 modo
1254 2896 1336 2935 agat
1368 2891 1401 2925 in
1429 2891 1574 2937 Scythia
1602 2892 1731 2927 descri-
