1904 3304
529 255 1095 294 MELPOMENE.

1156 255 1217 292 lV.
1427 257 1510 295 469

238 369 327 410 τῶν
361 369 545 420 Ταυρων
584 365 657 408 καὶ
697 366 749 408 τὰ
785 366 896 420 πρὸς
925 364 1151 421 θαλάσσης
1180 367 1255 419 τῆς
1289 362 1414 420 ηὀίης
1443 362 1508 406 νε’-

235 450 410 490 μονται,
452 439 533 479 τοῦ
573 452 616 478 τε
647 436 882 490 Βοσπόρου
921 440 999 480 τοῦ
1030 436 1273 491 Κιμμερίου
1303 434 1355 477 τοὶ
1393 432 1504 488 πρός

235 504 434 562 εσπὲρης,
464 507 537 550 καὶ
566 511 640 562 τῆς
669 509 823 563 λίμνης
856 512 930 564 τῆς
952 506 1227 564 Μαιήτιδος,
1257 506 1381 562 μέχρι
1414 509 1491 548 Τα-
1505 512 1550 545 90

233 574 386 627 νάιδος
413 581 634 634 ποταμοῦ,
684 577 732 629 ὃς
770 578 938 622 ἐκδιδοῖ
975 578 1019 629 ἐς
1059 578 1198 634 μυχόν
1235 580 1312 633 τῆς
1349 578 1504 632 λίμνης
1560 605 1614 624 ran

454 648 568 705 ’Ὴδη
607 652 669 691 ὠν
699 648 785 693 οἷπό
827 650 908 705 μὲν
932 647 1126 703 Ἴστρου,
1167 646 1220 690 τά
1252 647 1499 701 κατύπερθε
1556 663 1653 698 thyrsi
1730 663 1813 690 Νμ.

203 654 226 688 2
236 646 408 703 ταύτης.

231 718 274 770 ἐς
303 718 384 774 τήν
413 719 652 775 μεσόγαιαν
683 720 893 775 φέροιτα,
931 720 1211 776 αποκληῖεται
1239 716 1267 774 ἡ
1298 715 1501 773 Σκυθικὴ

230 789 318 833 ὑπὸ
338 789 526 845 πρώτων
544 789 846 846 Ἀγαθύρσων·
886 807 989 846 μετα
1010 791 1080 843 δὲ,
1112 794 1324 844 Νευρῶν·
1356 788 1499 831 ἔπειτα

233 861 278 905 δὲ
289 893 300 911 ,
341 860 656 917 Ἀνδροφάγων
668 876 678 886 ·

171 1095 358 1134 Maeotica
381 1099 437 1134 est
456 1095 560 1146 palus
580 1095 769 1145 Scythiam
788 1095 835 1132 ab

171 1153 313 1191 oriente
336 1152 548 1198 includens;
578 1152 651 1188 vid.
672 1156 765 1188 nott.
785 1153 834 1188 ad

171 1209 244 1254 lv,
270 1210 352 1256 99)
382 1209 626 1259 pertinentia,
677 1213 712 1246 et
743 1208 833 1252 loca,

172 1278 267 1314 quae
287 1279 307 1302 a
328 1266 497 1315 Bosporo
521 1266 718 1302 Cimmerio
740 1265 834 1302 occi-

173 1323 319 1359 dentem
339 1335 461 1359 versus
483 1335 597 1370 usque
618 1322 666 1358 ad
684 1321 832 1358 Tanain

172 1379 468 1416 extenduntur.“
522 1379 631 1415 Conf.
662 1378 831 1416 Volcker.

171 1435 290 1483 Myth.
313 1435 451 1483 Geogr.
473 1436 489 1470 Ι
518 1449 552 1484 p.
578 1436 683 1480 173,
725 1439 763 1471 et
785 1435 832 1471 de

172 1491 292 1528 Tanai
316 1496 405 1528 nott.
428 1491 475 1527 ad
496 1491 567 1536 IV,
592 1490 656 1530 57.
710 1490 832 1527 Vocu-

170 1547 241 1583 lam
261 1544 304 1585 τὸ
322 1547 427 1593 (ante
444 1542 714 1595 κατύπερθε),
736 1559 832 1594 quae

169 1616 190 1641 a
210 1603 352 1640 duobus
372 1603 474 1640 abest
490 1602 603 1649 libris,
624 1602 830 1652 Schweigh.

168 1664 343 1698 mutatam
360 1659 472 1696 voluit
494 1660 531 1696 in
551 1654 612 1697 τά.

215 1713 319 1766 'Han
344 1709 401 1754 οἷν
423 1711 503 1754 vino*
521 1712 768 1765 μὲνἽστρου,
783 1709 830 1752 voc*

168 1767 396 1824 κατύπερθε
416 1787 454 1811 κ.
474 1788 505 1810 τ.
522 1772 568 1822 λ.]
603 1773 740 1810 Sensus
760 1771 828 1808 loci

166 1829 224 1866 hic
248 1831 326 1867 fere
345 1842 425 1867 esse
449 1830 612 1866 videtur:
660 1829 735 1865 Iam
759 1828 828 1876 igi-

167 1890 225 1922 tur
249 1886 335 1923 inde
356 1887 401 1922 ab
423 1886 516 1922 Istro
536 1898 652 1934 usque
677 1886 726 1922 ad
750 1884 828 1921 Ta·

167 1942 253 1978 nain
288 1942 325 1978 in
363 1942 572 1990 regionibus
609 1942 826 1979 mediterra-

168 1998 246 2035 neis
281 1998 556 2035 disterminatur
579 1998 728 2046 Scythia
754 1998 826 2046 pri-

169 2067 267 2091 mum
296 2055 342 2090 ab
361 2054 577 2104 Agathyrsis
609 2054 689 2102 (qui
718 2054 827 2102 igitur

168 2112 206 2147 in
226 2109 518 2160 Transylvaniae
540 2115 651 2159 atque
670 2111 825 2158 Hunga-

167 2168 244 2204 riae
265 2168 430 2217 partibus
461 2167 679 2216 quibusdam
704 2166 827 2216 proxi-

167 2236 227 2260 me
276 2223 406 2260 Istrum
453 2223 653 2260 collocandi
700 2227 826 2267 erunt3

168 2277 280 2331 (conf.
304 2279 373 2325 lv,
402 2279 467 2319 49.
503 2278 582 2320 104
603 2280 690 2328 ibiq.
713 2280 826 2327 nott.)

168 2337 254 2374 dein
283 2348 305 2373 a
328 2335 461 2373 Neuris
491 2337 572 2386 (qui
601 2336 749 2373 ulterius
779 2336 826 2372 ad

171 2393 456 2442 septentrionem
498 2398 534 2430 et
577 2394 754 2429 orientem
790 2392 825 2428 in

171 2448 306 2485 Galitia
325 2449 545 2496 collocandi3
575 2450 647 2486 vid.
667 2455 757 2485 nott.
777 2448 825 2485 ad

171 2504 234 2549 ῙῩ,
264 2507 359 2554 17),
399 2511 476 2543 tum
508 2507 553 2543 ab
576 2506 826 2555 Androphagis

173 2560 285 2608 (quos
311 2562 347 2598 in
375 2561 528 2600 Polouia
554 2563 710 2600 Russica
741 2575 828 2612 pro-

172 2615 338 2654 babiliter
362 2631 497 2667 ponas;
549 2620 645 2657 conf.
676 2619 747 2665 IV,
775 2620 827 2658 18

173 2672 297 2721 ibique
317 2675 427 2722 nott.)
440 2701 451 2720 ,
479 2688 521 2712 ac
539 2676 699 2725 denique
714 2688 735 2711 a
749 2674 829 2711 Me-

174 2728 391 2765 Icmclzlaenis
426 2730 546 2779 (quos
585 2745 605 2769 e
643 2732 826 2782 scriptoris

174 2790 295 2822 mente
331 2787 367 2822 in
394 2786 473 2836 ipsa
492 2788 624 2825 Russia
657 2789 828 2826 meridio-

172 2840 244 2877 nali
268 2842 315 2878 ad
335 2841 490 2890 Volgam
511 2857 625 2893 usque
642 2845 828 2883 habitasse

172 2898 360 2947 probabile
379 2899 438 2945 fit3
468 2901 562 2937 conf.
582 2906 674 2939 nott.
696 2903 745 2940 ad
766 2901 828 2950 IV,

731 864 987 905 τελευταίων
1027 862 1096 915 δὲ,
1144 861 1499 916 Μελαγχλαίνων.

86 924 182 968 101
217 931 337 976 Ἔστι
377 927 441 975 ὦν
479 936 554 987 τῆς
592 935 839 988 Σκυθικῆς,
895 932 954 984 ὥς
991 931 1149 988 ἐούσης
1188 929 1486 988 τετραγώνου,
1497 935 1542 971 95

892 1097 979 1144 20).
1039 1096 1133 1133 Cum
1170 1094 1227 1132 his
1267 1106 1459 1131 mensurae
1490 1092 1555 1139 IV,

896 1155 971 1193 101
1011 1152 1179 1203 prolatae
1216 1151 1246 1188 si
1283 1153 1554 1202 comparentur,

892 1209 1146 1246 Herodoteam
1159 1207 1349 1257 Scythiam
1372 1220 1416 1244 eo
1436 1219 1553 1255 usque

890 1266 967 1302 fere
1016 1266 1164 1303 extendi
1206 1265 1336 1301 statuit
1376 1264 1551 1313 Koppen.

889 1322 1096 1371 Nordgest.
1116 1322 1153 1359 d.
1172 1320 1279 1357 Pont.
1301 1333 1389 1371 pag.
1411 1322 1462 1361 12
1481 1332 1551 1368 sq„

889 1392 963 1427 quo
985 1392 1081 1415 nunc
1102 1391 1167 1428 per
1189 1377 1357 1414 Russiam
1378 1376 1551 1414 meridio—

888 1435 1006 1472 nalem
1033 1438 1178 1472 exstant
1200 1433 1326 1470 tumuli
1352 1434 1386 1469 in
1413 1432 1549 1482 guber-

888 1492 948 1527 nio
978 1491 1135 1536 Kursk3
1182 1502 1267 1526 nam
1297 1490 1406 1535 inde,
1449 1489 1550 1537 quod

887 1547 1051 1594 mireris,
1103 1546 1212 1596 plane
1253 1545 1350 1582 aliud
1388 1545 1549 1594 incipere

888 1604 1032 1641 videtur
1069 1601 1255 1639 hominum
1293 1614 1432 1651 genus,
1477 1600 1550 1637 alia

887 1660 965 1698 fere
984 1659 1094 1696 natio.
1141 1658 1214 1702 Qui
1236 1658 1331 1696 idem
1351 1659 1404 1695 vir
1420 1657 1548 1693 doctus

887 1715 1162 1765 Androphagos
1184 1715 1310 1764 quaeri
1328 1714 1404 1751 vult
1425 1713 1461 1750 in
1480 1726 1548 1763 gu-

888 1773 1024 1810 berniis
1055 1771 1248 1818 Mohilew,
1280 1770 1547 1819 Tschernigow

887 1834 923 1867 et
944 1828 1055 1875 Orel,
1095 1827 1390 1866 Melanchlaenos
1413 1827 1449 1863 in
1478 1839 1548 1876 gu-

886 1887 1022 1923 berniis
1042 1885 1129 1922 Orel
1159 1890 1195 1922 et
1221 1884 1257 1922 Τ
1260 1884 1339 1930 ula3
1380 1883 1546 1933 finesque

884 1943 1056 1990 Scythiae
1073 1954 1146 1979 non
1160 1941 1254 1978 ultra
1269 1941 1422 1990 gradum
1437 1941 1545 1989 quin-

883 1999 1133 2048 quagesimum
1179 1996 1236 2035 vel
1283 1997 1544 2046 quinquagesi-

883 2068 981 2091 mum
1041 2055 1197 2104 primum
1253 2053 1542 2103 septentrionem

882 2123 1007 2148 versus
1026 2109 1233 2161 promoveri
1252 2122 1364 2160 posse
1382 2113 1519 2146 censet.

1090 2167 1220 2222 Cap.
1252 2166 1314 2203 CI.

928 2220 1041 2261 ’Ἐστι
1075 2223 1131 2261 ὠν
1161 2224 1233 2272 τῆς
1268 2223 1481 2271 Σκυθικης
1504 2236 1540 2259 κ.

882 2295 912 2317 τ.
935 2278 984 2330 λ.]
1024 2279 1254 2316 Structuram
1280 2279 1349 2316 loci
1377 2280 1406 2315 si
1427 2291 1542 2327 quae-

882 2349 962 2382 ras,
1004 2335 1061 2372 hic
1085 2336 1267 2384 genitivus
1299 2351 1371 2385 της
1390 2337 1544 2373 Σκυθι-

882 2408 921 2431 κι
923 2408 955 2443 ῑς
976 2393 1114 2442 pendet
1135 2406 1156 2429 a
1180 2392 1348 2440 genitivis
1368 2393 1448 2430 τῶν
1467 2385 1539 2429 δύο

883 2447 1032 2500 μερέων
1065 2444 1341 2498 κατηκόντων,
1382 2448 1444 2497 qui
1471 2448 1543 2498 ipsi

883 2506 1065 2544 rexerendi
1088 2511 1172 2543 sunt
1193 2506 1240 2542 ad
1265 2505 1397 2543 verba·
1435 2499 1479 2543 τό
1503 2518 1543 2542 τε

884 2561 923 2608 ἐς
960 2577 1036 2612 την
1073 2558 1285 2614 μεσόγαιαν
1318 2559 1444 2613 φέρον
1474 2559 1543 2599 καὶ

884 2616 927 2658 τὸ
956 2634 1063 2670 παρα
1107 2616 1182 2666 τήν
1220 2615 1452 2665 θάλασσαν,·
1504 2621 1543 2653 ut

885 2675 976 2712 haec
997 2676 1073 2713 fere
1101 2676 1187 2713 inde
1207 2676 1343 2712 oriatur
1367 2674 1436 2712 loci
1458 2686 1542 2711 sen-

883 2732 1016 2769 tentia:
1068 2732 1258 2783 Scythicae
1279 2733 1393 2779 agitur
1414 2735 1540 2776 terrae,

882 2792 998 2838 utpote
1019 2791 1118 2825 cuius
1134 2788 1255 2838 forma
1274 2788 1457 2837 quadrata
1479 2790 1542 2831 est,

885 2858 961 2882 cum
991 2845 1081 2882 duae
1110 2848 1179 2882 sint
1208 2848 1331 2894 partes
1366 2844 1416 2881 ad
1447 2855 1542 2879 mare

880 2904 1116 2953 pertinenia,
1154 2905 1305 2951 utraque
1328 2914 1417 2951 pars
1438 2899 1544 2936 alteri

1565 362 1663 397 Supra
1673 362 1793 389 'sauros
1805 363 1841 390 ad

1564 404 1648 423 mare
1683 397 1841 431 orientale,

1579 435 1611 456 et
1635 429 1761 468 Bospori
1788 438 1824 457 ac

1583 463 1666 490 Mae«
1667 463 1746 490 ›tiisd
1782 463 1819 490 ad

1558 504 1650 589 3:²3}ss
1655 504 1696 555 ε
1682 505 1806 564 aa...
1765 497 1839 557 ⁸⁰3

1560 563 1630 590 vicii
1696 572 1722 590 ιι
1727 539 1806 590 editi„¹
1799 539 1838 590 i·-

1638 605 1666 630 ι,
1703 597 1740 623 ab
1760 597 1787 623 le
1785 602 1837 623 tro

1558 630 1597 658 ad
1606 630 1672 657 l‘an
1677 631 1725 657 ain
1731 631 1835 670 Aga-

1591 684 1784 732 Androphagi

1590 705 1791 759 Melanchlageli
1794 732 1822 757 ιι.

1587 926 1798 961 Scyiietlafro

1553 962 1717 997 quadrata:
1733 959 1831 995 longi
