1904 3304
494 248 1056 288 MELPOMENE.
1114 250 1175 290 IV.

1375 252 1455 292 441

209 357 434 400 καταδιδοῖ
468 356 511 407 ἐς
548 357 627 400 τὸν
659 355 995 414 Ἑλλήσποντον,
1052 355 1177 400 ἐόντα
1224 357 1459 415 στεινότητι

182 427 289 482 ὁμὲν
317 426 422 470 ἑπτὰ
453 428 676 479 σταδίους,
709 432 845 484 μῆκος
876 428 922 472 δὲ
950 428 1265 484 τετρακοσίους.
1297 428 1518 472 ἐκδιδοῖ7ο

141 578 219 615 doti
259 589 463 614 mensuram
499 577 635 614 invenit
667 590 688 614 a
718 590 803 615 vero

152 634 208 670 vix
229 634 471 682 quadraginta
492 633 636 670 differre
654 635 803 680 stadiis;

152 690 251 739 quod
268 689 386 740 ipsum
409 703 482 726 non
502 690 589 727 tanti
608 702 687 728 esse
706 694 804 728 recte

151 750 293 791 monet,
323 750 364 783 ut
388 747 598 796 scriptorem
619 746 805 783 socordiae

150 802 362 839 incusemus,
416 802 612 851 Breigero,
641 802 702 851 qui
731 801 752 838 l.
782 801 804 838 l.

150 870 235 908 pag.
254 857 308 898 24
332 871 409 907 seq.
439 861 571 895 minora
596 858 653 894 hic
674 857 804 895 intelli-

151 915 188 963 gi
221 915 299 951 vult
326 915 462 961 stadia,
500 914 666 964 equidem
689 914 805 951 adsti-

151 971 264 1020 pulari
302 984 466 1020 neque0‚
503 972 564 1020 qui
605 970 639 1006 in
681 969 803 1006 Krusii

151 1028 327 1065 sententia
348 1027 645 1076 acquiescendum
660 1038 802 1063 censeo.

207 1140 413 1178 καταδιδοῖ
430 1139 467 1186 ἐς
488 1136 552 1178 τὸν
568 1135 806 1189 Ἑλλήσπον-

150 1198 240 1241 τον]
287 1197 529 1244 Frequentius
573 1196 700 1244 utique
734 1195 802 1231 hoc

152 1264 258 1288 sensu
294 1253 393 1300 apud
429 1252 604 1289 Nostrum
641 1252 802 1288 invenias

151 1304 419 1346 ἐκδιδόναι
451 1309 497 1346 de
527 1308 658 1355 fluvio,
689 1308 801 1356 quiin

151 1364 259 1400 aliurn
290 1365 436 1401 fluvium
467 1364 588 1401 autin
619 1377 718 1400 mare
748 1364 803 1399 in-

151 1421 252 1466 fluit,
282 1427 321 1456 ut
346 1434 380 1457 v.
411 1434 438 1457 c.
470 1420 509 1467 I,
541 1422 604 1460 80.
638 1422 726 1460 189.
758 1419 804 1466 ll,

150 1478 216 1515 22.
243 1478 307 1516 30.
340 1474 403 1515 34.
434 1476 503 1524 IV,
534 1476 598 1517 49.
626 1478 678 1516 86
710 1475 805 1512 alibi.

150 1531 199 1568 Et
217 1532 325 1582 paulo
344 1532 489 1568 inferius
508 1532 575 1568 hoc
596 1533 675 1581 ipso
696 1532 806 1567 utitur

149 1588 332 1625 vocabulo.
348 1608 402 1614 —
423 1588 481 1624 De
500 1587 721 1638 Hellesponti
737 1600 804 1623 no-

150 1644 246 1682 mine
282 1644 341 1680 vix
379 1647 457 1690 est,
501 1644 599 1692 quod
645 1645 804 1680 dicamus

150 1705 234 1751 post
271 1699 554 1750 copiosissimam
591 1700 806 1750 disputatio-

151 1769 234 1794 nem
261 1755 479 1792 Tzschuckii
513 1757 559 1792 ad
585 1755 672 1793 Mel.
695 1756 750 1803 Il,
779 1758 805 1796 2

151 1818 243 1848 nott.
287 1825 414 1860 exegg.
455 1824 541 1862 pag.
585 1815 662 1853 109
703 1825 804 1860 seqq.

153 1868 254 1915 (Vol.
280 1868 330 1904 ΙΙΙ
350 1868 390 1905 P.
411 1868 475 1916 ll).
512 1868 595 1905 Hoc
622 1881 729 1905 unum
749 1868 807 1905 hie

153 1925 268 1962 teneri
303 1924 408 1960 velim
449 1924 515 1971 (de
552 1937 624 1973 quo
659 1929 696 1962 et
726 1925 806 1974 ipso

156 1981 317 2029 disputat
330 1979 545 2017 'l'zsehucke
561 1980 583 2016 l.
602 1980 624 2017 l.
640 1994 676 2030 p.
693 1981 806 2027 110),

155 2036 432 2086 Hellespontum
458 2040 534 2072 tum
563 2036 678 2072 latiori
700 2048 808 2074 sensu

157 2096 195 2129 et
230 2093 345 2140 magis
382 2092 548 2140 antiquo,
590 2097 628 2128 ut
664 2093 809 2129 videtur

157 2161 256 2185 more
283 2148 335 2185 ita
365 2148 457 2195 dici,
486 2152 525 2184 ut
548 2161 691 2184 omnem
720 2148 809 2185 Pro-

157 2205 344 2254 pontidem
360 2232 370 2249 ,
401 2216 506 2252 quam
527 2208 677 2251 vocant,
706 2203 810 2240 simul

157 2272 229 2297 una
255 2273 334 2297 cum
356 2261 434 2310 ipso
454 2260 545 2297 freto
567 2260 809 2310 Hellesponti,

158 2329 180 2353 a
208 2317 319 2364 Sigeo
354 2317 440 2354 inde
476 2316 583 2365 igitur
618 2329 735 2365 usqne
761 2317 810 2352 ad

157 2373 372 2421 Byzantium
390 2401 400 2419 ‚
431 2372 714 2421 comprehendat
743 2373 807 2416 (cf.

157 2429 231 2475 lv,
275 2431 339 2470 33.
372 2431 462 2469 138.
501 2428 572 2474 Vl,
612 2430 686 2476 33,
729 2429 811 2475 alia,

161 2497 256 2532 quae
281 2490 317 2522 et
333 2486 496 2534 Breiger.
511 2484 532 2520 l.
554 2485 576 2521 l.
599 2497 683 2535 pag.
705 2487 757 2524 20
775 2490 813 2522 et

162 2540 281 2578 Kruse
301 2541 324 2578 l.
346 2540 369 2577 l.
391 2554 478 2591 pag.
500 2542 552 2582 48
574 2540 813 2588 attulerunt);

163 2600 238 2632 tum
268 2598 410 2633 arctiori
439 2610 547 2634 sensu
578 2598 625 2634 de
645 2597 715 2633 isto
731 2602 813 2633 tan-

163 2655 238 2687 tum
263 2652 399 2699 canali,
435 2666 542 2702 quem
574 2653 814 2690 Dardanello-

164 2719 241 2743 rum
256 2709 401 2745 nomine
423 2710 496 2746 sive
518 2710 599 2748 freti
622 2710 816 2759 Gallipoli-

166 2765 263 2809 tani,
307 2764 475 2813 quoniam
508 2766 554 2802 ab
582 2767 672 2804 urbe
701 2766 815 2803 Galli-

164 2819 327 2868 politana
364 2820 502 2857 initium
539 2821 648 2871 vulgo
682 2824 815 2859 consti-

165 2879 294 2921 tuunt,
358 2875 538 2926 hodieque
601 2879 814 2928 designant3

858 578 930 613 vid.
962 577 1035 624 IV,
1064 577 1128 618 85.
1150 579 1215 617 86.
1243 577 1333 624 Vll,
1364 579 1429 619 33.
1460 578 1514 620 35

860 637 897 671 et
924 634 1019 669 conf.
1045 633 1208 682 Breiger.
1240 638 1275 671 et
1294 634 1415 672 Kruse
1438 633 1460 670 l.
1492 634 1515 671 l.

916 684 1028 727 ἐόντα
1070 684 1281 740 στεινὸτνητι
1319 686 1390 740 μὲν
1419 687 1515 728 ἓπτοέ

862 742 1062 795 σταδίους]
1089 745 1178 782 Sine
1196 758 1316 792 causa,
1336 759 1417 784 meo
1437 747 1517 796 qui-

861 801 944 838 dem
966 813 1008 839 ex
1037 801 1188 848 iudicio,
1218 815 1285 851 pro
1306 797 1516 853 στεινότητι

860 855 1064 905 Schweigh.
1101 856 1260 894 malebat
1292 853 1514 909 στεινότητα

861 913 908 967 013
968 913 1225 950 antecedentes
1291 915 1513 951 accusativos

863 969 989 1019 εὐρος,
1010 970 1147 1019 μῆκος.
1182 967 1241 1005 Ad
1260 975 1512 1018 argumentum

860 1025 1016 1062 conferri
1034 1025 1142 1062 debet
1160 1025 1239 1072 Vll,
1264 1027 1330 1066 33.
1352 1025 1427 1074 34,
1455 1026 1516 1063 ubi

859 1080 989 1128 locum,
1013 1094 1085 1130 quo
1106 1085 1245 1131 septem
1262 1083 1380 1119 stadia
1400 1094 1516 1131 angu-

861 1141 937 1174 stus
978 1138 1025 1174 sit
1050 1136 1331 1187 Hellespontus,
1369 1151 1515 1175 accura-

860 1194 931 1229 tius
977 1193 1129 1239 definit,
1187 1206 1304 1243 prope
1353 1194 1517 1245 Abydum

862 1249 981 1298 (cuius
1011 1249 1089 1286 loco
1122 1262 1218 1286 nunc
1244 1250 1280 1286 in
1304 1254 1400 1288 terra
1428 1263 1516 1301 pro-

860 1305 1010 1342 minenti
1035 1306 1127 1342 iacet
1150 1303 1348 1355 Nagara),
1379 1307 1476 1343 cuius
1496 1319 1516 1343 e

861 1362 1012 1410 regione
1048 1362 1084 1397 in
1130 1360 1244 1399 altera
1279 1362 1513 1412 Hellesponti

861 1419 940 1468 ripa
971 1417 1055 1454 olim
1088 1416 1229 1465 Sestos,
1262 1431 1358 1455 nunc
1386 1420 1518 1456 rudera

862 1475 952 1510 areis
975 1473 1141 1509 Zemem'lc
1162 1474 1199 1510 in
1217 1473 1304 1511 colle
1322 1488 1437 1525 prope
1452 1474 1519 1511 Ja-

862 1530 954 1566 lova.
997 1530 1038 1566 ln
1068 1533 1192 1579 septem
1221 1531 1419 1568 stadiorum
1449 1543 1516 1568 nu-

862 1598 962 1623 mero
996 1585 1178 1635 plerisque
1211 1599 1288 1622 cum
1324 1587 1515 1624 Herodoto

861 1642 1048 1686 convenit3
1078 1654 1167 1678 unus
1184 1642 1244 1690 qui
1267 1642 1424 1679 discedit
1442 1643 1519 1679 Xe-

861 1697 1021 1748 nophon.
1041 1697 1210 1735 Hellenn.
1230 1698 1293 1744 IV,
1325 1700 1362 1746 8,
1396 1698 1420 1740 5
1445 1702 1517 1734 octo

861 1767 1000 1804 ponens
1022 1754 1157 1800 stadia,
1187 1755 1215 1790 is
1236 1755 1413 1804 spatium,
1444 1768 1517 1804 quo

862 1811 993 1857 urbes,
1031 1823 1105 1846 non
1131 1823 1203 1859 quo
1227 1811 1341 1847 maria
1371 1812 1522 1856 distant,

862 1867 1041 1904 indicasse
1064 1866 1215 1903 videtur.
1265 1866 1348 1903 Duo
1377 1871 1518 1904 tantum

864 1923 980 1960 stadia
1001 1926 1176 1960 memorat
1195 1922 1321 1972 Polyb.
1344 1923 1444 1971 XVI,
1467 1922 1517 1970 43

864 1979 931 2016 nisi
967 1979 1138 2016 mendum
1178 1979 1215 2015 in
1252 1979 1331 2016 loco
1380 1981 1516 2017 subest.

865 2034 944 2072 Nec
972 2035 1087 2083 magis
1109 2035 1325 2072 recentiores
1344 2036 1411 2072 sibi
1430 2048 1517 2072 con-

866 2095 985 2137 stant,
1036 2092 1129 2128 inter
1163 2103 1254 2138 quos
1285 2091 1520 2129 Lechevalier

866 2152 978 2196 atque
1000 2147 1120 2184 Kruse
1151 2146 1262 2183 decem
1290 2148 1409 2184 stadia
1430 2147 1521 2185 Hel-

867 2202 1071 2253 lespontum
1104 2216 1144 2240 re
1175 2215 1259 2240 vera
1283 2217 1378 2241 nunc
1407 2216 1522 2253 angu-

868 2263 964 2295 stum
994 2271 1073 2295 esse
1102 2259 1253 2304 dicunt,
1290 2260 1523 2297 Herodotum

867 2328 938 2352 una
989 2327 1065 2351 cum
1110 2315 1256 2363 reliquis
1293 2316 1524 2366 scriptoribus

868 2371 1007 2421 lapsum
1052 2383 1132 2407 esse
1182 2371 1426 2409 existimantes
1468 2373 1524 2409 vel

868 2428 965 2477 ipsas
985 2428 1092 2464 maris
1111 2427 1300 2475 angustias
1319 2432 1524 2479 temporum

871 2485 1023 2520 decursu
1044 2483 1219 2533 paulatim
1238 2490 1408 2522 extensas
1431 2496 1522 2522 esse.

870 2540 954 2577 vid.
976 2540 1098 2577 Kruse
1123 2539 1145 2576 l.
1177 2539 1199 2576 l.
1229 2552 1318 2589 pag.
1339 2541 1388 2582 51
1419 2553 1522 2590 seqq.

871 2598 925 2635 72
954 2608 1054 2645 seqq.
1082 2598 1136 2636 77
1169 2608 1246 2644 seq·
1280 2600 1368 2637 120.
1412 2597 1524 2634 Unde

869 2653 1099 2690 retractanda
1119 2656 1225 2689 erunt
1238 2653 1523 2701 quodammodo,

871 2721 964 2757 quae
981 2709 1078 2759 apud
1096 2709 1259 2756 Breiger.
1284 2709 1307 2746 l.
1330 2708 1352 2746 l.
1372 2722 1456 2762 pag.
1470 2710 1523 2750 24

871 2765 923 2805 25
945 2765 1123 2814 leguntur.

928 2823 1053 2873 μῆκος
1075 2818 1116 2860 δὲ
1135 2819 1426 2871 τετρακοσίους]
1453 2820 1523 2858 De-

874 2890 941 2915 cem
992 2877 1073 2916 hinc
1117 2877 1322 2916 efficiuntur
1360 2876 1524 2915 milliaria
