1904 3304
488 238 519 276 A
549 239 582 276 D
643 239 678 276 H
709 239 740 275 E
770 239 804 276 R
835 239 869 276 O
898 238 932 276 D
963 239 997 276 Ο
1027 237 1075 277 Τ.
1134 238 1203 285 111,
1232 239 1295 278 98.
1561 240 1644 279 647

138 365 288 391 recensu
307 352 490 402 copiarum
503 378 515 396 ,
546 363 640 400 quae
660 364 705 389 ex
723 351 826 388 India
846 350 1002 388 Xerxem
1021 350 1288 400 sequebantur,
1318 354 1644 388 commemorentur

137 421 225 458 alias
245 421 452 468 frequentes
474 418 646 455 Indorum
667 420 703 455 in
725 417 961 464 exercitibus,
1001 418 1068 455 sed
1089 417 1283 455 Persarum
1315 417 1350 452 in
1374 416 1532 453 exercitu
1557 424 1642 455 ante

134 499 295 538 pugnam
325 486 374 523 ad
399 486 533 524 Arbela
561 486 787 522 commissam
814 485 910 522 haud
938 485 1087 534 cogniti.
1147 485 1331 521 Observat
1351 483 1531 532 Schlegel.
1559 485 1640 523 lnd.

133 552 365 600 Biblioth.1,
397 556 422 595 2
456 567 492 603 p.
519 553 596 595 155
620 565 723 602 seqq.
758 553 853 590 idem
875 565 1026 590 monens
1057 566 1094 603 p.
1126 551 1203 592 147
1225 551 1408 589 Herodoti
1428 553 1539 589 Indos
1566 566 1641 590 non

132 633 237 659 veros
268 633 348 658 esse
372 620 506 666 Indos,
545 621 828 657 Sanscridanam
859 619 1010 657 aliamve
1033 620 1116 656 hinc
1146 618 1340 655 deductam
1360 617 1553 669 loquentes
1572 619 1641 657 lin-

131 700 240 737 guam
271 689 510 737 viventesque
542 689 740 726 secundum
769 687 1034 725 Brachmanum
1069 687 1190 735 legeS,
1231 686 1298 723 sed
1327 687 1437 724 rudes
1464 688 1642 737 quasdam

131 758 260 803 gentes
292 755 485 804 indigenas
515 754 713 803 Nigrorum
748 754 795 790 ad
823 755 958 803 instar,
995 766 1089 804 quae
1110 754 1158 790 ad
1187 754 1349 790 dextram
1369 754 1450 791 Indi
1471 754 1641 792 habitent

131 822 246 873 ripam
264 823 300 859 in
320 822 426 860 terris
449 821 640 858 Candakar
661 826 698 859 et
715 820 976 870 Baluclu‘stun‚
1006 827 1045 858 ut
1063 834 1159 858 nunc
1175 826 1319 859 vocant.
1377 822 1483 866 Quae
1510 824 1637 861 eadem

130 890 209 928 fere
228 890 374 940 repetiit
398 889 494 926 idem
519 889 572 925 vir
600 889 727 925 doctus
751 888 809 925 in:
845 888 982 925 Berlin.
1000 887 1036 925 T
1038 889 1265 926 aschenbuch
1288 890 1393 930 1829
1415 903 1452 940 p.
1475 890 1549 939 15,
1579 891 1639 928 ubi

129 955 305 993 australes
336 956 521 993 Herodoti
548 955 659 992 Indos
688 956 814 1004 quaeri
840 955 919 992 vult
947 955 1174 993 occidentem
1202 969 1326 994 versus
1355 957 1392 994 in
1424 962 1520 995 terra
1548 958 1638 996 Ba-

130 1023 309 1060 lachae'stan
325 1023 373 1059 ad
388 1022 518 1060 Indum
533 1023 759 1070 inferiorem,
788 1022 1092 1073 septentrionales
1109 1023 1220 1060 Indos
1240 1024 1276 1060 in
1294 1023 1469 1062 Tartarz‘a
1483 1038 1637 1074 magna3

129 1103 221 1140 quos
242 1092 340 1141 ipsos
368 1102 442 1127 non
462 1095 535 1127 tam
558 1091 665 1127 rudes
686 1090 882 1139 nigrosque
907 1091 1018 1128 fuisse
1042 1103 1152 1139 quam
1173 1091 1364 1128 Herodoto
1385 1092 1501 1128 visum
1520 1093 1640 1140 fuerit,

128 1158 191 1207 qui
207 1171 274 1208 pro
292 1156 429 1206 Negris
452 1169 514 1194 eos
534 1156 703 1193 habuisse
720 1157 888 1195 videatur
920 1158 986 1206 (id
1014 1159 1114 1207 quod
1143 1159 1179 1195 in
1207 1158 1510 1208 septentrionales
1527 1159 1639 1196 Indos

127 1225 272 1262 minime
287 1224 560 1271 conveniens),
590 1224 687 1261 idem
705 1225 843 1261 statuit.
901 1223 1093 1263 Sufficiant
1110 1225 1199 1263 haec
1219 1226 1257 1262 in
1279 1226 1486 1262 universum
1508 1226 1638 1277 dispu-

127 1296 226 1337 tata3
257 1304 352 1341 quae
375 1290 517 1340 singula
539 1290 697 1340 singulas
724 1291 773 1329 ad
801 1295 930 1339 gentes
954 1291 1081 1330 Indiae
1102 1293 1334 1343 pertineant,
1374 1305 1418 1329 ea
1438 1293 1511 1330 suis
1528 1306 1639 1343 quae-

128 1370 200 1407 que
218 1357 306 1395 locis
333 1359 568 1396 enotavimus.
625 1359 702 1396 Iam
731 1360 779 1397 de
808 1359 906 1406 fide,
943 1371 1052 1408 quam
1076 1360 1254 1398 Herodoti
1283 1364 1432 1396 narrata
1462 1361 1509 1398 de
1534 1361 1639 1398 India

126 1430 310 1473 mereant,
340 1426 371 1462 si
389 1439 542 1475 quaeras
556 1455 567 1474 ,
606 1426 697 1464 hanc
724 1439 814 1464 sane
837 1426 987 1464 multum
1010 1427 1174 1478 pendere
1194 1440 1215 1466 e
1231 1431 1331 1465 recta
1350 1426 1512 1465 locorum
1532 1427 1639 1466 intel-

124 1492 297 1542 ligentia,
327 1493 376 1530 ad
396 1505 491 1542 quae
512 1494 585 1530 sint
601 1493 659 1530 illa
678 1495 755 1544 ipsa
774 1495 987 1542 referenda,
1023 1507 1130 1532 nemo
1148 1508 1222 1531 non
1242 1493 1431 1543 intelligit,
1461 1495 1638 1545 simulque

126 1562 236 1599 etiam
259 1561 541 1609 regrediendum
571 1562 641 1598 erit
670 1563 718 1599 ad
744 1563 884 1611 fontes,
930 1563 1027 1599 unde
1046 1562 1298 1600 Herodoteam
1320 1562 1367 1600 de
1389 1562 1495 1599 India
1513 1575 1637 1600 narra-

125 1628 264 1666 tionem
281 1628 428 1665 fluxisse
446 1628 491 1665 sit
508 1628 692 1668 credibile.
753 1629 872 1674 Quam
893 1629 1085 1667 Persarum
1107 1642 1128 1667 e
1147 1630 1411 1666 narrationibus
1429 1634 1543 1666 totam
1559 1631 1636 1668 fere

125 1696 292 1734 haustam
316 1708 417 1742 esse,
456 1701 495 1732 ut
515 1696 553 1732 in
574 1696 776 1733 universum
801 1697 959 1734 dubitari
985 1698 1112 1746 nequit
1134 1697 1346 1746 dudumque
1365 1702 1543 1735 statuerat
1560 1698 1636 1736 Ro-

125 1764 290 1802 bertson.
319 1763 445 1801 Ueber
466 1763 501 1800 d.
521 1764 683 1801 Kenntn.
705 1763 741 1799 d.
758 1763 868 1802 Alten
888 1776 922 1801 v.
942 1764 1070 1802 lndien
1094 1778 1131 1815 p.
1146 1766 1199 1804 92
1220 1765 1277 1801 ed.
1301 1775 1446 1801 vernae.
1459 1763 1636 1812 Eoi-ster„

125 1834 179 1869 ita
205 1831 316 1882 ipsius
345 1831 522 1881 probatur
547 1831 730 1882 scriptoris
749 1829 878 1868 Nostri
900 1833 1108 1869 testimonio
1133 1832 1195 1880 (v,
1217 1845 1247 1869 c.
1269 1830 1342 1878 Ill,
1379 1833 1470 1873 102.
1506 1831 1633 1881 105),

125 1900 209 1949 qui,
239 1898 522 1936 Maltebrunium
546 1899 576 1935 si
595 1899 783 1936 audiamus
805 1897 855 1945 (l.
878 1897 900 1934 l.
922 1912 957 1948 p.
979 1901 1089 1948 322)
1114 1899 1204 1936 haec
1223 1899 1325 1949 ipsa,
1357 1910 1451 1947 quae
1470 1910 1492 1935 a
1512 1899 1634 1937 Persis

125 1966 325 2018 acceperit,
363 1966 411 2002 ad
443 1966 608 2003 notiones
639 1967 739 2015 apud
760 1967 923 2003 Graecos
942 1965 1051 2014 vulgo
1071 1969 1236 2015 receptas
1254 1965 1369 2013 magis
1387 1966 1633 2004 conformarit.

124 2034 178 2073 Ac
200 2046 288 2071 sane
307 2034 344 2070 in
368 2032 424 2070 his
452 2035 568 2070 multa
595 2033 746 2071 inveniri
766 2046 942 2085 perquam
962 2033 1052 2071 mira
1065 2061 1077 2080 ,
1119 2032 1231 2069 multa
1251 2031 1348 2068 falsis
1368 2044 1453 2069 vera
1472 2032 1634 2070 admixta

59 2151 61 2153 Ι
125 2102 207 2152 quis
237 2099 415 2150 negabit?
472 2100 607 2149 Neque
636 2114 720 2138 vero
752 2101 821 2139 hoc
849 2102 936 2138 vitio
962 2105 1099 2138 vertam
1126 2099 1223 2150 patri
1248 2098 1446 2147 historiae,
1482 2112 1563 2137 cum
1584 2113 1631 2138 ne

124 2182 222 2207 nunc
241 2168 390 2218 quidem
411 2181 558 2219 prorsus
580 2169 716 2218 liqueat
737 2170 783 2207 de
804 2170 846 2206 iis
875 2169 964 2219 ipsis
986 2168 1196 2217 regionibus
1225 2179 1291 2217 per
1311 2179 1456 2204 omnem
1473 2167 1550 2205 fere
1567 2180 1631 2205 an-

124 2238 329 2287 tiquitatem
355 2236 572 2273 densissima
598 2237 752 2286 caligine
783 2237 951 2274 obtectis.
1008 2235 1159 2273 Accedit
1183 2235 1285 2284 quod
1313 2235 1351 2271 in
1378 2238 1482 2271 tanta
1501 2234 1631 2273 harum

124 2305 314 2354 regionum
332 2304 555 2342 obscuritate
567 2305 759 2342 Herodoto
779 2305 975 2342 sciscitanti
995 2315 1038 2341 ea
1054 2302 1282 2353 potissimum
1299 2314 1486 2340 enarrasse
1501 2303 1628 2341 viden-

124 2378 184 2410 tur
210 2371 365 2417 Persae,
414 2384 507 2421 quae
538 2373 626 2423 ipsis
666 2373 821 2410 maxime
853 2373 944 2409 mira
975 2371 1184 2408 viderentur
1218 2370 1454 2420 ipsorumque
1493 2371 1632 2408 animos

127 2441 280 2479 maxime
307 2439 514 2478 affecerant.
571 2439 742 2489 Namque
767 2441 835 2478 hae
861 2441 962 2490 ipsae
987 2439 1112 2476 Indiae
1133 2437 1302 2486 regiones
1330 2437 1631 2487 septentrionales

127 2509 244 2546 minus
262 2507 381 2545 adhuc
399 2508 569 2556 cognitae
586 2508 814 2558 potissimum
837 2512 945 2554 sunt,
984 2520 1078 2557 quae
1099 2506 1256 2555 antiquis
1274 2505 1447 2542 Indorum
1467 2505 1632 2542 carmini-

127 2576 194 2614 bus
210 2575 364 2613 maxime
381 2574 627 2622 celebrantur,
657 2575 706 2612 ad
725 2587 816 2624 quas
834 2575 948 2612 multa
967 2578 1138 2626 spectant
1154 2577 1357 2611 commenta
1370 2600 1381 2619 ,
1406 2572 1550 2610 fabulae
1572 2573 1631 2609 In-

128 2644 256 2680 dorum
283 2643 320 2679 in
348 2643 444 2681 libris
476 2643 586 2681 sacris
617 2643 746 2681 obviae
776 2647 812 2681 et
838 2656 906 2694 per
931 2656 1074 2681 omnem
1095 2644 1172 2681 fere
1189 2642 1313 2679 Asiam
1330 2641 1379 2678 ad
1397 2640 1528 2677 Persas
1544 2640 1631 2677 inde

130 2710 296 2760 aliasque
311 2711 473 2749 nationes
494 2715 734 2761 propagatae.
789 2710 901 2748 Unde
928 2711 1004 2754 veri
1032 2711 1075 2748 fit
1094 2709 1329 2754 simillimum,
1364 2708 1462 2747 hisce
1484 2721 1504 2745 e
1527 2708 1630 2745 terris

127 2778 327 2815 fabularum
354 2779 532 2816 feracibus
558 2778 643 2815 talia
669 2779 717 2815 ad
736 2778 867 2816 Persas
892 2791 1039 2828 quoque
1070 2789 1258 2815 emanasse
1278 2776 1438 2825 indeque
1459 2776 1495 2811 in
1512 2774 1631 2811 Hero-

129 2846 209 2884 doti
226 2845 335 2883 libros
356 2845 550 2884 transiisse.
609 2845 759 2884 Praeter
779 2845 922 2894 wahl„
959 2847 1020 2896 qui
1040 2846 1128 2884 haee
1149 2845 1274 2894 attigit
1301 2844 1337 2881 in
1364 2842 1456 2880 libro
1484 2841 1631 2878 laudato
