1904 3304
53 757 148 803 153

599 212 952 253 THALIA.

1011 213 1076 251 ΙΙΙ.
1381 213 1466 254 263

173 326 343 376 Ξπάσας
371 323 567 381 μηχανὰς
598 323 848 379 ἐπεποιήκεε
882 324 924 374 ἐς
958 321 1119 372 αὐτούς
1148 325 1347 375 Δαρεῖος.
1378 320 1466 365 ἀλλ’

201 396 303 442 οὐδ’
335 395 394 446 ὥς
423 396 605 439 ἐδύνατο
636 395 748 438 ἕλεῖν
779 393 928 449 σφέας,
951 393 1120 437 ἄλλοισί
1149 409 1192 436 τε
1225 394 1467 447 σοφίσμασι

195 467 531 523 πειρησάμενος,
570 467 642 510 καὶ
691 466 743 522 δή
786 466 859 509 καὶ
899 469 958 522 τῷ
999 469 1150 517 Κῦρος
1194 460 1274 506 εἷλέ
1317 475 1467 518 σφεας,

167 540 274 583 Sami,
310 537 454 596 τούτῳ
502 537 722 593 ἐπειρήθη.

793 535 901 580 ἄλλα
940 537 1025 592 γάρ
1070 539 1222 586 δεινῶς
1261 529 1373 590 ἦσαν
1419 534 1496 576 ἐν5

194 614 420 667 φυλακῇσι
462 611 506 653 οῖ
535 607 839 665 Βαβυλώνιοι,
883 606 987 652 οὐδέ
1026 620 1163 663 σφεας
1200 604 1294 658 οἷός
1334 621 1377 649 τε
1413 599 1469 661 ἦν

193 681 316 725 ἑλεῖν.

195 824 334 880 βύζου
363 823 548 875 τούτου,
594 822 642 873 ὃς
681 826 770 865 τῶν
810 822 916 865 ἑπτὰ
954 820 1131 873 ἀνδρῶν
1171 819 1236 874 ἐγὲ

195 895 275 938 τὸν
312 893 475 950 ΝΙάγον
516 893 812 944 κατελόντων,

302 751 548 799 Ἐνθαῦτα,
587 753 768 806 εἰκοστῷ
799 751 926 805 μηνὶ,
971 749 1172 808 Ζωπύρῳ
1212 753 1274 804 τῷ
1313 751 1414 802 May

851 891 993 951 τούτῳ
1031 890 1301 947 Μεγαβύζου
1341 889 1465 931 παιδὶ

196 965 396 1024 Ζωπύρῳ
439 965 608 1020 ἐγένετο
652 964 778 1018 τέρας
816 963 939 1008 τόδε·
989 968 1076 1006 τῶν
1124 964 1167 1005 οῖ
1210 958 1466 1015 σιτοφόρων

165 1035 395 1094 Ξὴμιόνων
428 1038 506 1093 μία
544 1035 670 1079 ἔτεκε.
731 1033 791 1087 ὦς
829 1036 875 1079 δέ
907 1037 951 1079 οἱ
989 1033 1245 1091 ἐξαγγέλθη,
1276 1032 1348 1076 καὶ
1377 1030 1465 1075 ὑπὸ
1480 1040 1524 1072 10

345 1208 600 1260 Cap.CLn.

194 1289 426 1343 ἐπεποιήκεε
452 1292 490 1340 ἐς
520 1288 692 1345 αὐτοὺς]
741 1294 800 1332 De

139 1356 319 1388 structura
332 1351 433 1388 verbi
450 1354 579 1388 ποιεῖν
599 1364 678 1387 curn
693 1364 800 1401 prae-

136 1409 319 1458 positione
339 1406 378 1452 ἐς
397 1409 491 1444 conf.
510 1407 536 1453 l,
556 1405 621 1446 41.
644 1407 706 1455 Ill,
732 1410 798 1448 49.

142 1486 192 1491 —
219 1464 277 1500 Ad
306 1459 400 1502 οὐδ’
429 1460 479 1508 ὣς
506 1465 542 1499 in
572 1476 674 1513 seqq.
704 1465 798 1501 conf.

135 1519 198 1563 Ill,
221 1522 281 1560 13.
310 1522 401 1560 109.
449 1519 506 1556 Ad
534 1532 636 1568 seqq.
660 1534 800 1570 πειρη-

137 1572 310 1626 σάμενος
342 1591 378 1614 κ.
409 1591 439 1613 τ.
473 1578 506 1613 λ.
558 1578 630 1614 vid.
663 1577 797 1614 Matth.

136 1633 201 1670 Gr.
226 1633 290 1672 Gr.
312 1647 348 1684 p.
370 1634 464 1673 930.
489 1634 606 1672 1316.

146 1768 162 1774 „
194 1717 336 1764 δεινῶς
364 1711 469 1767 ἦσαν
497 1715 538 1756 ἐν
569 1717 795 1771 φυλακῇσι]

134 1775 239 1825 ’ἦσαν
263 1788 282 1812 e
309 1774 469 1824 pluribus
500 1775 598 1811 libris
628 1775 793 1811 revocavi

134 1844 215 1868 cum
238 1831 354 1867 Gaisf.
384 1836 420 1868 et
443 1830 576 1867 Matth.
603 1844 670 1880 pro
699 1830 794 1879 vulg.

135 1887 242 1926 ἕσαν.
291 1888 427 1924 Sensus
453 1893 525 1924 est:
556 1888 710 1924 studiose
733 1901 795 1924 cu—

136 1945 272 1979 stocle‘as
303 1945 468 1991 agebunt.
535 1944 649 1981 Haud
680 1944 792 1980 infre-

134 2013 252 2050 quens
276 2001 374 2049 apud
401 2000 578 2037 Nostrum
602 1999 644 2039 ἐν
670 2003 795 2049 φυλα-

135 2059 189 2110 κῇ
199 2055 313 2106 ἔχειν,
327 2070 354 2093 s.
369 2054 556 2106 φυλακήν
570 2056 669 2106 ἔχειν
682 2073 693 2104 ,·
708 2057 795 2102 vid„

136 2126 228 2162 quos
267 2113 386 2150 attulit
421 2113 520 2150 locos
551 2113 722 2162 Schwgh.
758 2113 795 2150 in

134 2169 225 2208 Lex.
245 2170 384 2207 Herod.

327 2259 602 2311 eap.cLuL

193 2335 392 2391 Ζωπύρῳ]
426 2338 571 2376 Nomen
595 2338 735 2388 Zopyri
757 2338 795 2374 in

135 2395 325 2432 Persarum
347 2397 455 2433 rebus
479 2396 715 2432 decantatum
737 2395 794 2431 di-

136 2451 183 2487 cit
194 2451 342 2488 Dorvill.
363 2453 412 2488 ad
423 2452 563 2488 Charit.
577 2465 612 2501 p.
626 2452 794 2497 472,ubi

138 2507 184 2543 de
203 2509 355 2545 nominis
372 2509 505 2546 Graeci
522 2509 662 2545 ratione
681 2521 794 2556 quae-

139 2562 195 2598 rit.
215 2562 294 2601 Nec
309 2564 456 2601 meliora
476 2564 596 2601 attulit
609 2564 796 2610 Bochart„

140 2630 247 2666 quem
280 2619 405 2657 laudat
433 2622 467 2657 in
493 2621 700 2657 Hierozoic.
732 2620 796 2668 Ill,

144 2676 190 2713 11
214 2674 352 2723 p.414.
370 2698 425 2704 —
445 2676 646 2727 Megabyzi
663 2689 796 2714 nomen

140 2728 269 2777 legitur
293 2743 438 2780 quoque
454 2734 515 2779 lll,
540 2737 617 2775 160
639 2737 675 2771 et
697 2734 796 2783 apud

139 2786 301 2823 Ctesiam
323 2787 439 2825 Perss.
467 2789 649 2840 Excerptt.
673 2788 709 2840 ᾗ.
729 2793 796 2830 22.

140 2843 205 2882 33.
238 2843 335 2880 Alibi
352 2844 520 2882 scribitur
540 2843 797 2900 ,Μεγάβαζοςᾈ

857 1210 904 1248 de
916 1221 987 1259 qna
1001 1207 1199 1258 scripturae
1209 1206 1422 1245 diversitate
1432 1218 1521 1242 con-

857 1268 911 1304 ser
922 1268 969 1303 sis
982 1265 1120 1302 Duker.
1144 1264 1191 1300 ad
1211 1264 1378 1312 Thucyd.
1392 1263 1421 1309 I,
1443 1264 1520 1302 109

858 1328 896 1360 et
933 1322 1161 1373 potissimum
1193 1320 1442 1357 Hemsterhus.
1474 1319 1523 1355 ad

856 1379 1008 1416 Lucian.
1030 1377 1148 1413 'siml
1172 1391 1207 1427 p.
1221 1378 1302 1417 383
1321 1377 1403 1425 Bip.
1424 1375 1523 1412 Dor-

855 1435 926 1472 vill.
959 1436 1006 1471 ad
1035 1434 1173 1470 Charit.
1198 1435 1219 1470 l.
1241 1435 1262 1470 l.
1290 1432 1521 1470 Perizonium

856 1493 905 1529 ad
919 1490 1115 1529 Aelian.V.
1132 1490 1180 1526 H.
1204 1490 1248 1536 ll,
1269 1493 1305 1530 2.
1330 1490 1520 1537 Frequens

856 1549 953 1586 enim
984 1548 1053 1584 hoc
1090 1559 1224 1583 nomen
1260 1547 1295 1582 in
1325 1545 1519 1581 Persarum

856 1606 1037 1656 reperitur
1054 1602 1219 1649 historia,
1236 1601 1433 1652 pluresque
1452 1601 1520 1637 du-

855 1675 914 1699 ces
939 1661 989 1698 ita
1015 1664 1213 1704 vocantur,
1246 1671 1288 1696 ex
1319 1659 1431 1708 stirpe
1455 1670 1522 1693 no-

854 1717 1017 1755 bilissimi
1056 1716 1149 1753 illius
1186 1714 1407 1764 Megabyzi,
1458 1714 1520 1762 qui

852 1779 995 1825 septem
1045 1773 1138 1810 inter
1186 1773 1398 1810 coniuratos
1439 1771 1521 1816 fuit,

851 1832 996 1882 opinor,
1026 1829 1180 1866 oriundi.

909 1884 953 1933 ὃς
970 1888 1049 1925 τῶν
1070 1882 1166 1925 {mo}
1189 1880 1349 1936 ἅνδροῖν
1370 1898 1405 1921 κ.
1421 1897 1453 1921 τ.
1466 1882 1515 1932 λ.]

852 1945 962 1982 Conf.
982 1943 1048 1988 ΙΙΙ,
1071 1946 1139 1983 70.

909 1996 1095 2051 ἡμιόνων
1122 1997 1193 2048 μία
1223 1996 1341 2048 ἔτεκε]
1374 1997 1515 2034 Eadem

853 2058 1000 2094 Ctesias
1027 2055 1050 2092 l.
1076 2055 1098 2092 l.
1130 2053 1166 2105 ἓ.
1196 2056 1260 2096 22.
1327 2054 1380 2091 Ac
1403 2058 1517 2101 negat

852 2111 1066 2150 Aristoteles
1093 2111 1141 2148 H.
1171 2112 1213 2148 A.
1243 2111 1302 2156 vl,
1331 2109 1396 2151 24.
1428 2122 1516 2159 pag.

854 2171 937 2210 882
971 2169 1054 2218 Bip.
1083 2166 1214 2204 mulam
1258 2179 1418 2215 unquam
1449 2178 1517 2215 pe-

852 2227 1002 2277 perisse,
1032 2224 1129 2261 unde
1151 2236 1225 2260 non
1247 2224 1388 2268 mirum,
1416 2221 1516 2272 apud

852 2287 995 2319 veteres
1022 2281 1091 2317 hoc
1118 2281 1147 2316 si
1175 2280 1360 2326 acciderit,
1389 2278 1517 2329 prodi-

852 2339 903 2388 gii
924 2339 1003 2375 loco
1027 2337 1140 2374 fuisse
1169 2337 1346 2373 habitum.
1406 2335 1516 2371 Cous.

853 2395 946 2432 Plin.
976 2394 1026 2431 H.
1051 2393 1101 2430 N.
1130 2393 1231 2439 Vlll,
1260 2394 1325 2434 44.
1364 2392 1517 2429 Praeter

850 2451 1019 2489 Bochart.
1040 2450 1188 2487 Hier-oz.
1210 2450 1256 2495 II,
1266 2453 1319 2491 20
1340 2448 1461 2485 omnia
1480 2452 1518 2484 et

852 2513 1012 2546 veterum
1037 2511 1074 2543 et
1090 2506 1331 2544 recentiorum
1350 2505 1516 2541 testimo-

852 2565 912 2601 nia
922 2564 990 2601 hac
1007 2564 1054 2600 de
1066 2576 1105 2600 re
1122 2562 1272 2611 collegit
1291 2561 1518 2599 Beckmann.

853 2621 901 2658 ad
921 2619 1069 2657 Aristot.
1088 2619 1264 2656 Auscultt.
1286 2618 1444 2656 Mirabb.
1477 2630 1514 2667 p.

853 2680 907 2718 70
934 2690 970 2727 p.
993 2676 1073 2717 142
1100 2680 1136 2713 et
1163 2676 1244 2717 427
1272 2675 1514 2725 comprobans

852 2733 1066 2771 recentioris
1087 2733 1167 2770 aevi
1199 2732 1428 2769 documentis
1459 2744 1515 2775 ea,

853 2802 948 2839 quae
970 2790 1016 2827 de
1036 2788 1140 2826 mulis
1162 2789 1345 2825 rarissime
1367 2788 1514 2838 parien-

852 2847 950 2884 tibus
970 2846 1121 2884 tradidit
1138 2845 1348 2895 antiquitas.

1417 764 1465 789 α..
1522 751 1630 778 Mense
1668 751 1775 777 viceni-

1522 793 1569 811 mo
1595 784 1763 820 prodigium

1240 835 1336 862 veto
1374 822 1463 861 ὠν
1521 818 1765 888 ξςεεῑτέεπεὲὶω
