1904 3304
476 257 1043 298 MELPOMENE.

1101 257 1163 296 1V.

1368 260 1453 301 515

183 374 258 427 τῆς
285 369 479 424 Δαρείου
511 368 556 412 δὲ
588 368 800 425 δυνάμιος
833 367 1185 423 καταιρεθείσης,
1238 367 1339 410 οὔτε
1373 366 1450 411 αὖ·

183 443 256 492 τὰς
295 442 527 496 Μιλησίων
573 435 666 492 οἷός
708 457 752 483 τε
794 440 913 483 ἔσται
953 439 1120 494 ἄρχειν,
1172 437 1274 481 οὕτε
1314 437 1450 482 ἄλλον

184 511 343 555 οὐδένα
383 510 612 567 οὐδαμῶν·
672 511 968 568 βουλήσεσθαι
1005 510 1089 565 γὰρ
1129 508 1314 565 ἑκάστην
1358 513 1448 552 τῶν

181 582 349 624 πολίων
384 583 758 638 δημοκρατέεσθαι
795 585 963 636 μᾶλλον
1001 579 1028 636 ἢ
1057 580 1475 634 τυραννεύεσθαι.“5

151 651 381 695 3Ἱστιαίου
401 654 446 696 δὲ
467 652 646 709 γνώμην
667 650 829 707 ταύτην
860 650 1255 706 ἀποδεικνυμένου,
1291 651 1447 696 αὐτίκα

178 722 335 774 πάντες
363 718 476 779 ἦσαν
506 723 787 779 τετραμμένοι
818 721 929 776 πρὸς
958 721 1119 778 ταύτην
1147 721 1228 778 τὴν
1252 722 1445 779 γνώμην,

37 799 133 845 138
181 793 398 848 πρότερον
452 795 531 850 τὴν
577 793 829 837 Μιλτιάδεω
878 792 1138 847 αἱρεόμενοι.

1218 788 1355 835 ἾΙσαν
1401 795 1447 837 δὲ

180 859 303 908 οὗτοι
355 867 398 908 οἱ
447 865 726 920 διαφέροντές
765 879 810 906 τε
847 862 927 919 τὴν
967 865 1142 916 ψῆφον,
1190 864 1264 905 καὶ
1302 863 1446 916 ἐόντες

178 936 314 991 λόγου
345 936 454 991 πρὸς
481 936 706 992 βασιλέος·
743 934 1092 990 Ἑλλησποντίων
1114 932 1194 987 μὲν
1213 933 1443 988 τύραννοι·
1461 946 1502 978 10

121 1084 339 1122 tientissime
364 1097 432 1135 pro
460 1083 637 1121 libertatis
670 1095 781 1121 sensu

120 1142 282 1190 ingenito
298 1142 496 1178 ferentibus
514 1142 636 1189 iugum
655 1152 676 1177 a
692 1140 782 1177 Per-

124 1199 171 1233 sis
198 1198 415 1247 impositum.
456 1197 628 1246 Namque
647 1197 781 1234 Persae

124 1254 274 1291 Graecis
304 1254 340 1289 in
374 1254 578 1290 civitatibus
617 1253 780 1301 singulis,

123 1322 214 1358 quas
254 1310 404 1360 imperio
442 1322 508 1346 suo
546 1310 781 1355 addiderant,

123 1371 297 1415 tyrannos
328 1366 610 1413 constituerant,
642 1366 702 1415 qui
725 1377 783 1401 ar·-

123 1423 215 1459 ctius
234 1435 312 1459 cum
331 1423 452 1459 Persis
470 1423 661 1469 coniuncti,
691 1435 784 1470 quo·

122 1491 275 1527 rumque
304 1478 398 1515 salus
433 1491 609 1528 suspensa
646 1492 667 1515 a
696 1478 784 1514 Per-

123 1535 192 1580 sis,
244 1535 306 1583 qui
356 1535 424 1584 ipsi
461 1535 496 1570 in
539 1535 783 1581 subiectorum

123 1590 346 1627 Graecorum
363 1590 618 1640 rempublicam
637 1591 782 1627 minime

123 1659 161 1683 se
205 1647 406 1683 immiscere
447 1646 624 1683 solebant.
684 1646 782 1682 Hinc

121 1714 202 1752 cap.
227 1704 304 1742 139
332 1707 568 1750 tyrannorum
595 1715 780 1749 recensus,

121 1759 182 1808 qui
206 1771 228 1795 a
249 1758 369 1796 Persis
391 1759 584 1796 victoribus
610 1759 646 1796 in
662 1760 781 1796 Grae-

121 1815 171 1852 cis
186 1815 388 1851 civitatibus
405 1815 487 1852 olim
498 1815 616 1853 liberis
625 1815 780 1866 popula-

120 1872 227 1920 rique
253 1872 404 1921 imperio
423 1873 614 1909 maximam
636 1876 778 1922 partem

120 1927 321 1964 fruentibus
331 1928 516 1965 constituti
525 1933 640 1966 erant.
648 1948 704 1956 ——
714 1923 783 1967 αὕ-

121 1984 201 2021 τῶν
223 1996 302 2019 cum
314 1983 430 2019 Gaisf.
442 1985 602 2034 dedipro
616 1981 780 2023 αὐτέων.

181 2035 261 2085 οἶός
293 2053 333 2077 τε
360 2038 465 2078 ἔσται
494 2037 653 2090 ἄρχειν,
690 2038 781 2080 οὔτε

124 2091 245 2133 ἄλλον
275 2091 419 2134 οὐδένα
452 2092 662 2146 ου’δαμών]
704 2097 781 2134 Re-

123 2153 208 2188 duxi
223 2151 340 2199 ἔσται,
356 2154 452 2189 cuius
462 2153 541 2189 loco
553 2154 651 2203 apud
663 2153 780 2199 Reiz.,

122 2208 302 2245 Borheck.
350 2214 386 2245 et
429 2209 563 2246 Matth.
607 2209 779 2248 ἔσεσθαι.

123 2264 257 2313 Neque
305 2266 398 2302 enim
443 2266 631 2303 offendere
668 2267 780 2304 debet

123 2321 264 2357 subitus
293 2322 464 2358 orationis
493 2323 664 2359 transitus
686 2336 706 2360 e
725 2323 780 2359 di-

123 2381 221 2414 recta
256 2378 292 2414 in
320 2378 533 2415 indirectam
562 2380 778 2425 orationem,

124 2432 171 2469 de
193 2446 265 2481 qua
284 2434 437 2471 Wessel.
463 2436 549 2472 citat
566 2435 591 2471 Ι.
608 2435 779 2472 Fr.Gro-

124 2501 206 2524 nov,
235 2490 282 2526 ad
308 2491 435 2527 Senec.
462 2492 508 2529 de
526 2492 686 2529 Benefic.
716 2492 778 2538 lv,

124 2545 191 2583 32.
223 2544 283 2580 Tu
302 2548 409 2593 cons„
440 2548 624 2598 neplura,
646 2547 779 2585 Matth.

127 2598 164 2649 §-
207 2600 299 2640 539.
338 2623 389 2629 —-
456 2604 515 2640 Ad
558 2604 779 2642 locutionem

126 2651 288 2706 γνώμην
315 2652 629 2700 α’ποδείκνυσθαι
650 2662 693 2699 cf.
715 2661 779 2709 lV,

130 2714 209 2753 132
228 2713 352 2761 ibique
370 2720 461 2751 nott.

266 2769 373 2819 Cap.
405 2771 640 2811 CXXXVIII.

178 2818 301 2862 ⁷“H6a21
322 2823 364 2863 δὲ
389 2821 500 2865 οὗτοι
519 2827 782 2879 Οἵδιαφὲρον-

127 2878 188 2926 τές
213 2895 252 2919 τε
280 2878 354 2932 την
372 2884 540 2934 ψῆφον]
572 2885 594 2922 i.
615 2898 646 2923 e.
671 2885 782 2924 Fuere

837 1084 954 1119 autem
979 1080 1035 1127 hi,
1068 1083 1131 1130 quz'
1159 1082 1198 1118 ιἰι
1232 1082 1297 1118 illa
1329 1082 1501 1121 delibera-

838 1140 928 1174 tione
972 1137 1155 1186 suffragia
1197 1137 1372 1188 ferebant.
1445 1141 1503 1178 lta

838 1195 1065 1243 Scliweigh.‚
1109 1196 1170 1243 qui
1206 1197 1302 1233 idem
1340 1197 1378 1233 in
1409 1196 1499 1235 Lex.

837 1251 979 1288 Herod.
1007 1251 1058 1287 sic
1078 1252 1206 1288 vertit:
1242 1253 1425 1301 suffragia
1444 1254 1500 1290 ul-

840 1311 895 1343 tro
931 1309 1085 1356 citroque
1122 1308 1209 1357 (pro
1249 1322 1313 1346 sua
1346 1310 1500 1359 (piisque

839 1362 1037 1415 sententia)
1070 1362 1248 1413 serentes;
1292 1370 1330 1402 ut
1363 1365 1500 1415 διαφέ-

840 1434 924 1470 ρειν
963 1421 1020 1456 vix
1063 1421 1264 1470 quidquam
1300 1422 1446 1459 differat
1477 1436 1499 1460 a

839 1477 987 1526 simplici
1023 1475 1159 1529 φέρειν
1181 1505 1192 1525 ,
1233 1482 1272 1514 ut
1307 1479 1343 1515 in
1372 1479 1499 1530 Eurip-

841 1533 963 1570 Orest.
993 1532 1059 1574 48.
1114 1533 1195 1570 Nec
1224 1535 1331 1571 aliter
1359 1534 1506 1584 Lange,

839 1589 1052 1626 vernaculus
1073 1590 1268 1638 interpres,
1299 1595 1411 1639 atque
1431 1593 1506 1628 Ita-

837 1644 891 1681 lus
923 1646 1117 1696 interpres.
1157 1645 1283 1683 Malim
1309 1648 1503 1695 equidem:

838 1703 902 1752 qui
917 1702 1008 1738 lianc
1025 1704 1234 1739 sententiam
1264 1703 1305 1751 (a
1320 1704 1498 1741 Miltiadis

836 1760 1037 1807 sententia)
1059 1759 1210 1795 alienam
1232 1773 1260 1796 s.
1283 1763 1499 1798 contrariam

827 1814 1008 1865 ferebant.
1045 1816 1151 1860 Quae
1175 1821 1397 1865 sequuntur:
1429 1817 1498 1858 καὶ

838 1868 969 1918 ἐόντες
1013 1867 1135 1923 λόγου
1176 1869 1279 1924 πρός
1316 1873 1500 1923 βασιλέος

840 1925 880 1978 (i.
908 1941 939 1965 e.
971 1929 1033 1977 qui
1059 1928 1212 1966 multum
1236 1929 1408 1966 valebant
1434 1943 1500 1967 au-

837 1985 1006 2022 ctoritate
1042 1986 1142 2035 apud
1183 1987 1325 2034 regem)
1374 1988 1499 2035 attigit

836 2040 969 2076 Matth.
993 2039 1030 2091 ἓ.
1053 2041 1150 2082 316.
1173 2054 1256 2091 pag.
1277 2044 1370 2082 623.
1401 2042 1498 2080 Add.

838 2097 991 2134 Siebelis
1021 2097 1069 2133 ad
1088 2096 1243 2134 Pausan.
1263 2098 1316 2144 X,
1349 2100 1374 2137 9
1398 2095 1436 2148 ἓ.
1461 2102 1495 2138 1.

893 2151 954 2189 Ad
973 2154 1252 2203 praepositionis
1274 2151 1374 2205 πρός
1392 2167 1497 2192 usum

837 2210 932 2246 conf.
968 2209 1040 2255 IV,
1079 2208 1159 2249 134
1197 2210 1382 2261 βασιλέος
1410 2212 1498 2248 dedi

836 2278 904 2315 pro
937 2266 1150 2316 βασιλῆος,
1180 2267 1280 2315 quod
1311 2267 1427 2304 Gaisf.
1458 2271 1496 2306 et

836 2321 970 2359 Matth.
1006 2322 1063 2361 hie
1100 2323 1337 2360 retinuerunt.
1411 2323 1494 2361 vid,

835 2379 968 2416 Struve
989 2377 1011 2415 l.
1031 2378 1053 2415 l.
1074 2378 1107 2415 II
1123 2392 1160 2430 p.
1177 2382 1306 2420 16.—
1327 2379 1369 2416 In
1391 2393 1493 2430 seqq.

836 2435 922 2471 dedi
952 2429 1079 2485 ἦσαν,
1108 2437 1207 2485 quod
1239 2449 1260 2473 a
1290 2437 1432 2474 duobus
1453 2438 1496 2474 li-

835 2491 910 2527 bris
932 2504 1079 2541 prorsus
1099 2492 1214 2530 abest.
1245 2494 1302 2530 Cf.
1317 2494 1443 2530 Matth.
1457 2507 1494 2543 p.

835 2546 930 2587 414.
949 2568 1000 2575 ——
1043 2548 1198 2585 Stratus
1223 2554 1398 2599 tyrannus
1419 2563 1495 2587 me-

835 2608 997 2640 moratur
1015 2604 1120 2651 VIII,
1149 2608 1247 2652 1323
1278 2606 1407 2642 Aeaces
1425 2606 1495 2642 Sa-

836 2660 1070 2708 mitjrannus
1082 2661 1145 2708 lv,
1168 2665 1229 2702 13.
1253 2663 1325 2699 Pro
1339 2658 1494 2712 Αἰάκης

837 2717 937 2765 quod
948 2716 1064 2766 plures
1077 2717 1156 2754 libri
1168 2719 1339 2755 exhibent
1352 2718 1494 2757 Αἰακί-

838 2773 910 2821 δης
935 2786 963 2808 s.
984 2774 1200 2821 Αἰακίδας,
1231 2776 1278 2810 ad
1303 2774 1397 2811 illam
1419 2776 1494 2825 pri-

838 2830 984 2867 mitivae
1006 2836 1116 2879 atque
1135 2831 1407 2881 patronymicae
1428 2845 1494 2866 vo-

838 2886 888 2923 cis
917 2888 1164 2924 confusionem
1195 2888 1292 2923 haud
1317 2900 1398 2923 raro
1427 2888 1493 2923 oi>-

1176 2941 1264 2984 33*

1504 798 1613 826 Eorum
1632 800 1764 827 nomina.
