1904 3304
542 235 1100 275 MELPOMENE.

1162 235 1226 274 lv.
1397 237 1482 276 395

213 347 361 397 πόλιν,
403 346 445 396 ἐς
483 345 627 402 δεξιὴν
659 345 861 402 ἀπέργων
898 345 979 403 τήν
1015 363 1058 390 τε
1092 345 1268 400 Ὑλαίην
1305 345 1377 387 καὶ
1406 345 1483 387 τὸν

211 562 340 602 τοῦτο
362 576 437 614 της
456 577 612 616 χωρης,
636 560 677 610 ἐς
701 560 727 604 ὃ
744 561 1004 616 γιιώσκεται
1021 561 1043 604 ὁ
1058 560 1356 617 Βορυσθένης·
1390 557 1485 602 απὲ-
1502 564 1540 597 15

155 677 254 713 sossi.
308 676 379 711 Alii
409 673 535 711 urbem
566 673 672 709 sitam
706 674 818 710 fuisse

156 733 390 777 existimant,
429 731 489 767 ubi
521 743 618 767 nunc
648 730 818 767 Goeslevce

156 802 185 828 s.
216 789 423 826 Gimlewe.
475 787 559 822 Yid.
601 787 818 823 'szschucke

156 849 248 882 nott.
277 858 409 895 megg.
431 844 477 881 ad
498 843 619 880 Melae
643 843 663 879 l.
687 843 707 880 l.
731 855 817 893 pag.

156 905 222 944 22.
241 903 306 943 23.

213 957 252 1004 ἐς
286 954 420 1007 δεξιήν
452 952 652 1007 ἅπέργων]
694 955 714 990 i.
741 968 772 992 e.
795 968 818 992 a

157 1014 286 1052 dextra
325 1014 547 1063 relinquens,
592 1013 667 1050 sive
699 1012 818 1060 magis

157 1072 204 1108 ad
225 1072 397 1109 verbum:
430 1084 453 1107 α
477 1070 605 1106 dextra
617 1098 629 1115 ,
660 1068 709 1105 ad
733 1069 819 1105 dex—

156 1132 249 1164 tram
274 1131 414 1178 partem
445 1129 661 1172 terruimus,
701 1126 821 1163 orien-

156 1190 228 1222 tem
251 1197 399 1230 versus,
431 1192 468 1221 ut
486 1186 616 1221 volunt
634 1182 820 1220 Mannert.

157 1243 180 1279 l.
199 1240 219 1278 l.
240 1246 278 1279 et
308 1241 504 1278 Reichard.
534 1240 556 1276 l.
579 1240 601 1276 l.
648 1240 822 1276 Herodo-

158 1304 256 1344 tum,
295 1298 478 1335 Graecum
519 1297 702 1333 hominem
732 1296 823 1332 haec

159 1355 377 1391 scribentem
399 1354 646 1404 respicientes.
686 1351 747 1389 Ad
768 1352 821 1388 lo-

159 1412 341 1447 cutionem
364 1410 404 1457 ἐς
424 1407 558 1460 δεξιῆν
577 1410 671 1446 conf.
686 1409 823 1446 Schae-

157 1468 222 1504 ser.
252 1468 299 1504 ad
320 1466 509 1505 Lambert.
527 1468 613 1503 Bos.
637 1466 683 1504 de
707 1465 820 1515 ellips.

157 1536 244 1573 pag.
267 1525 349 1564 860
369 1523 446 1561 coll.
469 1524 564 1564 526.
588 1524 690 1569 529,
719 1528 753 1558 et
774 1522 821 1558 ad

159 1575 346 1631 οἷπέργειν
370 1579 513 1617 Herod.
534 1579 591 1626 ΙΙ,
620 1581 673 1620 99
699 1578 823 1626 ibique

157 1641 251 1673 nott.
274 1657 326 1662 —-
348 1635 408 1674 De
428 1635 576 1686 Hylaea
603 1635 757 1672 diximus
774 1634 822 1670 ad

158 1693 231 1739 IV,
258 1695 296 1734 9.

215 1748 282 1788 καὶ
306 1745 374 1787 τόν
394 1744 615 1799 Ἀχιλλήιον
636 1743 824 1799 καλεόμε-

161 1821 232 1845 νον
259 1801 454 1857 Δρόμον.]
495 1806 659 1852 Locum,
690 1808 726 1842 in
750 1817 823 1854 quo

160 1863 336 1900 Achillem
378 1864 576 1900 certamina
622 1864 825 1900 instituisse

160 1920 304 1966 ferunt,
347 1919 542 1970 descripsit
568 1919 668 1957 Mela
701 1920 754 1965 ll,
789 1922 825 1964 1,

162 1977 216 2016 50
243 1988 321 2024 seq.
361 1976 439 2012 coll.
471 1976 562 2012 Plin.
598 1976 648 2013 H.
681 1975 728 2013 N.
764 1975 825 2020 lv,

163 2034 257 2079 (12)
285 2034 351 2073 26.
391 2033 528 2069 Strabo
546 2033 613 2069 Vll
636 2046 672 2082 p.
691 2034 774 2073 307
795 2044 824 2068 s,

162 2090 245 2129 472
266 2094 301 2125 et
321 2089 415 2128 473.
449 2089 592 2125 Arrian.
620 2088 754 2138 Peripl.
788 2086 824 2138 ἓ.

163 2148 213 2184 21
247 2144 327 2194 (ubi
349 2146 444 2182 conf.
467 2145 563 2182 Gail.
591 2145 638 2182 T.
661 2145 711 2181 lll
739 2158 825 2194 pag.

165 2203 246 2242 130
266 2203 374 2250 seq.).
405 2204 525 2239 Anon.
551 2202 686 2252 Peripl.
708 2200 745 2252 ξ
762 2204 825 2246 11,

163 2259 324 2306 itemque
389 2260 594 2307 attigerunt
658 2258 823 2308 Euripid.

164 2315 330 2365 Iphigen.
350 2315 461 2352 Taur.
482 2316 562 2355 433
581 2314 680 2365 (coll.
704 2314 826 2363 Lyco-

165 2372 295 2421 phron.
322 2373 426 2409 Cass.
461 2372 588 2420 192),
628 2372 827 2421 Dionysius

167 2428 310 2475 Perieg.
333 2430 438 2475 307,
468 2429 647 2466 Ammian.
672 2427 828 2465 Marcel-

169 2485 229 2520 lin.
255 2485 349 2532 XX,
378 2487 425 2533 8,
473 2486 647 2522 Priscian.
683 2486 827 2533 Perieg.

172 2542 281 2586 297,
316 2542 386 2579 alii.
450 2542 666 2591 Intelligitur
706 2547 828 2578 autem

174 2595 232 2633 ille
259 2603 435 2646 angustus
462 2604 580 2637 terrae
600 2604 755 2643 tractus,
794 2600 829 2634 in

174 2664 273 2690 mare
300 2667 376 2690 non
405 2655 514 2704 longe
546 2669 567 2692 a
589 2655 830 2704 Borysthenis

175 2709 267 2746 ostio
289 2711 512 2749 occidentem
532 2726 656 2750 versus
684 2726 705 2750 a
734 2718 830 2750 terra

175 2765 316 2813 Hylaea
337 2765 401 2817 (de
424 2780 496 2816 qua
515 2770 560 2805 cf.
579 2774 672 2807 nott.
699 2770 746 2805 ad
766 2768 829 2816 IV,

175 2823 220 2869 9)
243 2828 430 2872 porrectus
450 2829 486 2861 et
506 2826 541 2861 in
561 2831 704 2863 acutum
731 2826 830 2862 desi-

175 2891 264 2915 nens
302 2881 609 2931 promontorium,
649 2883 703 2920 cui
735 2895 830 2920 nunc

877 686 1010 710 nomen
1031 672 1226 709 Kz'rnburn..
1263 672 1333 716 Qui
1353 671 1452 708 locus
1473 682 1539 706 an-

876 730 1080 778 tiquissima
1108 730 1284 777 religione
1303 729 1388 765 inde
1415 740 1435 763 a
1455 726 1539 764 belli

877 786 1062 822 Troianici
1115 787 1341 835 temporibus
1387 784 1539 833 insignis

876 843 1013 887 fertur,
1057 842 1156 878 cuius
1182 846 1268 891 post
1291 842 1537 886 Herodotum,

876 899 937 935 ubi
957 899 1073 949 prima
1093 898 1185 934 illius
1212 900 1373 944 mentm,
1403 897 1539 947 plures,

877 968 969 1004 quos
1008 955 1181 1005 plurimos
1224 956 1334 991 modo
1368 954 1539 991 excitavi-

874 1025 967 1058 mus,
988 1013 1239 1049 meminerunt.
1270 1011 1328 1049 De
1351 1023 1424 1060 quo
1445 1023 1540 1047 nunc

874 1069 996 1105 dicere
1035 1070 1197 1118 longum.
1255 1067 1419 1116 Egregie
1452 1072 1541 1117 post

875 1125 952 1163 ’ΒΓΖ
957 1125 1094 1163 chucke
1125 1126 1172 1162 ad
1203 1124 1325 1162 Melae
1353 1126 1373 1161 l.
1393 1124 1414 1160 l.
1443 1128 1539 1160 nott.

879 1195 1010 1231 exegg.
1037 1195 1121 1232 pag
1149 1184 1204 1222 27
1233 1195 1311 1230 seq
1323 1210 1333 1228 ‚
1373 1186 1411 1218 et
1434 1180 1543 1217 Man-

879 1245 972 1276 nert.
999 1239 1049 1276 lV
1076 1252 1162 1289 pag.
1185 1240 1250 1278 87.
1271 1240 1354 1279 227
1373 1250 1452 1286 seq.
1503 1240 1542 1273 et

879 1296 1129 1345 copiosissime
1177 1295 1225 1332 de
1268 1295 1323 1331 his
1370 1294 1544 1331 disseruit

879 1352 1052 1390 Koehler.
1088 1353 1125 1388 in
1161 1352 1361 1401 scriptione,
1398 1350 1545 1400 saepius

880 1410 952 1446 iam
974 1409 1142 1446 laudata:
1183 1409 1368 1446 >Memoire
1401 1420 1461 1444 sur
1492 1406 1545 1443 les

880 1466 944 1502 iles
979 1470 1017 1503 et
1050 1465 1084 1502 la
1113 1478 1241 1502 course
1273 1463 1485 1501 consacrees
1523 1463 1546 1498 ἐι

879 1521 1018 1559 Achille
1059 1526 1127 1558 etc.
1160 1526 1227 1558 etc.
1277 1520 1543 1568 Petersbourg.

883 1580 991 1619 1827
1011 1578 1111 1625 (Vol.
1133 1578 1167 1614 X
1189 1579 1412 1614 Commentt.
1430 1576 1544 1612 Acad.

880 1634 1143 1685 Petropolit.);
1172 1635 1235 1683 qui
1257 1633 1398 1680 locum,
1436 1644 1545 1681 quem

882 1692 929 1728 ob
965 1691 1225 1728 inundationes
1262 1691 1372 1728 maris
1404 1688 1547 1738 solique

882 1752 1048 1785 naturam
1099 1761 1286 1797 nunquam
1343 1747 1546 1783 habitatum

881 1806 993 1843 fuisse
1013 1804 1162 1852 iudicat,
1190 1804 1460 1841 accuratissime
1481 1803 1547 1839 de-

883 1863 1029 1913 scripsit
1049 1873 1135 1912 pag.
1159 1865 1212 1903 27
1232 1874 1308 1910 seq.
1340 1865 1378 1897 et
1399 1859 1547 1909 potissi-

882 1932 981 1956 mum
1009 1931 1093 1969 pag.
1117 1919 1324 1965 88-97,
1365 1916 1548 1965 aliamque

884 1975 1030 2012 omnino
1068 1987 1163 2012 nunc
1197 1975 1301 2011 huius
1320 1979 1440 2010 terrae
1461 1986 1549 2010 con-

883 2032 1060 2069 ditionem
1079 2043 1160 2068 esse
1178 2036 1290 2079 atque
1309 2034 1440 2078 quarto
1459 2033 1548 2066 ante

885 2088 971 2125 Chr.
992 2101 1026 2124 n.
1051 2087 1122 2124 fuit
1145 2087 1290 2125 saeculo
1313 2091 1436 2134 negat.
1489 2085 1548 2122 De

883 2145 963 2194 ipso
986 2145 1235 2194 promontorio
1258 2144 1329 2180 vid.
1350 2143 1438 2179 ibid.
1461 2155 1547 2192 pag.

887 2204 979 2243 118.
1017 2203 1106 2242 119.

1092 2258 1202 2306 Cap.
1235 2256 1333 2294 LVI.

943 2312 1089 2366 Γέρρος
1110 2310 1289 2364 ποταμός
1316 2308 1545 2362 ἀπέσχισται

886 2367 957 2421 μὲν
986 2386 1019 2409 κ.
1047 2386 1079 2409 τ.
1101 2369 1159 2420 λ.]
1191 2371 1212 2407 i.
1239 2384 1269 2407 e.
1292 2369 1450 2407 Gerrhus
1481 2369 1548 2416 (de

885 2440 957 2476 quo
976 2429 1050 2465 vid.
1071 2431 1165 2464 nott.
1186 2427 1234 2464 ad
1254 2427 1315 2474 lV,
1348 2429 1418 2475 19)
1448 2439 1549 2475 sepa—

885 2488 991 2521 ratur
1021 2498 1044 2521 (ι
1063 2484 1282 2534 Borysthene
1309 2497 1346 2520 eo
1360 2483 1441 2533 fere
1463 2483 1548 2527 loco,

885 2554 995 2591 usque
1028 2541 1076 2578 ad
1105 2554 1202 2590 quem
1223 2543 1295 2591 ipse
1312 2540 1550 2590 Borysthenes

887 2601 937 2634 cst
973 2600 1135 2647 cognitus
1171 2598 1236 2645 (cf.
1270 2598 1338 2644 IV,
1378 2599 1430 2638 53
1459 2596 1546 2644 ibiq.

886 2653 994 2706 not).
1031 2655 1169 2692 Moneo
1197 2655 1243 2691 ob
1271 2654 1468 2691 Reichard.
1496 2653 1547 2689 sic

885 2714 1203 2762 interpretantem:
1257 2710 1348 2757 .,der
1383 2709 1545 2747 Gerrhus

886 2770 1031 2806 wendet
1067 2768 1142 2805 sich
1182 2781 1265 2804 vom
1295 2767 1544 2815 Borysthenes

886 2826 933 2862 ab
954 2826 1023 2874 bey
1046 2826 1112 2863 der
1131 2824 1290 2872 Gegend
1306 2825 1461 2871 vorbey,
1488 2834 1544 2859 wo

886 2894 970 2920 man
986 2883 1058 2920 den
1070 2881 1321 2931 Borysthenes
1338 2879 1545 2918 erblickt!“

1543 458 1596 484 ruli

88 425 154 469 56
208 416 444 474 Ἀχιλληϊον
472 415 739 473 καλεόμενον
761 416 958 474 Δρόμον.
1003 418 1222 474 Ἐβδομος
1244 416 1290 460 δὲ
1313 415 1485 470 Γέῤῥος
1541 424 1624 459 <⁰1¹2
1628 432 1692 451 muq
1742 425 1786 450 G
1771 433 1818 451 r-

212 488 407 543 ποταμὸς
435 487 686 544 ἀπέσχισται
707 489 786 543 μὲν
814 488 899 533 dud
932 494 1010 532 τοῦ
1024 488 1338 545 Βορυσθένεος,
1371 485 1482 529 nato}
1542 492 1586 519 ¹⁰

1663 458 1778 485 nGerr
1781 458 1818 484 lio

1573 501 1606 517 σε)
1623 467 1820 525 311ῐ1(ππμῆῑὴε-

1560 533 1596 553 ne
1640 525 1709 552 absc
1697 527 1737 553 cis
1740 534 1789 552 ειιει
