<?xml version="1.0" encoding="UTF-8"?>
<!DOCTYPE html PUBLIC "-//W3C//DTD XHTML 1.0 Transitional//EN"
    "http://www.w3.org/TR/xhtml1/DTD/xhtml1-transitional.dtd">
<html xmlns="http://www.w3.org/1999/xhtml" xml:lang="en" lang="en">
 <head>
  <title>
</title>
<meta http-equiv="Content-Type" content="text/html;charset=utf-8" />
  <meta name='ocr-system' content='tesseract 3.04.00' />
  <meta name='ocr-capabilities' content='ocr_page ocr_carea ocr_par ocr_line ocrx_word'/>
</head>
<body>
  <div class='ocr_page' id='page_1' title='image "./musaeherodoto02hero/musaeherodoto02hero_0227.png"; bbox 0 0 1904 3304; ppageno 0'>
   <div class='ocr_carea' id='block_1_1' title="bbox 603 205 1467 246">
    <p class='ocr_par' dir='ltr' id='par_1_1' title="bbox 603 205 1467 246">
     <span class='ocr_line' id='line_1_1' title="bbox 603 205 1467 246; baseline 0.001 -1"><span class='ocrx_word' id='word_1_1' title='bbox 603 205 946 245; x_wconf 88' lang='lat' dir='ltr'>THALIA.</span> <span class='ocrx_word' id='word_1_2' title='bbox 995 205 1057 243; x_wconf 93' lang='lat' dir='ltr'>III.</span> <span class='ocrx_word' id='word_1_3' title='bbox 1382 207 1467 246; x_wconf 78' lang='lat'>219</span> 
     </span>
    </p>
   </div>
   <div class='ocr_carea' id='block_1_2' title="bbox 167 315 1525 798">
    <p class='ocr_par' dir='ltr' id='par_1_2' title="bbox 167 315 1525 798">
     <span class='ocr_line' id='line_1_2' title="bbox 196 315 1468 375; baseline -0.006 -11"><span class='ocrx_word' id='word_1_4' title='bbox 196 319 243 371; x_wconf 78' lang='grc' dir='ltr'>ὃς</span> <span class='ocrx_word' id='word_1_5' title='bbox 259 317 427 375; x_wconf 83' lang='grc' dir='ltr'><strong><em>βασιλέϊ</em></strong></span> <span class='ocrx_word' id='word_1_6' title='bbox 444 318 584 373; x_wconf 83' lang='grc' dir='ltr'><em>νῆσον</em></span> <span class='ocrx_word' id='word_1_7' title='bbox 604 315 764 372; x_wconf 78' lang='grc' dir='ltr'><em>Σάμον</em></span> <span class='ocrx_word' id='word_1_8' title='bbox 793 316 905 371; x_wconf 81' lang='grc' dir='ltr'><em>πρός</em></span> <span class='ocrx_word' id='word_1_9' title='bbox 932 320 995 371; x_wconf 74' lang='grc' dir='ltr'>τῷ</span> <span class='ocrx_word' id='word_1_10' title='bbox 1025 318 1089 374; x_wconf 75' lang='grc' dir='ltr'>σῷ</span> <span class='ocrx_word' id='word_1_11' title='bbox 1117 318 1240 373; x_wconf 78' lang='grc' dir='ltr'><em>νομῷ</em></span> <span class='ocrx_word' id='word_1_12' title='bbox 1265 324 1468 368; x_wconf 84' lang='grc' dir='ltr'><em>προσκει-</em></span> 
     </span>
     <span class='ocr_line' id='line_1_3' title="bbox 193 382 1525 449; baseline -0.004 -16"><span class='ocrx_word' id='word_1_13' title='bbox 193 390 328 446; x_wconf 86' lang='grc' dir='ltr'>μένην</span> <span class='ocrx_word' id='word_1_14' title='bbox 359 387 414 432; x_wconf 83' lang='grc' dir='ltr'>οὐ</span> <span class='ocrx_word' id='word_1_15' title='bbox 443 386 768 444; x_wconf 78' lang='grc' dir='ltr'><em>προσεκτήσαο,</em></span> <span class='ocrx_word' id='word_1_16' title='bbox 812 382 896 448; x_wconf 71' lang='grc' dir='ltr'>ᾦδε</span> <span class='ocrx_word' id='word_1_17' title='bbox 929 387 982 444; x_wconf 83' lang='grc' dir='ltr'>δή</span> <span class='ocrx_word' id='word_1_18' title='bbox 1021 405 1062 449; x_wconf 74' lang='grc' dir='ltr'>τι</span> <span class='ocrx_word' id='word_1_19' title='bbox 1082 386 1256 448; x_wconf 12' lang='grc' dir='ltr'><em>γξοῆσῄαν</em></span> <span class='ocrx_word' id='word_1_20' title='bbox 1290 384 1468 443; x_wconf 62' lang='grc' dir='ltr'><em>ξρπετέα</em></span> <span class='ocrx_word' id='word_1_21' title='bbox 1481 391 1525 425; x_wconf 89' lang='grc'>60</span> 
     </span>
     <span class='ocr_line' id='line_1_4' title="bbox 196 449 1469 516; baseline -0.002 -13"><span class='ocrx_word' id='word_1_22' title='bbox 196 463 484 516; x_wconf 73' lang='grc' dir='ltr'><em>χειρωθῆναις</em></span> <span class='ocrx_word' id='word_1_23' title='bbox 531 458 612 515; x_wconf 73' lang='grc' dir='ltr'><em>τήν</em></span> <span class='ocrx_word' id='word_1_24' title='bbox 649 463 737 502; x_wconf 79' lang='grc' dir='ltr'><em>τῶν</em></span> <span class='ocrx_word' id='word_1_25' title='bbox 776 476 841 511; x_wconf 83' lang='grc' dir='ltr'>τις</span> <span class='ocrx_word' id='word_1_26' title='bbox 881 449 1122 515; x_wconf 75' lang='grc' dir='ltr'><em>ἐπιχωρίων</em></span> <span class='ocrx_word' id='word_1_27' title='bbox 1160 459 1469 502; x_wconf 86' lang='grc' dir='ltr'><em>πεντεκαίδεκα</em></span> 
     </span>
     <span class='ocr_line' id='line_1_5' title="bbox 196 528 1470 587; baseline -0.001 -14"><span class='ocrx_word' id='word_1_28' title='bbox 196 530 393 587; x_wconf 77' lang='grc' dir='ltr'><em>ὁπλίτῃσι</em></span> <span class='ocrx_word' id='word_1_29' title='bbox 437 528 682 581; x_wconf 76' lang='grc' dir='ltr'><em>ἐπαναστὰς</em></span> <span class='ocrx_word' id='word_1_30' title='bbox 725 531 840 586; x_wconf 74' lang='grc' dir='ltr'><em>ἔσχε,</em></span> <span class='ocrx_word' id='word_1_31' title='bbox 890 532 964 575; x_wconf 77' lang='grc' dir='ltr'><em>καὶ</em></span> <span class='ocrx_word' id='word_1_32' title='bbox 1004 534 1091 574; x_wconf 80' lang='grc' dir='ltr'>νῦν</span> <span class='ocrx_word' id='word_1_33' title='bbox 1130 528 1262 585; x_wconf 80' lang='grc' dir='ltr'><em>αὐτῆς</em></span> <span class='ocrx_word' id='word_1_34' title='bbox 1299 545 1470 584; x_wconf 88' lang='grc' dir='ltr'><em>τυραν-</em></span> 
     </span>
     <span class='ocr_line' id='line_1_6' title="bbox 167 600 1471 658; baseline 0 -15"><span class='ocrx_word' id='word_1_35' title='bbox 167 600 368 644; x_wconf 83' lang='grc' dir='ltr'><em>5νεύει.“</em></span> <span class='ocrx_word' id='word_1_36' title='bbox 429 602 483 644; x_wconf 82' lang='grc' dir='ltr'>Οἱ</span> <span class='ocrx_word' id='word_1_37' title='bbox 511 601 590 657; x_wconf 77' lang='grc' dir='ltr'><em>μὲν</em></span> <span class='ocrx_word' id='word_1_38' title='bbox 620 601 674 657; x_wconf 87' lang='grc' dir='ltr'>δή</span> <span class='ocrx_word' id='word_1_39' title='bbox 707 604 782 657; x_wconf 90' lang='grc' dir='ltr'><em>μίν</em></span> <span class='ocrx_word' id='word_1_40' title='bbox 804 614 913 658; x_wconf 82' lang='grc' dir='ltr'><em>φασι</em></span> <span class='ocrx_word' id='word_1_41' title='bbox 941 606 1071 646; x_wconf 84' lang='grc' dir='ltr'><em>τοῦτο</em></span> <span class='ocrx_word' id='word_1_42' title='bbox 1092 600 1366 652; x_wconf 80' lang='grc' dir='ltr'><em>ἀκούσαντα,</em></span> <span class='ocrx_word' id='word_1_43' title='bbox 1397 600 1471 644; x_wconf 83' lang='grc' dir='ltr'><em>καὶ</em></span> 
     </span>
     <span class='ocr_line' id='line_1_7' title="bbox 195 669 1471 730; baseline 0.001 -16"><span class='ocrx_word' id='word_1_44' title='bbox 195 669 447 728; x_wconf 69' lang='grc' dir='ltr'><em>ἀλγήσαντα</em></span> <span class='ocrx_word' id='word_1_45' title='bbox 489 676 549 730; x_wconf 80' lang='grc' dir='ltr'>τῷ</span> <span class='ocrx_word' id='word_1_46' title='bbox 591 670 767 725; x_wconf 81' lang='grc' dir='ltr'><em>ὀνείδεϊ,</em></span> <span class='ocrx_word' id='word_1_47' title='bbox 811 674 1080 730; x_wconf 77' lang='grc' dir='ltr'><em>ἐπιθυμῆσαι</em></span> <span class='ocrx_word' id='word_1_48' title='bbox 1118 671 1201 716; x_wconf 78' lang='grc' dir='ltr'>οὐκ</span> <span class='ocrx_word' id='word_1_49' title='bbox 1245 671 1361 716; x_wconf 84' lang='grc' dir='ltr'><em>οὕτω</em></span> <span class='ocrx_word' id='word_1_50' title='bbox 1392 672 1471 715; x_wconf 81' lang='grc' dir='ltr'><em>τόν</em></span> 
     </span>
     <span class='ocr_line' id='line_1_8' title="bbox 194 743 1468 798; baseline 0.001 -12"><span class='ocrx_word' id='word_1_51' title='bbox 194 744 374 787; x_wconf 82' lang='grc' dir='ltr'><em>εἴπαντα</em></span> <span class='ocrx_word' id='word_1_52' title='bbox 411 747 550 786; x_wconf 81' lang='grc' dir='ltr'><em>ταῦτα</em></span> <span class='ocrx_word' id='word_1_53' title='bbox 587 745 812 797; x_wconf 82' lang='grc' dir='ltr'><em>τίσασθαι,</em></span> <span class='ocrx_word' id='word_1_54' title='bbox 860 743 919 796; x_wconf 77' lang='grc' dir='ltr'>ὠς</span> <span class='ocrx_word' id='word_1_55' title='bbox 960 743 1248 798; x_wconf 78' lang='grc' dir='ltr'><em>Πολυκράτεα</em></span> <span class='ocrx_word' id='word_1_56' title='bbox 1293 744 1468 795; x_wconf 78' lang='grc' dir='ltr'><em>πάντως</em></span> 
     </span>
    </p>
   </div>
   <div class='ocr_carea' id='block_1_3' title="bbox 1175 814 1801 880">
    <p class='ocr_par' dir='ltr' id='par_1_3' title="bbox 1175 814 1801 880">
     <span class='ocr_line' id='line_1_9' title="bbox 1175 814 1800 859; baseline 0.002 -13"><span class='ocrx_word' id='word_1_57' title='bbox 1175 817 1228 858; x_wconf 66' lang='grc' dir='ltr'>Οἱ</span> <span class='ocrx_word' id='word_1_58' title='bbox 1258 815 1303 859; x_wconf 69' lang='grc' dir='ltr'>δὲ</span> <span class='ocrx_word' id='word_1_59' title='bbox 1334 814 1455 859; x_wconf 71' lang='grc' dir='ltr'><em>ἐλάσ-</em></span> <span class='ocrx_word' id='word_1_60' title='bbox 1469 819 1692 859; x_wconf 77' lang='lat' dir='ltr'>65Nonnullos</span> <span class='ocrx_word' id='word_1_61' title='bbox 1737 822 1800 847; x_wconf 77' lang='lat' dir='ltr'>tra-</span> 
     </span>
     <span class='ocr_line' id='line_1_10' title="bbox 1524 853 1801 880; baseline 0 0"><span class='ocrx_word' id='word_1_62' title='bbox 1524 853 1595 880; x_wconf 84' lang='lat' dir='ltr'>dere</span> <span class='ocrx_word' id='word_1_63' title='bbox 1614 854 1653 879; x_wconf 86' lang='lat' dir='ltr'>ali</span> <span class='ocrx_word' id='word_1_64' title='bbox 1647 862 1705 880; x_wconf 82' lang='lat' dir='ltr'>iam</span> <span class='ocrx_word' id='word_1_65' title='bbox 1731 862 1764 880; x_wconf 83' lang='lat' dir='ltr'>ca</span> <span class='ocrx_word' id='word_1_66' title='bbox 1769 862 1801 880; x_wconf 81' lang='lat' dir='ltr'>u·</span> 
     </span>
    </p>
   </div>
   <div class='ocr_carea' id='block_1_4' title="bbox 1524 887 1802 1017">
    <p class='ocr_par' dir='ltr' id='par_1_4' title="bbox 1524 887 1802 1017">
     <span class='ocr_line' id='line_1_11' title="bbox 1526 887 1802 914; baseline 0.004 -1"><span class='ocrx_word' id='word_1_67' title='bbox 1526 895 1609 914; x_wconf 78' lang='lat' dir='ltr'>sam(</span> <span class='ocrx_word' id='word_1_68' title='bbox 1601 887 1678 914; x_wconf 81' lang='lat' dir='ltr'>offen</span> <span class='ocrx_word' id='word_1_69' title='bbox 1681 887 1786 914; x_wconf 74' lang='lat' dir='ltr'>saepo</span> <span class='ocrx_word' id='word_1_70' title='bbox 1771 896 1802 913; x_wconf 90' lang='lat' dir='ltr'>o-</span> 
     </span>
     <span class='ocr_line' id='line_1_12' title="bbox 1524 921 1802 957; baseline 0 -9"><span class='ocrx_word' id='word_1_71' title='bbox 1524 922 1590 956; x_wconf 71' lang='grc' dir='ltr'>1)οῐ</span> <span class='ocrx_word' id='word_1_72' title='bbox 1577 922 1650 948; x_wconf 69' lang='grc' dir='ltr'><em>ῐίεειῐ</em></span> <span class='ocrx_word' id='word_1_73' title='bbox 1637 921 1746 957; x_wconf 69' lang='lat' dir='ltr'>sapud</span> <span class='ocrx_word' id='word_1_74' title='bbox 1762 922 1802 947; x_wconf 92' lang='lat' dir='ltr'>O-</span> 
     </span>
     <span class='ocr_line' id='line_1_13' title="bbox 1524 959 1802 983; baseline 0.011 -3"><span class='ocrx_word' id='word_1_75' title='bbox 1524 959 1638 981; x_wconf 84' lang='lat' dir='ltr'>roetem</span> <span class='ocrx_word' id='word_1_76' title='bbox 1656 964 1663 982; x_wconf 80' lang='lat' dir='ltr'><strong><em>z</em></strong></span> <span class='ocrx_word' id='word_1_77' title='bbox 1724 959 1802 983; x_wconf 77' lang='lat' dir='ltr'>Ana-</span> 
     </span>
     <span class='ocr_line' id='line_1_14' title="bbox 1524 989 1737 1017; baseline 0.009 -2"><span class='ocrx_word' id='word_1_78' title='bbox 1524 996 1613 1017; x_wconf 83' lang='lat' dir='ltr'><strong>creon</strong></span> <span class='ocrx_word' id='word_1_79' title='bbox 1632 989 1737 1017; x_wconf 49' lang='lat' dir='ltr'>Teius</span> 
     </span>
    </p>
   </div>
   <div class='ocr_carea' id='block_1_5' title="bbox 51 819 146 863">
    <p class='ocr_par' dir='ltr' id='par_1_5' title="bbox 51 819 146 863">
     <span class='ocr_line' id='line_1_15' title="bbox 51 819 146 863; baseline 0 0"><span class='ocrx_word' id='word_1_80' title='bbox 51 819 146 863; x_wconf 87' lang='grc'>121</span> 
     </span>
    </p>
   </div>
   <div class='ocr_carea' id='block_1_6' title="bbox 195 813 1468 1160">
    <p class='ocr_par' dir='ltr' id='par_1_6' title="bbox 195 813 1468 1160">
     <span class='ocr_line' id='line_1_16' title="bbox 195 813 1106 872; baseline 0.002 -15"><span class='ocrx_word' id='word_1_81' title='bbox 195 813 424 867; x_wconf 77' lang='grc' dir='ltr'><em>ἀπολέσαι,</em></span> <span class='ocrx_word' id='word_1_82' title='bbox 466 817 508 858; x_wconf 84' lang='grc' dir='ltr'><em>δί</em></span> <span class='ocrx_word' id='word_1_83' title='bbox 538 813 591 859; x_wconf 83' lang='grc' dir='ltr'><em>ὅν</em></span> <span class='ocrx_word' id='word_1_84' title='bbox 627 833 724 859; x_wconf 90' lang='grc' dir='ltr'><em>τινα</em></span> <span class='ocrx_word' id='word_1_85' title='bbox 761 821 904 867; x_wconf 81' lang='grc' dir='ltr'><em>κακῶς</em></span> <span class='ocrx_word' id='word_1_86' title='bbox 934 815 1106 872; x_wconf 80' lang='grc' dir='ltr'><em>ἤκουσε.</em></span> 
     </span>
     <span class='ocr_line' id='line_1_17' title="bbox 197 885 1466 944; baseline -0.001 -14"><span class='ocrx_word' id='word_1_87' title='bbox 197 900 320 939; x_wconf 86' lang='grc' dir='ltr'><em>σονες</em></span> <span class='ocrx_word' id='word_1_88' title='bbox 349 887 546 942; x_wconf 79' lang='grc' dir='ltr'><em>λέγουσι,</em></span> <span class='ocrx_word' id='word_1_89' title='bbox 585 888 753 944; x_wconf 77' lang='grc' dir='ltr'><em>πέμψαι</em></span> <span class='ocrx_word' id='word_1_90' title='bbox 781 888 976 941; x_wconf 80' lang='grc' dir='ltr'><em>Ὀροίτεα</em></span> <span class='ocrx_word' id='word_1_91' title='bbox 1015 887 1057 938; x_wconf 79' lang='grc' dir='ltr'>ἐς</span> <span class='ocrx_word' id='word_1_92' title='bbox 1092 885 1248 942; x_wconf 83' lang='grc' dir='ltr'><em>Σάμον</em></span> <span class='ocrx_word' id='word_1_93' title='bbox 1281 887 1466 943; x_wconf 79' lang='grc' dir='ltr'><em>κήρυκα,</em></span> 
     </span>
     <span class='ocr_line' id='line_1_18' title="bbox 195 952 1467 1017; baseline -0.002 -15"><span class='ocrx_word' id='word_1_94' title='bbox 195 956 295 1002; x_wconf 81' lang='grc' dir='ltr'><em>ὅτευ</em></span> <span class='ocrx_word' id='word_1_95' title='bbox 327 958 380 1015; x_wconf 78' lang='grc' dir='ltr'>δή</span> <span class='ocrx_word' id='word_1_96' title='bbox 408 958 622 1015; x_wconf 83' lang='grc' dir='ltr'><em>χρήματος</em></span> <span class='ocrx_word' id='word_1_97' title='bbox 653 959 944 1017; x_wconf 83' lang='grc' dir='ltr'><em>δεησόμενον·</em></span> <span class='ocrx_word' id='word_1_98' title='bbox 993 957 1047 1002; x_wconf 81' lang='grc' dir='ltr'>οὐ</span> <span class='ocrx_word' id='word_1_99' title='bbox 1077 958 1161 1014; x_wconf 72' lang='grc' dir='ltr'>γάρ</span> <span class='ocrx_word' id='word_1_100' title='bbox 1192 952 1256 1000; x_wconf 71' lang='grc' dir='ltr'><em>ὦν</em></span> <span class='ocrx_word' id='word_1_101' title='bbox 1285 957 1337 1014; x_wconf 82' lang='grc' dir='ltr'><em>δὴ</em></span> <span class='ocrx_word' id='word_1_102' title='bbox 1368 961 1467 1001; x_wconf 82' lang='grc' dir='ltr'><em>τοῦ-</em></span> 
     </span>
     <span class='ocr_line' id='line_1_19' title="bbox 195 1028 1468 1086; baseline 0 -15"><span class='ocrx_word' id='word_1_103' title='bbox 195 1028 245 1072; x_wconf 87' lang='grc' dir='ltr'>τό</span> <span class='ocrx_word' id='word_1_104' title='bbox 282 1045 329 1085; x_wconf 72' lang='grc' dir='ltr'>γε</span> <span class='ocrx_word' id='word_1_105' title='bbox 366 1030 550 1086; x_wconf 78' lang='grc' dir='ltr'><em>λέγεται·</em></span> <span class='ocrx_word' id='word_1_106' title='bbox 602 1033 676 1076; x_wconf 85' lang='grc' dir='ltr'><em>καὶ</em></span> <span class='ocrx_word' id='word_1_107' title='bbox 714 1031 793 1076; x_wconf 85' lang='grc' dir='ltr'><em>τόν</em></span> <span class='ocrx_word' id='word_1_108' title='bbox 833 1029 1122 1083; x_wconf 79' lang='grc' dir='ltr'><em>Πολυκράτεα</em></span> <span class='ocrx_word' id='word_1_109' title='bbox 1162 1033 1306 1085; x_wconf 86' lang='grc' dir='ltr'><em>τυχεῖν</em></span> <span class='ocrx_word' id='word_1_110' title='bbox 1339 1045 1468 1072; x_wconf 79' lang='grc' dir='ltr'><em>κατα-</em></span> 
     </span>
     <span class='ocr_line' id='line_1_20' title="bbox 195 1099 1468 1160; baseline 0.001 -17"><span class='ocrx_word' id='word_1_111' title='bbox 195 1101 395 1156; x_wconf 81' lang='grc' dir='ltr'><em>κείμενον</em></span> <span class='ocrx_word' id='word_1_112' title='bbox 437 1102 484 1146; x_wconf 80' lang='grc' dir='ltr'><em>ἐν</em></span> <span class='ocrx_word' id='word_1_113' title='bbox 525 1103 761 1160; x_wconf 75' lang='grc' dir='ltr'><em>ἀνδρεῶνι,</em></span> <span class='ocrx_word' id='word_1_114' title='bbox 812 1107 1016 1158; x_wconf 89' lang='grc' dir='ltr'><em>παρεῖναι</em></span> <span class='ocrx_word' id='word_1_115' title='bbox 1060 1101 1105 1146; x_wconf 84' lang='grc' dir='ltr'>δέ</span> <span class='ocrx_word' id='word_1_116' title='bbox 1146 1103 1189 1145; x_wconf 83' lang='grc' dir='ltr'>οἱ</span> <span class='ocrx_word' id='word_1_117' title='bbox 1226 1102 1298 1145; x_wconf 83' lang='grc' dir='ltr'><em>καὶ</em></span> <span class='ocrx_word' id='word_1_118' title='bbox 1336 1099 1468 1145; x_wconf 82' lang='grc' dir='ltr'><em>’Λυα-</em></span> 
     </span>
    </p>
   </div>
   <div class='ocr_carea' id='block_1_7' title="bbox 142 1215 413 1223">
    <p class='ocr_par' dir='ltr' id='par_1_7' title="bbox 142 1215 413 1223">
     <span class='ocr_line' id='line_1_21' title="bbox 142 1215 413 1223; baseline 0 0"><span class='ocrx_word' id='word_1_119' title='bbox 142 1215 413 1223; x_wconf 95' lang='lat' dir='ltr'> </span> 
     </span>
    </p>
   </div>
   <div class='ocr_carea' id='block_1_8' title="bbox 142 1258 1526 1326">
    <p class='ocr_par' dir='ltr' id='par_1_8' title="bbox 142 1258 1526 1326">
     <span class='ocr_line' id='line_1_22' title="bbox 142 1258 1526 1326; baseline 0 -31"><span class='ocrx_word' id='word_1_120' title='bbox 142 1259 345 1309; x_wconf 89' lang='lat' dir='ltr'>piodorus</span> <span class='ocrx_word' id='word_1_121' title='bbox 338 1273 375 1296; x_wconf 84' lang='lat' dir='ltr'>in</span> <span class='ocrx_word' id='word_1_122' title='bbox 395 1259 537 1297; x_wconf 84' lang='lat' dir='ltr'>Platon.</span> <span class='ocrx_word' id='word_1_123' title='bbox 564 1260 680 1298; x_wconf 90' lang='lat' dir='ltr'>Alcib.</span> <span class='ocrx_word' id='word_1_124' title='bbox 698 1274 754 1311; x_wconf 89' lang='lat' dir='ltr'>pr.</span> <span class='ocrx_word' id='word_1_125' title='bbox 781 1262 803 1301; x_wconf 89' lang='lat'>1</span> <span class='ocrx_word' id='word_1_126' title='bbox 864 1271 1120 1326; x_wconf 82' lang='lat' dir='ltr'><strong>suppressam,</strong></span> <span class='ocrx_word' id='word_1_127' title='bbox 1150 1258 1246 1295; x_wconf 90' lang='lat' dir='ltr'>hune</span> <span class='ocrx_word' id='word_1_128' title='bbox 1272 1259 1349 1296; x_wconf 90' lang='lat' dir='ltr'>sere</span> <span class='ocrx_word' id='word_1_129' title='bbox 1378 1259 1414 1295; x_wconf 93' lang='lat' dir='ltr'>in</span> <span class='ocrx_word' id='word_1_130' title='bbox 1445 1271 1526 1295; x_wconf 93' lang='lat' dir='ltr'>mo-</span> 
     </span>
    </p>
   </div>
   <div class='ocr_carea' id='block_1_9' title="bbox 139 1316 806 2214">
    <p class='ocr_par' dir='ltr' id='par_1_9' title="bbox 139 1316 805 1975">
     <span class='ocr_line' id='line_1_23' title="bbox 141 1316 805 1366; baseline 0.008 -16"><span class='ocrx_word' id='word_1_131' title='bbox 141 1328 177 1365; x_wconf 91' lang='lat' dir='ltr'>p.</span> <span class='ocrx_word' id='word_1_132' title='bbox 198 1317 245 1361; x_wconf 86' lang='grc'>8,</span> <span class='ocrx_word' id='word_1_133' title='bbox 274 1316 335 1352; x_wconf 89' lang='lat' dir='ltr'>ubi</span> <span class='ocrx_word' id='word_1_134' title='bbox 363 1318 468 1366; x_wconf 86' lang='lat' dir='ltr'>plura</span> <span class='ocrx_word' id='word_1_135' title='bbox 495 1318 621 1366; x_wconf 87' lang='lat' dir='ltr'>posui;</span> <span class='ocrx_word' id='word_1_136' title='bbox 651 1322 805 1366; x_wconf 83' lang='lat' dir='ltr'>tangere</span> 
     </span>
     <span class='ocr_line' id='line_1_24' title="bbox 143 1371 804 1411; baseline 0.002 -2"><span class='ocrx_word' id='word_1_137' title='bbox 143 1372 251 1409; x_wconf 90' lang='lat' dir='ltr'>etiam</span> <span class='ocrx_word' id='word_1_138' title='bbox 282 1371 386 1408; x_wconf 89' lang='lat' dir='ltr'>Plato</span> <span class='ocrx_word' id='word_1_139' title='bbox 415 1373 556 1410; x_wconf 78' lang='lat' dir='ltr'>videtur</span> <span class='ocrx_word' id='word_1_140' title='bbox 585 1375 622 1410; x_wconf 92' lang='lat' dir='ltr'>in</span> <span class='ocrx_word' id='word_1_141' title='bbox 653 1373 804 1411; x_wconf 86' lang='lat' dir='ltr'>Philebo</span> 
     </span>
     <span class='ocr_line' id='line_1_25' title="bbox 141 1428 801 1476; baseline 0.006 -13"><span class='ocrx_word' id='word_1_142' title='bbox 141 1428 562 1476; x_wconf 78' lang='lat' dir='ltr'>Baurngarten-Crusio</span> <span class='ocrx_word' id='word_1_143' title='bbox 590 1430 669 1466; x_wconf 66' lang='lat' dir='ltr'>YII.</span> <span class='ocrx_word' id='word_1_144' title='bbox 717 1431 801 1469; x_wconf 73' lang='lat' dir='ltr'>Vid.</span> 
     </span>
     <span class='ocr_line' id='line_1_26' title="bbox 140 1485 800 1536; baseline 0.008 -18"><span class='ocrx_word' id='word_1_145' title='bbox 140 1497 226 1534; x_wconf 78' lang='lat' dir='ltr'>pag.</span> <span class='ocrx_word' id='word_1_146' title='bbox 240 1486 293 1524; x_wconf 78' lang='lat'>37</span> <span class='ocrx_word' id='word_1_147' title='bbox 313 1485 371 1522; x_wconf 88' lang='lat' dir='ltr'>ed.</span> <span class='ocrx_word' id='word_1_148' title='bbox 390 1485 633 1523; x_wconf 66' lang='lat' dir='ltr'>Stallbaumf‘</span> <span class='ocrx_word' id='word_1_149' title='bbox 654 1486 800 1536; x_wconf 85' lang='lat' dir='ltr'>Cr.—]</span> 
     </span>
     <span class='ocr_line' id='line_1_27' title="bbox 139 1539 803 1607; baseline 0.005 -30"><span class='ocrx_word' id='word_1_150' title='bbox 139 1539 200 1578; x_wconf 88' lang='lat' dir='ltr'>De</span> <span class='ocrx_word' id='word_1_151' title='bbox 229 1546 410 1578; x_wconf 81' lang='lat' dir='ltr'>structura</span> <span class='ocrx_word' id='word_1_152' title='bbox 431 1542 520 1588; x_wconf 90' lang='lat' dir='ltr'>loci,</span> <span class='ocrx_word' id='word_1_153' title='bbox 552 1543 588 1578; x_wconf 91' lang='lat' dir='ltr'>in</span> <span class='ocrx_word' id='word_1_154' title='bbox 616 1556 689 1592; x_wconf 91' lang='lat' dir='ltr'>quo</span> <span class='ocrx_word' id='word_1_155' title='bbox 718 1547 803 1607; x_wconf 80' lang='lat' dir='ltr'>post</span> 
     </span>
     <span class='ocr_line' id='line_1_28' title="bbox 139 1592 803 1649; baseline 0.005 -17"><span class='ocrx_word' id='word_1_156' title='bbox 139 1609 394 1646; x_wconf 83' lang='lat' dir='ltr'>praegressum</span> <span class='ocrx_word' id='word_1_157' title='bbox 429 1592 505 1637; x_wconf 75' lang='grc' dir='ltr'>ὦδε</span> <span class='ocrx_word' id='word_1_158' title='bbox 534 1593 585 1649; x_wconf 87' lang='grc' dir='ltr'>δη</span> <span class='ocrx_word' id='word_1_159' title='bbox 612 1614 648 1637; x_wconf 89' lang='grc' dir='ltr'>τι</span> <span class='ocrx_word' id='word_1_160' title='bbox 679 1601 803 1649; x_wconf 85' lang='lat' dir='ltr'>sequi-</span> 
     </span>
     <span class='ocr_line' id='line_1_29' title="bbox 141 1652 802 1707; baseline 0.005 -18"><span class='ocrx_word' id='word_1_161' title='bbox 141 1658 201 1689; x_wconf 85' lang='lat' dir='ltr'>tur</span> <span class='ocrx_word' id='word_1_162' title='bbox 212 1653 399 1691; x_wconf 82' lang='lat' dir='ltr'>relativum</span> <span class='ocrx_word' id='word_1_163' title='bbox 418 1668 622 1706; x_wconf 87' lang='lat' dir='ltr'>pronomen</span> <span class='ocrx_word' id='word_1_164' title='bbox 633 1652 707 1707; x_wconf 77' lang='grc' dir='ltr'><em>τήν</em></span> <span class='ocrx_word' id='word_1_165' title='bbox 720 1657 802 1703; x_wconf 85' lang='lat' dir='ltr'>(ubi</span> 
     </span>
     <span class='ocr_line' id='line_1_30' title="bbox 141 1709 802 1762; baseline 0.009 -17"><span class='ocrx_word' id='word_1_166' title='bbox 141 1715 417 1760; x_wconf 79' lang='lat' dir='ltr'>exspectaveras</span> <span class='ocrx_word' id='word_1_167' title='bbox 450 1712 664 1762; x_wconf 70' lang='lat' dir='ltr'>particulam</span> <span class='ocrx_word' id='word_1_168' title='bbox 689 1709 802 1762; x_wconf 82' lang='grc' dir='ltr'><em>ὥστε,</em></span> 
     </span>
     <span class='ocr_line' id='line_1_31' title="bbox 141 1766 802 1816; baseline 0.008 -14"><span class='ocrx_word' id='word_1_169' title='bbox 141 1766 198 1803; x_wconf 83' lang='lat' dir='ltr'>vel</span> <span class='ocrx_word' id='word_1_170' title='bbox 210 1767 323 1804; x_wconf 91' lang='lat' dir='ltr'>simile</span> <span class='ocrx_word' id='word_1_171' title='bbox 339 1767 440 1816; x_wconf 86' lang='lat' dir='ltr'>quid)</span> <span class='ocrx_word' id='word_1_172' title='bbox 460 1770 598 1805; x_wconf 89' lang='lat' dir='ltr'>monuit</span> <span class='ocrx_word' id='word_1_173' title='bbox 618 1769 802 1807; x_wconf 88' lang='lat' dir='ltr'>Schaefer.</span> 
     </span>
     <span class='ocr_line' id='line_1_32' title="bbox 141 1821 800 1872; baseline 0.006 -13"><span class='ocrx_word' id='word_1_174' title='bbox 141 1821 279 1872; x_wconf 89' lang='lat' dir='ltr'>Appar.</span> <span class='ocrx_word' id='word_1_175' title='bbox 292 1824 403 1860; x_wconf 84' lang='lat' dir='ltr'>critic.</span> <span class='ocrx_word' id='word_1_176' title='bbox 415 1825 450 1861; x_wconf 89' lang='lat' dir='ltr'>in</span> <span class='ocrx_word' id='word_1_177' title='bbox 462 1825 700 1863; x_wconf 87' lang='lat' dir='ltr'>Demosthen.</span> <span class='ocrx_word' id='word_1_178' title='bbox 719 1826 800 1863; x_wconf 67' lang='lat' dir='ltr'>Vol.</span> 
     </span>
     <span class='ocr_line' id='line_1_33' title="bbox 143 1878 803 1930; baseline 0.008 -15"><span class='ocrx_word' id='word_1_179' title='bbox 143 1878 176 1915; x_wconf 91' lang='lat' dir='ltr'>ll</span> <span class='ocrx_word' id='word_1_180' title='bbox 205 1892 289 1928; x_wconf 82' lang='lat' dir='ltr'>pag.</span> <span class='ocrx_word' id='word_1_181' title='bbox 313 1882 407 1920; x_wconf 80' lang='lat'>531.</span> <span class='ocrx_word' id='word_1_182' title='bbox 441 1881 549 1918; x_wconf 87' lang='lat' dir='ltr'>Conf.</span> <span class='ocrx_word' id='word_1_183' title='bbox 576 1882 717 1920; x_wconf 88' lang='lat' dir='ltr'>Herod.</span> <span class='ocrx_word' id='word_1_184' title='bbox 740 1883 803 1930; x_wconf 88' lang='lat' dir='ltr'>lV,</span> 
     </span>
     <span class='ocr_line' id='line_1_34' title="bbox 145 1936 297 1975; baseline 0.007 -1"><span class='ocrx_word' id='word_1_185' title='bbox 145 1936 208 1975; x_wconf 76' lang='lat'>28</span> <span class='ocrx_word' id='word_1_186' title='bbox 232 1936 297 1975; x_wconf 78' lang='lat'>52</span> 
     </span>
    </p>

    <p class='ocr_par' dir='ltr' id='par_1_10' title="bbox 140 1988 806 2214">
     <span class='ocr_line' id='line_1_35' title="bbox 201 1988 806 2045; baseline 0.005 -17"><span class='ocrx_word' id='word_1_187' title='bbox 201 1988 421 2038; x_wconf 68' lang='grc' dir='ltr'><em>ἐπαναστὰς</em></span> <span class='ocrx_word' id='word_1_188' title='bbox 441 1991 539 2043; x_wconf 80' lang='grc' dir='ltr'><em>ε’σχε]</em></span> <span class='ocrx_word' id='word_1_189' title='bbox 571 1994 678 2031; x_wconf 88' lang='lat' dir='ltr'>Conf.</span> <span class='ocrx_word' id='word_1_190' title='bbox 694 2007 806 2045; x_wconf 86' lang='lat' dir='ltr'>supra</span> 
     </span>
     <span class='ocr_line' id='line_1_36' title="bbox 142 2047 803 2098; baseline 0.008 -14"><span class='ocrx_word' id='word_1_191' title='bbox 142 2047 205 2093; x_wconf 86' lang='grc' dir='ltr'><em>ΙΙΙ,</em></span> <span class='ocrx_word' id='word_1_192' title='bbox 226 2049 290 2087; x_wconf 86' lang='grc'><strong>39.</strong></span> <span class='ocrx_word' id='word_1_193' title='bbox 332 2049 390 2085; x_wconf 88' lang='lat' dir='ltr'>Ad</span> <span class='ocrx_word' id='word_1_194' title='bbox 409 2062 512 2098; x_wconf 86' lang='lat' dir='ltr'>seqq.</span> <span class='ocrx_word' id='word_1_195' title='bbox 541 2064 607 2087; x_wconf 78' lang='grc' dir='ltr'><em>και</em></span> <span class='ocrx_word' id='word_1_196' title='bbox 632 2052 709 2089; x_wconf 81' lang='grc' dir='ltr'>νῦν</span> <span class='ocrx_word' id='word_1_197' title='bbox 734 2047 803 2088; x_wconf 75' lang='lat' dir='ltr'>av&#39;-</span> 
     </span>
     <span class='ocr_line' id='line_1_37' title="bbox 142 2105 802 2155; baseline 0.005 -14"><span class='ocrx_word' id='word_1_198' title='bbox 142 2106 212 2153; x_wconf 82' lang='grc' dir='ltr'>τῆς</span> <span class='ocrx_word' id='word_1_199' title='bbox 241 2105 333 2140; x_wconf 79' lang='lat' dir='ltr'>conf.</span> <span class='ocrx_word' id='word_1_200' title='bbox 369 2106 415 2142; x_wconf 90' lang='lat' dir='ltr'>ob</span> <span class='ocrx_word' id='word_1_201' title='bbox 442 2107 667 2155; x_wconf 74' lang='lat' dir='ltr'>pronominis</span> <span class='ocrx_word' id='word_1_202' title='bbox 699 2121 802 2144; x_wconf 85' lang='lat' dir='ltr'>usum</span> 
     </span>
     <span class='ocr_line' id='line_1_38' title="bbox 140 2160 801 2214; baseline 0.005 -17"><span class='ocrx_word' id='word_1_203' title='bbox 140 2160 214 2206; x_wconf 84' lang='lat'>111,</span> <span class='ocrx_word' id='word_1_204' title='bbox 249 2160 303 2201; x_wconf 88' lang='grc'><strong>34</strong></span> <span class='ocrx_word' id='word_1_205' title='bbox 335 2162 409 2198; x_wconf 87' lang='lat' dir='ltr'>init.</span> <span class='ocrx_word' id='word_1_206' title='bbox 446 2162 569 2212; x_wconf 89' lang='lat' dir='ltr'>ibique</span> <span class='ocrx_word' id='word_1_207' title='bbox 603 2163 801 2214; x_wconf 86' lang='lat' dir='ltr'>adscripta.</span> 
     </span>
    </p>
   </div>
   <div class='ocr_carea' id='block_1_10' title="bbox 140 2214 803 2324">
    <p class='ocr_par' dir='ltr' id='par_1_11' title="bbox 140 2214 803 2324">
     <span class='ocr_line' id='line_1_39' title="bbox 142 2214 803 2268; baseline 0.009 -16"><span class='ocrx_word' id='word_1_208' title='bbox 142 2236 194 2243; x_wconf 90' lang='lat'><strong>—</strong></span> <span class='ocrx_word' id='word_1_209' title='bbox 217 2216 276 2253; x_wconf 87' lang='lat' dir='ltr'>Ad</span> <span class='ocrx_word' id='word_1_210' title='bbox 300 2218 411 2255; x_wconf 73' lang='lat' dir='ltr'>verba</span> <span class='ocrx_word' id='word_1_211' title='bbox 443 2214 515 2268; x_wconf 71' lang='grc' dir='ltr'>οὐχ</span> <span class='ocrx_word' id='word_1_212' title='bbox 539 2214 643 2258; x_wconf 75' lang='grc' dir='ltr'><em>οὕτω</em></span> <span class='ocrx_word' id='word_1_213' title='bbox 664 2241 719 2247; x_wconf 92' lang='lat'>—-</span> <span class='ocrx_word' id='word_1_214' title='bbox 751 2218 803 2266; x_wconf 75' lang='grc' dir='ltr'>ὥς</span> 
     </span>
     <span class='ocr_line' id='line_1_40' title="bbox 140 2273 801 2324; baseline 0.009 -16"><span class='ocrx_word' id='word_1_215' title='bbox 140 2273 227 2320; x_wconf 83' lang='lat' dir='ltr'>(non</span> <span class='ocrx_word' id='word_1_216' title='bbox 246 2276 382 2310; x_wconf 79' lang='lat' dir='ltr'>tam—</span> <span class='ocrx_word' id='word_1_217' title='bbox 396 2278 520 2324; x_wconf 79' lang='lat' dir='ltr'>quam)</span> <span class='ocrx_word' id='word_1_218' title='bbox 540 2277 635 2313; x_wconf 84' lang='lat' dir='ltr'>conf.</span> <span class='ocrx_word' id='word_1_219' title='bbox 653 2276 716 2324; x_wconf 91' lang='grc' dir='ltr'><em>ΙΙΙ,</em></span> <span class='ocrx_word' id='word_1_220' title='bbox 735 2277 801 2317; x_wconf 87' lang='grc'><strong>34.</strong></span> 
     </span>
    </p>
   </div>
   <div class='ocr_carea' id='block_1_11' title="bbox 140 2331 802 2888">
    <p class='ocr_par' dir='ltr' id='par_1_12' title="bbox 333 2331 613 2386">
     <span class='ocr_line' id='line_1_41' title="bbox 333 2331 613 2386; baseline 0.007 -19"><span class='ocrx_word' id='word_1_221' title='bbox 333 2331 447 2386; x_wconf 88' lang='lat' dir='ltr'>Cap.</span> <span class='ocrx_word' id='word_1_222' title='bbox 481 2332 613 2369; x_wconf 86' lang='lat' dir='ltr'>CXXI.</span> 
     </span>
    </p>

    <p class='ocr_par' dir='ltr' id='par_1_13' title="bbox 140 2383 802 2888">
     <span class='ocr_line' id='line_1_42' title="bbox 197 2383 802 2438; baseline 0.007 -14"><span class='ocrx_word' id='word_1_223' title='bbox 197 2400 244 2425; x_wconf 90' lang='lat' dir='ltr'>ov</span> <span class='ocrx_word' id='word_1_224' title='bbox 269 2383 341 2438; x_wconf 63' lang='lat' dir='ltr'>yolo</span> <span class='ocrx_word' id='word_1_225' title='bbox 370 2388 427 2426; x_wconf 79' lang='grc' dir='ltr'><em>ὠν</em></span> <span class='ocrx_word' id='word_1_226' title='bbox 454 2385 570 2438; x_wconf 88' lang='grc' dir='ltr'><em>δη],</em></span> <span class='ocrx_word' id='word_1_227' title='bbox 574 2388 669 2435; x_wconf 83' lang='lat' dir='ltr'>,Vid.</span> <span class='ocrx_word' id='word_1_228' title='bbox 700 2389 727 2437; x_wconf 91' lang='grc' dir='ltr'>Ι,</span> <span class='ocrx_word' id='word_1_229' title='bbox 748 2388 802 2430; x_wconf 85' lang='grc'><strong>49</strong></span> 
     </span>
     <span class='ocr_line' id='line_1_43' title="bbox 142 2443 802 2495; baseline 0.012 -17"><span class='ocrx_word' id='word_1_230' title='bbox 142 2446 181 2478; x_wconf 86' lang='lat' dir='ltr'>et</span> <span class='ocrx_word' id='word_1_231' title='bbox 218 2443 371 2492; x_wconf 83' lang='lat' dir='ltr'>Gregor.</span> <span class='ocrx_word' id='word_1_232' title='bbox 403 2445 570 2482; x_wconf 75' lang='lat' dir='ltr'>Corinth.</span> <span class='ocrx_word' id='word_1_233' title='bbox 605 2459 690 2495; x_wconf 81' lang='lat' dir='ltr'>pag.</span> <span class='ocrx_word' id='word_1_234' title='bbox 720 2447 802 2486; x_wconf 82' lang='lat'>390</span> 
     </span>
     <span class='ocr_line' id='line_1_44' title="bbox 143 2498 802 2551; baseline 0.011 -18"><span class='ocrx_word' id='word_1_235' title='bbox 143 2498 199 2534; x_wconf 85' lang='lat' dir='ltr'>ed.</span> <span class='ocrx_word' id='word_1_236' title='bbox 213 2498 353 2536; x_wconf 86' lang='lat' dir='ltr'>Schaef.</span> <span class='ocrx_word' id='word_1_237' title='bbox 374 2501 496 2550; x_wconf 86' lang='lat' dir='ltr'>ibique</span> <span class='ocrx_word' id='word_1_238' title='bbox 516 2502 721 2551; x_wconf 85' lang='lat' dir='ltr'>interprett.</span> <span class='ocrx_word' id='word_1_239' title='bbox 743 2502 802 2540; x_wconf 83' lang='lat' dir='ltr'>De</span> 
     </span>
     <span class='ocr_line' id='line_1_45' title="bbox 144 2548 800 2606; baseline 0.006 -15"><span class='ocrx_word' id='word_1_240' title='bbox 144 2548 193 2591; x_wconf 88' lang='grc' dir='ltr'>ου’</span> <span class='ocrx_word' id='word_1_241' title='bbox 221 2569 292 2604; x_wconf 76' lang='grc' dir='ltr'><em>γαρ</em></span> <span class='ocrx_word' id='word_1_242' title='bbox 329 2552 378 2606; x_wconf 87' lang='grc' dir='ltr'>δη</span> <span class='ocrx_word' id='word_1_243' title='bbox 409 2571 451 2606; x_wconf 68' lang='grc' dir='ltr'>γε</span> <span class='ocrx_word' id='word_1_244' title='bbox 476 2558 562 2595; x_wconf 85' lang='lat' dir='ltr'>add.</span> <span class='ocrx_word' id='word_1_245' title='bbox 587 2557 800 2596; x_wconf 72' lang='lat' dir='ltr'>D‹·›derlei.n</span> 
     </span>
     <span class='ocr_line' id='line_1_46' title="bbox 141 2600 802 2671; baseline 0.013 -24"><span class='ocrx_word' id='word_1_246' title='bbox 141 2609 238 2647; x_wconf 78' lang='lat' dir='ltr'>Actt.</span> <span class='ocrx_word' id='word_1_247' title='bbox 260 2611 358 2660; x_wconf 84' lang='lat' dir='ltr'>phili.</span> <span class='ocrx_word' id='word_1_248' title='bbox 379 2600 541 2651; x_wconf 77' lang='lat' dir='ltr'>M&#39;onaec.</span> <span class='ocrx_word' id='word_1_249' title='bbox 563 2614 685 2671; x_wconf 81' lang='lat' dir='ltr'>Ipag</span> <span class='ocrx_word' id='word_1_250' title='bbox 707 2618 802 2655; x_wconf 75' lang='grc'><strong>31.((</strong></span> 
     </span>
     <span class='ocr_line' id='line_1_47' title="bbox 148 2665 799 2722; baseline 0.011 -22"><span class='ocrx_word' id='word_1_251' title='bbox 148 2665 215 2701; x_wconf 85' lang='lat' dir='ltr'>Cr.</span> <span class='ocrx_word' id='word_1_252' title='bbox 255 2666 315 2703; x_wconf 90' lang='lat' dir='ltr'>De</span> <span class='ocrx_word' id='word_1_253' title='bbox 347 2670 528 2717; x_wconf 85' lang='lat' dir='ltr'>particulis</span> <span class='ocrx_word' id='word_1_254' title='bbox 560 2686 617 2709; x_wconf 88' lang='grc' dir='ltr'><em>ων</em></span> <span class='ocrx_word' id='word_1_255' title='bbox 648 2667 698 2722; x_wconf 84' lang='grc' dir='ltr'>δη</span> <span class='ocrx_word' id='word_1_256' title='bbox 728 2672 799 2711; x_wconf 72' lang='lat' dir='ltr'>vid.</span> 
     </span>
     <span class='ocr_line' id='line_1_48' title="bbox 141 2720 800 2771; baseline 0.02 -15"><span class='ocrx_word' id='word_1_257' title='bbox 141 2720 336 2771; x_wconf 87' lang='lat' dir='ltr'>Ephemer.</span> <span class='ocrx_word' id='word_1_258' title='bbox 350 2724 508 2762; x_wconf 86' lang='lat' dir='ltr'>Ienenss.</span> <span class='ocrx_word' id='word_1_259' title='bbox 531 2729 638 2768; x_wconf 85' lang='lat'>1817</span> <span class='ocrx_word' id='word_1_260' title='bbox 651 2741 704 2765; x_wconf 90' lang='lat' dir='ltr'>nr.</span> <span class='ocrx_word' id='word_1_261' title='bbox 721 2730 800 2768; x_wconf 83' lang='lat'>163</span> 
     </span>
     <span class='ocr_line' id='line_1_49' title="bbox 140 2780 799 2834; baseline 0.013 -21"><span class='ocrx_word' id='word_1_262' title='bbox 140 2789 226 2828; x_wconf 86' lang='lat' dir='ltr'>pag.</span> <span class='ocrx_word' id='word_1_263' title='bbox 249 2780 342 2819; x_wconf 86' lang='lat'>361</span> <span class='ocrx_word' id='word_1_264' title='bbox 380 2780 536 2830; x_wconf 85' lang='lat' dir='ltr'>Stegero</span> <span class='ocrx_word' id='word_1_265' title='bbox 568 2783 602 2819; x_wconf 90' lang='lat' dir='ltr'>h.</span> <span class='ocrx_word' id='word_1_266' title='bbox 629 2783 651 2820; x_wconf 91' lang='lat' dir='ltr'>l.</span> <span class='ocrx_word' id='word_1_267' title='bbox 683 2784 799 2834; x_wconf 80' lang='lat' dir='ltr'>expli-</span> 
     </span>
     <span class='ocr_line' id='line_1_50' title="bbox 140 2834 797 2888; baseline 0.012 -18"><span class='ocrx_word' id='word_1_268' title='bbox 140 2834 277 2871; x_wconf 86' lang='lat' dir='ltr'>candus</span> <span class='ocrx_word' id='word_1_269' title='bbox 310 2835 454 2874; x_wconf 78' lang='lat' dir='ltr'>videtur</span> <span class='ocrx_word' id='word_1_270' title='bbox 481 2850 548 2888; x_wconf 86' lang='lat' dir='ltr'>per</span> <span class='ocrx_word' id='word_1_271' title='bbox 578 2842 797 2879; x_wconf 78' lang='lat' dir='ltr'>sententiam</span> 
     </span>
    </p>
   </div>
   <div class='ocr_carea' id='block_1_12' title="bbox 855 1309 1528 2891">
    <p class='ocr_par' dir='ltr' id='par_1_14' title="bbox 858 1309 1528 1639">
     <span class='ocr_line' id='line_1_51' title="bbox 863 1309 1528 1367; baseline 0.002 -15"><span class='ocrx_word' id='word_1_272' title='bbox 863 1317 969 1353; x_wconf 89' lang='lat' dir='ltr'>dum:</span> <span class='ocrx_word' id='word_1_273' title='bbox 1003 1310 1096 1354; x_wconf 78' lang='grc' dir='ltr'><em>ου’δὲ</em></span> <span class='ocrx_word' id='word_1_274' title='bbox 1119 1309 1176 1354; x_wconf 66' lang='grc' dir='ltr'><em>οἷν</em></span> <span class='ocrx_word' id='word_1_275' title='bbox 1198 1311 1273 1366; x_wconf 70' lang='grc' dir='ltr'>ἐγω</span> <span class='ocrx_word' id='word_1_276' title='bbox 1295 1313 1368 1365; x_wconf 85' lang='grc' dir='ltr'><em>ε’χω</em></span> <span class='ocrx_word' id='word_1_277' title='bbox 1388 1313 1528 1367; x_wconf 79' lang='grc' dir='ltr'><em>λέγειν,</em></span> 
     </span>
     <span class='ocr_line' id='line_1_52' title="bbox 861 1372 1527 1422; baseline -0.002 -13"><span class='ocrx_word' id='word_1_278' title='bbox 861 1378 903 1410; x_wconf 91' lang='lat' dir='ltr'>ut</span> <span class='ocrx_word' id='word_1_279' title='bbox 933 1374 1013 1422; x_wconf 88' lang='lat' dir='ltr'>ipsa</span> <span class='ocrx_word' id='word_1_280' title='bbox 1042 1372 1154 1410; x_wconf 76' lang='lat' dir='ltr'>verba</span> <span class='ocrx_word' id='word_1_281' title='bbox 1180 1372 1231 1409; x_wconf 86' lang='lat' dir='ltr'>sic</span> <span class='ocrx_word' id='word_1_282' title='bbox 1260 1373 1431 1409; x_wconf 82' lang='lat' dir='ltr'>constitui</span> <span class='ocrx_word' id='word_1_283' title='bbox 1460 1373 1527 1409; x_wconf 86' lang='lat' dir='ltr'>de-</span> 
     </span>
     <span class='ocr_line' id='line_1_53' title="bbox 862 1425 1526 1485; baseline 0 -19"><span class='ocrx_word' id='word_1_284' title='bbox 862 1429 991 1467; x_wconf 86' lang='lat' dir='ltr'>beant:</span> <span class='ocrx_word' id='word_1_285' title='bbox 1025 1444 1071 1468; x_wconf 88' lang='lat' dir='ltr'>ov</span> <span class='ocrx_word' id='word_1_286' title='bbox 1094 1425 1169 1480; x_wconf 75' lang='grc' dir='ltr'>γὰρ</span> <span class='ocrx_word' id='word_1_287' title='bbox 1175 1425 1240 1485; x_wconf 76' lang='grc' dir='ltr'>δή</span> <span class='ocrx_word' id='word_1_288' title='bbox 1265 1425 1380 1468; x_wconf 81' lang='grc' dir='ltr'><em>τοῦτό</em></span> <span class='ocrx_word' id='word_1_289' title='bbox 1398 1442 1441 1480; x_wconf 79' lang='grc' dir='ltr'>γε</span> <span class='ocrx_word' id='word_1_290' title='bbox 1465 1427 1526 1467; x_wconf 84' lang='grc' dir='ltr'>λέ-</span> 
     </span>
     <span class='ocr_line' id='line_1_54' title="bbox 860 1480 1524 1538; baseline 0 -15"><span class='ocrx_word' id='word_1_291' title='bbox 860 1497 988 1538; x_wconf 75' lang='grc' dir='ltr'><em>γεται·</em></span> <span class='ocrx_word' id='word_1_292' title='bbox 1030 1480 1125 1524; x_wconf 82' lang='grc' dir='ltr'><em>ουδὲ</em></span> <span class='ocrx_word' id='word_1_293' title='bbox 1157 1486 1214 1523; x_wconf 79' lang='grc' dir='ltr'><em>ὠν</em></span> <span class='ocrx_word' id='word_1_294' title='bbox 1245 1482 1322 1536; x_wconf 75' lang='grc' dir='ltr'>ἐγω</span> <span class='ocrx_word' id='word_1_295' title='bbox 1360 1484 1432 1536; x_wconf 75' lang='grc' dir='ltr'>ἔχω</span> <span class='ocrx_word' id='word_1_296' title='bbox 1463 1483 1524 1524; x_wconf 82' lang='grc' dir='ltr'>λέ-</span> 
     </span>
     <span class='ocr_line' id='line_1_55' title="bbox 858 1537 1523 1595; baseline -0.003 -14"><span class='ocrx_word' id='word_1_297' title='bbox 858 1557 953 1595; x_wconf 78' lang='grc' dir='ltr'><em>γειν.</em></span> <span class='ocrx_word' id='word_1_298' title='bbox 966 1564 1020 1569; x_wconf 91' lang='lat'>-—</span> <span class='ocrx_word' id='word_1_299' title='bbox 1039 1541 1098 1578; x_wconf 87' lang='lat' dir='ltr'>Ad</span> <span class='ocrx_word' id='word_1_300' title='bbox 1120 1537 1300 1594; x_wconf 68' lang='grc' dir='ltr'><em>ἅνδρειόν</em></span> <span class='ocrx_word' id='word_1_301' title='bbox 1321 1543 1415 1580; x_wconf 88' lang='lat' dir='ltr'>conf.</span> <span class='ocrx_word' id='word_1_302' title='bbox 1429 1547 1523 1579; x_wconf 81' lang='lat' dir='ltr'>nott.</span> 
     </span>
     <span class='ocr_line' id='line_1_56' title="bbox 859 1598 1045 1645; baseline 0.023 -9"><span class='ocrx_word' id='word_1_303' title='bbox 859 1599 954 1645; x_wconf 90' lang='lat' dir='ltr'>adl,</span> <span class='ocrx_word' id='word_1_304' title='bbox 978 1598 1045 1639; x_wconf 82' lang='lat'>34</span> 
     </span>
    </p>

    <p class='ocr_par' dir='ltr' id='par_1_15' title="bbox 855 1649 1527 2891">
     <span class='ocr_line' id='line_1_57' title="bbox 919 1649 1524 1706; baseline -0.002 -12"><span class='ocrx_word' id='word_1_305' title='bbox 919 1659 1107 1706; x_wconf 82' lang='grc' dir='ltr'><em>παρεῖναι</em></span> <span class='ocrx_word' id='word_1_306' title='bbox 1128 1653 1170 1694; x_wconf 81' lang='grc' dir='ltr'>δέ</span> <span class='ocrx_word' id='word_1_307' title='bbox 1199 1655 1240 1695; x_wconf 81' lang='grc' dir='ltr'>οἱ</span> <span class='ocrx_word' id='word_1_308' title='bbox 1257 1653 1323 1694; x_wconf 82' lang='grc' dir='ltr'><em>καὶ</em></span> <span class='ocrx_word' id='word_1_309' title='bbox 1345 1649 1524 1706; x_wconf 80' lang='grc' dir='ltr'><em>Ἀνακρέ-</em></span> 
     </span>
     <span class='ocr_line' id='line_1_58' title="bbox 861 1709 1523 1764; baseline -0.006 -12"><span class='ocrx_word' id='word_1_310' title='bbox 861 1727 956 1752; x_wconf 83' lang='grc' dir='ltr'><em>οντα</em></span> <span class='ocrx_word' id='word_1_311' title='bbox 978 1709 1043 1751; x_wconf 85' lang='grc' dir='ltr'><em>τόν</em></span> <span class='ocrx_word' id='word_1_312' title='bbox 1073 1709 1220 1764; x_wconf 77' lang='grc' dir='ltr'><em>Τήϊον]</em></span> <span class='ocrx_word' id='word_1_313' title='bbox 1253 1712 1523 1750; x_wconf 87' lang='lat' dir='ltr'>Anacreontem</span> 
     </span>
     <span class='ocr_line' id='line_1_59' title="bbox 858 1768 1524 1820; baseline -0.005 -13"><span class='ocrx_word' id='word_1_314' title='bbox 858 1770 958 1820; x_wconf 87' lang='lat' dir='ltr'>apud</span> <span class='ocrx_word' id='word_1_315' title='bbox 997 1768 1248 1818; x_wconf 73' lang='lat' dir='ltr'>Polycratem,</span> <span class='ocrx_word' id='word_1_316' title='bbox 1294 1769 1358 1819; x_wconf 89' lang='lat' dir='ltr'>qui</span> <span class='ocrx_word' id='word_1_317' title='bbox 1403 1768 1524 1819; x_wconf 88' lang='lat' dir='ltr'>plures</span> 
     </span>
     <span class='ocr_line' id='line_1_60' title="bbox 860 1825 1525 1863; baseline -0.003 0"><span class='ocrx_word' id='word_1_318' title='bbox 860 1826 1009 1863; x_wconf 90' lang='lat' dir='ltr'>omnino</span> <span class='ocrx_word' id='word_1_319' title='bbox 1031 1826 1108 1863; x_wconf 90' lang='lat' dir='ltr'>eius</span> <span class='ocrx_word' id='word_1_320' title='bbox 1130 1828 1262 1863; x_wconf 81' lang='lat' dir='ltr'>aetatis</span> <span class='ocrx_word' id='word_1_321' title='bbox 1279 1827 1375 1863; x_wconf 89' lang='lat' dir='ltr'>viros</span> <span class='ocrx_word' id='word_1_322' title='bbox 1389 1825 1525 1862; x_wconf 87' lang='lat' dir='ltr'>artibus</span> 
     </span>
     <span class='ocr_line' id='line_1_61' title="bbox 858 1882 1525 1932; baseline -0.003 -13"><span class='ocrx_word' id='word_1_323' title='bbox 858 1882 1070 1932; x_wconf 84' lang='lat' dir='ltr'>ingeniique</span> <span class='ocrx_word' id='word_1_324' title='bbox 1095 1882 1192 1920; x_wconf 85' lang='lat' dir='ltr'>cultu</span> <span class='ocrx_word' id='word_1_325' title='bbox 1217 1884 1380 1932; x_wconf 83' lang='lat' dir='ltr'>insignes</span> <span class='ocrx_word' id='word_1_326' title='bbox 1403 1894 1525 1919; x_wconf 88' lang='lat' dir='ltr'>secum</span> 
     </span>
     <span class='ocr_line' id='line_1_62' title="bbox 862 1937 1527 1985; baseline -0.003 -9"><span class='ocrx_word' id='word_1_327' title='bbox 862 1939 1007 1985; x_wconf 86' lang='lat' dir='ltr'>habuit,</span> <span class='ocrx_word' id='word_1_328' title='bbox 1039 1945 1303 1977; x_wconf 80' lang='lat' dir='ltr'>commoratum</span> <span class='ocrx_word' id='word_1_329' title='bbox 1325 1939 1436 1976; x_wconf 86' lang='lat' dir='ltr'>fuisse</span> <span class='ocrx_word' id='word_1_330' title='bbox 1456 1937 1527 1975; x_wconf 89' lang='lat' dir='ltr'>alia</span> 
     </span>
     <span class='ocr_line' id='line_1_63' title="bbox 861 1995 1527 2045; baseline -0.003 -13"><span class='ocrx_word' id='word_1_331' title='bbox 861 2008 1011 2045; x_wconf 89' lang='lat' dir='ltr'>quoque</span> <span class='ocrx_word' id='word_1_332' title='bbox 1036 1996 1206 2032; x_wconf 77' lang='lat' dir='ltr'>evincunt</span> <span class='ocrx_word' id='word_1_333' title='bbox 1230 1996 1454 2041; x_wconf 87' lang='lat' dir='ltr'>testimonia,</span> <span class='ocrx_word' id='word_1_334' title='bbox 1470 1995 1527 2031; x_wconf 89' lang='lat' dir='ltr'>in-</span> 
     </span>
     <span class='ocr_line' id='line_1_64' title="bbox 861 2051 1525 2103; baseline 0.002 -16"><span class='ocrx_word' id='word_1_335' title='bbox 861 2053 985 2101; x_wconf 88' lang='lat' dir='ltr'>primis</span> <span class='ocrx_word' id='word_1_336' title='bbox 1003 2051 1178 2088; x_wconf 82' lang='lat' dir='ltr'>strabon.</span> <span class='ocrx_word' id='word_1_337' title='bbox 1191 2052 1279 2088; x_wconf 75' lang='lat' dir='ltr'>XIV</span> <span class='ocrx_word' id='word_1_338' title='bbox 1297 2064 1382 2103; x_wconf 86' lang='lat' dir='ltr'>pag.</span> <span class='ocrx_word' id='word_1_339' title='bbox 1396 2051 1477 2091; x_wconf 79' lang='lat'>438</span> <span class='ocrx_word' id='word_1_340' title='bbox 1497 2063 1525 2088; x_wconf 86' lang='grc'>5.</span> 
     </span>
     <span class='ocr_line' id='line_1_65' title="bbox 861 2107 1527 2154; baseline -0.009 -6"><span class='ocrx_word' id='word_1_341' title='bbox 861 2107 964 2154; x_wconf 76' lang='lat'>9453</span> <span class='ocrx_word' id='word_1_342' title='bbox 987 2107 1066 2144; x_wconf 83' lang='lat' dir='ltr'>coll.</span> <span class='ocrx_word' id='word_1_343' title='bbox 1095 2107 1235 2145; x_wconf 87' lang='lat' dir='ltr'>Aelian.</span> <span class='ocrx_word' id='word_1_344' title='bbox 1260 2109 1304 2145; x_wconf 70' lang='lat' dir='ltr'>V.</span> <span class='ocrx_word' id='word_1_345' title='bbox 1329 2108 1380 2144; x_wconf 92' lang='lat' dir='ltr'>H.</span> <span class='ocrx_word' id='word_1_346' title='bbox 1410 2107 1474 2153; x_wconf 89' lang='lat' dir='ltr'>IX,</span> <span class='ocrx_word' id='word_1_347' title='bbox 1499 2108 1527 2147; x_wconf 91' lang='lat'>4</span> 
     </span>
     <span class='ocr_line' id='line_1_66' title="bbox 859 2163 1526 2201; baseline 0 -1"><span class='ocrx_word' id='word_1_348' title='bbox 859 2164 939 2200; x_wconf 88' lang='lat' dir='ltr'>init.</span> <span class='ocrx_word' id='word_1_349' title='bbox 969 2163 1064 2200; x_wconf 80' lang='lat' dir='ltr'>Add.</span> <span class='ocrx_word' id='word_1_350' title='bbox 1078 2164 1248 2201; x_wconf 77' lang='lat' dir='ltr'>Panoska</span> <span class='ocrx_word' id='word_1_351' title='bbox 1258 2164 1431 2201; x_wconf 88' lang='lat' dir='ltr'>Samiorr.</span> <span class='ocrx_word' id='word_1_352' title='bbox 1449 2163 1526 2200; x_wconf 88' lang='lat' dir='ltr'>Res</span> 
     </span>
     <span class='ocr_line' id='line_1_67' title="bbox 859 2219 1526 2270; baseline 0.001 -14"><span class='ocrx_word' id='word_1_353' title='bbox 859 2233 945 2270; x_wconf 86' lang='lat' dir='ltr'>pag.</span> <span class='ocrx_word' id='word_1_354' title='bbox 972 2222 1039 2267; x_wconf 84' lang='grc'>36,</span> <span class='ocrx_word' id='word_1_355' title='bbox 1059 2226 1093 2257; x_wconf 89' lang='lat' dir='ltr'>et</span> <span class='ocrx_word' id='word_1_356' title='bbox 1116 2222 1216 2270; x_wconf 86' lang='lat' dir='ltr'>quod</span> <span class='ocrx_word' id='word_1_357' title='bbox 1239 2221 1287 2258; x_wconf 88' lang='lat' dir='ltr'>ad</span> <span class='ocrx_word' id='word_1_358' title='bbox 1311 2219 1526 2258; x_wconf 88' lang='lat' dir='ltr'>Anacreon-</span> 
     </span>
     <span class='ocr_line' id='line_1_68' title="bbox 859 2276 1527 2327; baseline -0.001 -14"><span class='ocrx_word' id='word_1_359' title='bbox 859 2283 932 2314; x_wconf 86' lang='lat' dir='ltr'>tem</span> <span class='ocrx_word' id='word_1_360' title='bbox 961 2277 1125 2327; x_wconf 85' lang='lat' dir='ltr'>proxime</span> <span class='ocrx_word' id='word_1_361' title='bbox 1156 2277 1309 2323; x_wconf 86' lang='lat' dir='ltr'>attinet,</span> <span class='ocrx_word' id='word_1_362' title='bbox 1339 2276 1527 2314; x_wconf 88' lang='lat' dir='ltr'>Moebium</span> 
     </span>
     <span class='ocr_line' id='line_1_69' title="bbox 859 2334 1527 2372; baseline 0 -2"><span class='ocrx_word' id='word_1_363' title='bbox 859 2334 897 2370; x_wconf 89' lang='lat' dir='ltr'>in</span> <span class='ocrx_word' id='word_1_364' title='bbox 932 2339 1167 2371; x_wconf 89' lang='lat' dir='ltr'>commentat.</span> <span class='ocrx_word' id='word_1_365' title='bbox 1198 2335 1248 2372; x_wconf 90' lang='lat' dir='ltr'>de</span> <span class='ocrx_word' id='word_1_366' title='bbox 1285 2334 1527 2371; x_wconf 87' lang='lat' dir='ltr'>Anacreontis</span> 
     </span>
     <span class='ocr_line' id='line_1_70' title="bbox 859 2390 1525 2440; baseline -0.002 -13"><span class='ocrx_word' id='word_1_367' title='bbox 859 2391 935 2427; x_wconf 71' lang='lat' dir='ltr'>vita</span> <span class='ocrx_word' id='word_1_368' title='bbox 963 2393 1003 2427; x_wconf 83' lang='lat' dir='ltr'>et</span> <span class='ocrx_word' id='word_1_369' title='bbox 1030 2391 1216 2437; x_wconf 86' lang='lat' dir='ltr'>carminn.‚</span> <span class='ocrx_word' id='word_1_370' title='bbox 1238 2403 1334 2439; x_wconf 88' lang='lat' dir='ltr'>quae</span> <span class='ocrx_word' id='word_1_371' title='bbox 1361 2390 1525 2440; x_wconf 87' lang='lat' dir='ltr'>praefixa</span> 
     </span>
     <span class='ocr_line' id='line_1_71' title="bbox 861 2446 1524 2496; baseline -0.003 -12"><span class='ocrx_word' id='word_1_372' title='bbox 861 2451 915 2484; x_wconf 89' lang='lat' dir='ltr'>est</span> <span class='ocrx_word' id='word_1_373' title='bbox 941 2446 1105 2493; x_wconf 85' lang='lat' dir='ltr'>editioni,</span> <span class='ocrx_word' id='word_1_374' title='bbox 1134 2460 1229 2496; x_wconf 85' lang='lat' dir='ltr'>quae</span> <span class='ocrx_word' id='word_1_375' title='bbox 1253 2446 1369 2484; x_wconf 78' lang='lat' dir='ltr'>Goth.</span> <span class='ocrx_word' id='word_1_376' title='bbox 1400 2450 1436 2484; x_wconf 90' lang='lat' dir='ltr'>et</span> <span class='ocrx_word' id='word_1_377' title='bbox 1454 2446 1524 2483; x_wconf 88' lang='lat' dir='ltr'>Er-</span> 
     </span>
     <span class='ocr_line' id='line_1_72' title="bbox 858 2502 1523 2553; baseline 0 -14"><span class='ocrx_word' id='word_1_378' title='bbox 858 2503 968 2540; x_wconf 91' lang='lat' dir='ltr'>fordt.</span> <span class='ocrx_word' id='word_1_379' title='bbox 996 2504 1133 2553; x_wconf 85' lang='lat' dir='ltr'>prodiit</span> <span class='ocrx_word' id='word_1_380' title='bbox 1162 2517 1258 2540; x_wconf 91' lang='lat' dir='ltr'>anno</span> <span class='ocrx_word' id='word_1_381' title='bbox 1285 2504 1391 2543; x_wconf 76' lang='lat'>1826</span> <span class='ocrx_word' id='word_1_382' title='bbox 1423 2502 1523 2550; x_wconf 87' lang='lat' dir='ltr'>(Vol.</span> 
     </span>
     <span class='ocr_line' id='line_1_73' title="bbox 857 2558 1523 2597; baseline -0.002 -1"><span class='ocrx_word' id='word_1_383' title='bbox 857 2558 946 2596; x_wconf 87' lang='lat' dir='ltr'>XIX</span> <span class='ocrx_word' id='word_1_384' title='bbox 973 2559 1061 2596; x_wconf 85' lang='lat' dir='ltr'>bibl.</span> <span class='ocrx_word' id='word_1_385' title='bbox 1089 2559 1194 2597; x_wconf 86' lang='lat' dir='ltr'>class.</span> <span class='ocrx_word' id='word_1_386' title='bbox 1222 2560 1307 2597; x_wconf 75' lang='lat' dir='ltr'>cura</span> <span class='ocrx_word' id='word_1_387' title='bbox 1329 2559 1456 2596; x_wconf 91' lang='lat' dir='ltr'>lacobs</span> <span class='ocrx_word' id='word_1_388' title='bbox 1486 2562 1523 2596; x_wconf 92' lang='lat' dir='ltr'>et</span> 
     </span>
     <span class='ocr_line' id='line_1_74' title="bbox 857 2615 1521 2666; baseline -0.002 -14"><span class='ocrx_word' id='word_1_389' title='bbox 857 2615 984 2664; x_wconf 88' lang='lat' dir='ltr'>Rost.)</span> <span class='ocrx_word' id='word_1_390' title='bbox 1002 2628 1088 2666; x_wconf 85' lang='lat' dir='ltr'>pag.</span> <span class='ocrx_word' id='word_1_391' title='bbox 1107 2617 1191 2653; x_wconf 74' lang='grc' dir='ltr'><em>ῩΙΙΙ</em></span> <span class='ocrx_word' id='word_1_392' title='bbox 1213 2629 1331 2666; x_wconf 90' lang='lat' dir='ltr'>seqq.,</span> <span class='ocrx_word' id='word_1_393' title='bbox 1351 2615 1412 2652; x_wconf 92' lang='lat' dir='ltr'>ubi</span> <span class='ocrx_word' id='word_1_394' title='bbox 1431 2615 1521 2652; x_wconf 90' lang='lat' dir='ltr'>alio-</span> 
     </span>
     <span class='ocr_line' id='line_1_75' title="bbox 856 2672 1521 2722; baseline -0.002 -13"><span class='ocrx_word' id='word_1_395' title='bbox 856 2685 935 2709; x_wconf 85' lang='lat' dir='ltr'>rum</span> <span class='ocrx_word' id='word_1_396' title='bbox 957 2685 1117 2722; x_wconf 86' lang='lat' dir='ltr'>quoque,</span> <span class='ocrx_word' id='word_1_397' title='bbox 1142 2673 1188 2710; x_wconf 87' lang='lat' dir='ltr'>de</span> <span class='ocrx_word' id='word_1_398' title='bbox 1217 2673 1270 2709; x_wconf 88' lang='lat' dir='ltr'>his</span> <span class='ocrx_word' id='word_1_399' title='bbox 1299 2672 1362 2721; x_wconf 87' lang='lat' dir='ltr'>qui</span> <span class='ocrx_word' id='word_1_400' title='bbox 1386 2676 1521 2708; x_wconf 86' lang='lat' dir='ltr'>tracta-</span> 
     </span>
     <span class='ocr_line' id='line_1_76' title="bbox 855 2727 1521 2779; baseline -0.002 -14"><span class='ocrx_word' id='word_1_401' title='bbox 855 2733 951 2775; x_wconf 90' lang='lat' dir='ltr'>runt,</span> <span class='ocrx_word' id='word_1_402' title='bbox 963 2729 1159 2766; x_wconf 82' lang='lat' dir='ltr'>laudantur</span> <span class='ocrx_word' id='word_1_403' title='bbox 1179 2729 1408 2779; x_wconf 86' lang='lat' dir='ltr'>scriptiones.</span> <span class='ocrx_word' id='word_1_404' title='bbox 1438 2727 1521 2765; x_wconf 88' lang='lat' dir='ltr'>Ma-</span> 
     </span>
     <span class='ocr_line' id='line_1_77' title="bbox 856 2785 1521 2836; baseline -0.003 -14"><span class='ocrx_word' id='word_1_405' title='bbox 856 2785 954 2822; x_wconf 80' lang='lat' dir='ltr'>xima</span> <span class='ocrx_word' id='word_1_406' title='bbox 973 2785 1067 2823; x_wconf 89' lang='lat' dir='ltr'>enim</span> <span class='ocrx_word' id='word_1_407' title='bbox 1099 2786 1199 2836; x_wconf 91' lang='lat' dir='ltr'>apud</span> <span class='ocrx_word' id='word_1_408' title='bbox 1220 2790 1415 2834; x_wconf 72' lang='lat' dir='ltr'>tyrannum</span> <span class='ocrx_word' id='word_1_409' title='bbox 1434 2795 1521 2832; x_wconf 88' lang='lat' dir='ltr'>gra-</span> 
     </span>
     <span class='ocr_line' id='line_1_78' title="bbox 856 2840 1519 2891; baseline -0.005 -13"><span class='ocrx_word' id='word_1_410' title='bbox 856 2842 907 2878; x_wconf 85' lang='lat' dir='ltr'>tia</span> <span class='ocrx_word' id='word_1_411' title='bbox 925 2854 1138 2891; x_wconf 85' lang='lat' dir='ltr'>summaque</span> <span class='ocrx_word' id='word_1_412' title='bbox 1154 2841 1251 2880; x_wconf 89' lang='lat' dir='ltr'>adeo</span> <span class='ocrx_word' id='word_1_413' title='bbox 1274 2840 1519 2879; x_wconf 84' lang='lat' dir='ltr'>familiaritate</span> 
     </span>
    </p>
   </div>
  </div>
 </body>
</html>
