1904 3304
418 234 502 275 302

390 347 412 384 4
421 342 579 399 λόγους
622 340 870 387 ἀπικέσθαι.

420 413 748 471 ἅμφισβητέειν·

418 485 467 530 τό
506 483 726 541 κναφήϊον
763 491 987 542 παρεῖναι,
1035 487 1210 543 ἔχοντας
1238 486 1292 529 τὰ
1319 487 1572 544 πρόσφορα,

886 556 1167 612 ἀνοιχθέντος
1213 557 1259 600 δὲ
1307 563 1387 602 τοῦ
1432 557 1677 616 οἰκήματος,
1694 565 1739 599 35

391 564 412 597 5
426 556 814 612 ἀναιρησομένους.

814 234 1282 274 HERODOTI

938 345 1012 389 καὶ
1058 348 1217 389 τοῦτον
1267 346 1346 401 μὲν
1397 344 1682 401 ἐντεταμένως

801 415 904 466 τούς
936 416 981 459 δὲ
1020 415 1323 473 προσήκοντας
1351 420 1412 472 τῷ
1441 420 1583 476 νεκρῷ
1612 417 1682 461 ἐπὶ

1623 486 1682 539 ὦς

421 629 523 671 οὔτε
571 632 789 672 τεθνεῶτα
838 627 939 672 οὕτε
985 631 1123 681 ζῶντα
1170 630 1406 683 φαίνεσθαι
1452 628 1682 685 Ἀριστέην.

389 699 525 754 ὁμετοὶ
556 699 625 752 δὲ,
668 699 838 757 ἑβδόμῳ
878 700 961 743 ἔτεϊ
998 699 1192 754 φανέντα
1233 698 1371 744 αὐτόν
1409 701 1451 752 ἐς
1483 701 1680 755 Προκόν-

417 781 575 826 νησον,
606 775 785 828 ποιῆσαι
806 772 858 815 τὰ
879 771 980 814 ἔπεα
1008 775 1147 814 ταῦτα
1173 788 1225 814 τα
1246 776 1329 814 νῦν
1355 771 1435 815 ὑπ’
1463 771 1680 828 Ἑλλήνων

414 839 675 897 Ἀριμάσπεα
717 845 934 887 καλέεται·

418 912 467 956 τὸ
498 912 715 968 δεύτερον.

417 1121 678 1174 ἐντεταμένως
713 1122 1017 1176 οἷμφισβητέειν]

361 1180 419 1219 Cf.
448 1184 540 1217 nott.
571 1182 620 1218 ad
641 1182 702 1229 lv,
727 1185 775 1223 11
806 1188 842 1219 et
873 1183 909 1218 in
933 1195 1020 1232 pro-

361 1236 456 1273 xime
488 1249 569 1286 sqq.
599 1238 646 1274 ad
673 1243 890 1275 structuram
919 1238 1020 1275 verbi

359 1296 544 1344 παρεῖναι
572 1296 667 1331 conf.
696 1300 786 1331 nott.
817 1296 864 1332 ad
895 1294 923 1341 Ι,
953 1297 1021 1340 21,

359 1346 407 1387 τοὶ
443 1345 653 1401 πρόσφορα
684 1351 791 1398 (licit,
838 1364 1022 1401 quaecun-

359 1418 433 1455 que
451 1408 656 1445 necessaria
675 1409 932 1455 (instrumenta
951 1406 1019 1457 sc.)

359 1463 434 1500 sive
446 1467 530 1514 apta
549 1469 633 1501 sunt
651 1466 697 1501 ad
717 1465 871 1502 cadaver
889 1464 1021 1502 tollen-

358 1519 457 1557 dum.
497 1520 555 1557 Cf.
576 1521 655 1568 Vll,
679 1524 743 1563 20.

415 1574 594 1625 φανέντα
620 1573 744 1617 αὐτόν
773 1576 813 1623 ἐς
839 1572 1018 1628 Προκόν-

358 1631 502 1683 νησον]
552 1633 610 1671 De
639 1647 708 1671 usu
738 1634 1018 1685 praepositionis

359 1686 398 1734 ἐς
417 1690 513 1727 conf.
535 1690 670 1727 Matth.
685 1691 751 1728 Gr.
772 1691 837 1728 Gr.
866 1689 902 1742 ἓ.
923 1691 1017 1736 578,

360 1747 384 1784 3
419 1759 505 1796 pag.
532 1749 652 1787 1142.
693 1747 753 1784 Tu
779 1748 865 1785 add.
895 1747 939 1794 V,
963 1749 1017 1787 30

358 1802 395 1838 in
420 1802 501 1839 finn
493 1830 504 1848 ‚
541 1808 579 1840 et
599 1804 648 1841 ad
667 1805 779 1841 verba
803 1817 906 1853 seqq.
931 1819 1019 1842 ποι-

358 1860 456 1925 ἧσαι
485 1874 532 1897 τα
564 1858 658 1899 ε’πεα
680 1865 774 1897 nott.
802 1861 849 1897 ad
871 1861 930 1907 lV,
955 1862 1016 1900 13.

413 1909 658 1966 Ἀριμασπεα
686 1915 880 1968 καλέεται]
920 1917 1018 1954 Tze-

360 1975 439 2009 tzes
478 1972 556 2010 loco
584 1986 695 2024 supra
729 1974 875 2010 laudato
908 1973 1020 2011 habet

357 2021 617 2079 Ἀριμασπια,
649 2031 831 2079 Origenes
858 2025 1019 2081 Ἀριμοί-

360 2096 487 2123 σπεια.
535 2087 703 2124 Meminit
732 2088 858 2124 horum
890 2088 1018 2124 carmi-

358 2153 444 2179 num
463 2143 598 2180 Strabo
622 2144 636 2180 I
668 2157 753 2194 pag.
773 2146 823 2184 21
847 2157 873 2180 s.
898 2144 952 2185 40
972 2143 1018 2180 A.

357 2197 442 2234 Xlll
467 2212 505 2249 p.
526 2201 606 2240 580
627 2214 655 2236 s.
676 2203 754 2241 881
779 2202 836 2246 A„
854 2201 1017 2250 itemque

355 2253 514 2292 Pausan.
538 2256 564 2302 l,
583 2257 649 2300 24,
671 2260 718 2303 6,
751 2258 812 2293 ubi
833 2258 1014 2306 quaedam

354 2311 402 2347 de
424 2318 643 2360 argumento
674 2314 893 2359 carminum,
935 2315 1015 2363 qui-

354 2367 422 2404 bus
441 2370 588 2405 omuino
609 2375 768 2407 veterum
788 2372 901 2407 famas
919 2371 1014 2407 auti-

351 2424 543 2472 quissimas
577 2426 624 2462 de
657 2427 868 2474 regionibus
894 2427 1014 2463 orien-

351 2479 484 2517 talibus
505 2493 547 2518 ac
564 2483 908 2531 septentrionalibus
927 2497 1012 2520 con-

353 2539 473 2573 tentas
496 2538 607 2574 fuisse
629 2540 817 2585 coniicias,
852 2540 1012 2589 itemque

354 2592 449 2629 bella
475 2595 676 2643 antiquitus
706 2601 811 2642 gesta
839 2596 892 2632 his
922 2597 1010 2645 ipsis

354 2649 390 2685 in
413 2650 645 2698 regionibus,
677 2657 714 2687 ut
736 2664 755 2688 e
772 2651 906 2689 Ritteri
927 2665 1012 2689 sen-

355 2706 470 2742 tentia
508 2708 712 2744 monuimus
750 2708 797 2743 ad
837 2708 908 2753 lv,
947 2711 1009 2748 13.

354 2760 513 2799 Exstant
551 2764 698 2812 quidem
729 2764 828 2813 apud
856 2763 1011 2813 Longin.

355 2816 413 2856 De
431 2819 571 2856 sublim.
592 2825 680 2858 sect.
702 2821 735 2856 X
750 2849 760 2866 ,
785 2822 810 2859 4
848 2821 1009 2857 nonnulli

354 2887 476 2913 versus
524 2888 568 2913 ex
613 2876 834 2927 Arimaspeis
881 2878 1008 2914 ducti:

986 841 1229 898 ποιήσαντα
1268 842 1335 896 δὲ,
1381 843 1682 899 αφανισθῆναι

774 918 910 957 ταῦτα
951 930 1029 968 μεν
1068 915 1113 956 αἱ
1152 913 1300 964 πόλιες
1339 909 1465 957 αὗται
1496 915 1681 971 λέγουσι.
1694 919 1739 956 40

293 981 356 1026 15
422 983 532 1027 Τάδε
562 983 607 1027 δὲ
638 984 738 1029 οἶδα
769 986 1139 1029 Μεταποντίνοισι
1171 990 1284 1028 τοῖσι
1323 985 1369 1029 ἐν
1390 983 1546 1044 Ἰταλίῃ
1578 1000 1681 1043 συγ-

1076 1138 1169 1174 quos
1189 1130 1311 1162 tamen
1334 1138 1356 1162 a
1377 1127 1588 1176 posterioris
1607 1127 1738 1164 aetatis

1076 1182 1222 1218 homine
1257 1182 1360 1218 fictos
1387 1195 1468 1221 esse
1501 1184 1736 1221 contendunt.

1076 1238 1161 1274 Vid.
1199 1238 1247 1274 G.
1287 1238 1314 1275 I.
1352 1239 1456 1275 Voss.
1498 1239 1556 1277 De
1593 1240 1738 1276 historr.

1079 1295 1210 1332 Graec.
1231 1295 1294 1340 lv,
1318 1297 1356 1340 2,
1388 1309 1461 1344 quo
1493 1297 1622 1333 eodem
1642 1292 1737 1332 'usus

1080 1354 1137 1388 est
1153 1350 1323 1388 Schultze
1345 1352 1381 1388 in
1402 1354 1538 1403 Appar.
1562 1357 1628 1390 etc.
1645 1365 1680 1403 p.
1699 1352 1737 1392 5.

1080 1406 1205 1457 Atque
1234 1407 1313 1457 ipse
1339 1408 1471 1446 Ritter.
1500 1409 1669 1446 Vorhalle
1699 1422 1736 1459 p.

1078 1466 1159 1504 278
1205 1464 1295 1501 haec
1325 1464 1539 1516 Arimaspea
1579 1466 1739 1503 carmina

1076 1521 1272 1558 Herodoto
1322 1522 1470 1570 quidem
1526 1523 1736 1572 antiquiora

1077 1590 1158 1615 esse
1182 1579 1345 1626 quamvis
1364 1580 1581 1625 concedens,
1607 1592 1627 1614 a
1646 1591 1737 1629 poe-

1075 1638 1114 1671 ta
1142 1634 1302 1683 quodam
1331 1636 1534 1685 conscripta
1554 1640 1659 1685 putat
1680 1635 1736 1671 iu-

1076 1691 1199 1736 niore,
1245 1688 1496 1740 Apollinisque
1531 1692 1734 1738 sacerdote,

1074 1747 1221 1784 minime
1234 1759 1317 1783 vero
1335 1748 1381 1784 ab
1405 1748 1654 1797 antiquissimo
1675 1747 1734 1784 illo

1076 1803 1222 1840 Ariste&
1235 1803 1281 1850 (S.
1294 1803 1486 1851 Butldha),
1503 1805 1602 1842 cuius
1621 1804 1734 1856 ipsius

1076 1861 1240 1897 doctrina
1275 1873 1321 1897 ne
1353 1860 1490 1898 illibata
1517 1862 1664 1910 quidem
1697 1861 1735 1898 in

1077 1917 1167 1954 haec
1179 1917 1388 1966 Arimaspea
1407 1918 1601 1954 transierit.
1627 1917 1735 1961 Quae

1076 1974 1156 2024 ipsa
1185 1974 1350 2023 quamvis
1387 1974 1444 2010 vix
1480 1973 1733 2023 intelligibilia,

1077 2030 1221 2067 maximi
1251 2031 1442 2068 aestimata
1475 2031 1587 2068 fuisse
1617 2043 1637 2067 a
1668 2043 1734 2080 po-

1076 2087 1238 2124 sterioris
1257 2088 1386 2124 aetatis
1405 2088 1653 2137 scriptoribus,
1667 2100 1734 2124 nec

1075 2156 1164 2180 sane
1207 2143 1452 2189 Graecorum,
1510 2144 1732 2181 Milesiorum

1074 2201 1236 2250 inprimis
1264 2200 1472 2237 colonorum
1497 2201 1572 2238 sive
1595 2211 1732 2237 merca-

1074 2262 1193 2293 torum
1229 2270 1272 2293 ex
1314 2270 1377 2294 ore
1421 2258 1568 2294 fluxisse
1603 2256 1729 2292 videri.

1072 2313 1165 2350 Utut
1187 2314 1314 2349 statuis
1328 2343 1338 2360 ,
1370 2314 1451 2350 hinc
1472 2326 1618 2362 quoque
1638 2312 1728 2349 satis

1070 2370 1293 2418 intelligitur,
1324 2375 1553 2419 quantopere
1570 2369 1729 2416 ¹antiqui-

1071 2431 1130 2462 tus
1158 2427 1321 2463 floruerit
1350 2427 1602 2462 commercium
1635 2426 1729 2462 inter

1069 2484 1232 2519 Graecos
1252 2482 1359 2518 Ponti
1379 2482 1519 2519 accolas
1530 2483 1728 2530 Asiamque

1069 2538 1280 2576 orientalem
1311 2543 1348 2575 et
1367 2538 1586 2576 interiorem.
1645 2538 1728 2575 Μο-

1069 2595 1147 2631 nuit
1182 2595 1343 2631 Heewn.
1371 2595 1481 2633 ldeen
1514 2600 1580 2633 etc.
1619 2595 1656 2641 l,
1700 2597 1726 2635 2

1067 2664 1153 2702 pag.
1183 2653 1278 2691 286.

1290 2707 1401 2757 Cap.
1432 2707 1509 2744 XV.

1109 2764 1450 2803 Μεταποντίνοισι
1468 2768 1567 2804 τοῖσι
1585 2759 1721 2802 ε’νἸτα-

1065 2819 1147 2874 λίῃ]
1188 2821 1280 2856 Cum
1313 2820 1568 2871 Metapontum
1593 2824 1722 2868 (quam

1067 2878 1244 2915 Graeciae
1259 2889 1413 2927 magnae
1433 2879 1557 2915 urbem
1577 2875 1724 2926 amplis-
