1904 3304
110 414 208 450 presto
234 413 314 448 apud
338 423 386 442 re-

111 456 179 482 gem
195 447 388 476 Democedes:

111 482 221 510 liberat
230 482 391 516 Aegyptios

111 515 243 542 medicos
293 524 302 540 ι

112 553 211 576 vatem

112 583 269 612 servitute.

453 203 538 244 240

285 315 385 360 132
443 310 613 368 ἤκουον
648 310 868 367 μουσικήν
897 308 1010 354 εἶναι
1038 309 1255 368 Ἑλλήνων
1284 315 1463 368 πρῶτοι.

188 379 304 407 honore
349 388 386 408 ac

844 202 1314 243 HERODOTI

1530 311 1633 357 Τότε
1663 313 1717 370 δὴ

444 380 469 428 ὁ
501 382 781 440 Δημοκήδης,
831 381 880 425 ἐν
915 387 1028 426 τοῖσι
1060 382 1279 427 Σούσοισι
1316 382 1590 440 ἐξιησάμενος
1627 390 1718 428 Δα-

450 459 592 509 ρεῖον,
625 451 750 497 οἶκόν
778 469 822 496 τε
851 452 1053 508 μέγιστον
1084 453 1187 510 εἶχε,
1221 454 1294 497 καὶ
1321 453 1614 509 ὁμοτράπεζος
1644 458 1719 511 βα·

282 524 388 577 Ε’ἷζζῖᾓιξ
448 525 559 568 σιλέϊ
587 524 802 581 ἐγεγόνεε·
847 523 962 580 πλήν
990 541 1034 568 τε
1064 524 1161 576 ἑνὸς
1190 528 1271 568 τοῦ
1303 525 1573 582 ἐς”Έλληνας
1604 526 1720 570 ἀπιέ-

418 602 548 646 Ξναι,
597 595 738 638 πάντα
782 593 836 638 τὰ
882 595 991 638 ἄλλα
1035 597 1080 639 οἱ
1115 600 1272 653 παρῆν.

1342 596 1415 639 καὶ
1454 601 1581 641 τοῦτο
1618 598 1698 653 μὲν
1707 632 1718 652 ,
1731 605 1776 638 70

448 665 551 718 τοὺς
574 669 840 722 Αἰγυπτίους
871 665 1063 724 ἰητρούς,
1099 669 1143 710 οἳ
1172 667 1350 723 βασιλέα
1380 668 1592 723 πρότερον
1623 670 1720 711 ἰών-

445 755 519 790 το,
550 738 786 794 μέλλοντας
802 736 1241 791 ἀνασκολοπιεῖσθαι,
1274 737 1384 782 διότι
1406 738 1492 783 ὑπὸ
1511 740 1720 797 ΓἘλληνος

449 810 602 865 ἰητροῦ
633 808 911 866 ἑσσώθησαν,
950 808 1162 862 τούτους,
1199 808 1377 865 βασιλέα
1407 810 1723 867 παραιτησάμε-

449 896 547 932 νος,
579 878 817 936 ἐρῤύσατο·
855 885 985 925 τοῦτο
1017 882 1084 935 δὲ,
1115 879 1273 938 μάντιν
1297 879 1469 925 Ἠλεῖον
1494 879 1719 937 Πολυκρά-

391 1034 536 1073 iecerat.
583 1034 642 1073 De
660 1049 732 1087 quo
751 1037 831 1088 ipse
852 1038 984 1077 viderit
1001 1039 1056 1076 vir

390 1091 530 1128 doctus.

561 1148 673 1199 Cap.
699 1150 884 1188 CXXXII.

454 1198 550 1243 Τότε
569 1202 633 1255 δή]
667 1205 1054 1256 EFlorent.Schwgh.

392 1265 431 1299 et
454 1261 572 1298 Gaisf.
591 1268 808 1311 receperunt
829 1262 882 1302 δέ.
941 1263 1057 1312 Equi-

393 1318 478 1355 dem
499 1331 577 1354 cum
598 1317 777 1357 Matthiae
796 1319 979 1370 vulgatam
1001 1320 1059 1358 hic

393 1374 552 1413 retinere
573 1374 696 1412 malui.

451 1426 733 1482 ὁμοτράπεζος]
769 1433 958 1470 Summum
989 1431 1058 1469 hoc

393 1488 493 1539 apud
506 1488 639 1525 Persas
656 1490 887 1536 censebatur,
908 1490 936 1526 si
949 1501 1058 1538 quem

394 1558 416 1582 e
444 1546 599 1582 maxime
631 1545 798 1583 fidelibus
831 1559 893 1583 rex
920 1546 1057 1582 honore

394 1613 475 1638 cum
515 1600 595 1650 ipso
637 1602 684 1638 ad
713 1614 873 1639 mensem
914 1614 1059 1638 accum-

394 1656 505 1695 bendi
519 1657 740 1706 designaret.
781 1658 984 1696 Testantur
1003 1658 1059 1695 lo-

394 1714 426 1751 ci
456 1712 592 1751 collecti
622 1727 643 1751 a
672 1715 844 1763 Kriigero
870 1712 934 1766 (ad
964 1715 1058 1752 Xen.

395 1769 513 1807 Anab.
544 1770 572 1817 Ι,
596 1770 633 1811 5.
657 1770 728 1819 15)
759 1776 796 1809 ct
825 1784 847 1808 a
872 1771 992 1808 Sturz.
1023 1772 1060 1807 in

397 1825 486 1864 Lex.
516 1826 686 1878 Xenoph.
718 1827 766 1864 111
802 1841 837 1878 p.
861 1829 967 1874 285,
999 1827 1060 1864 ubi

395 1883 624 1933 potissimum
646 1885 740 1921 conf.
761 1885 898 1934 Cyrop.
917 1884 997 1931 Vll,
1027 1887 1059 1924 1.

396 1941 450 1980 30
479 1943 516 1977 et
541 1939 657 1977 Anab.
687 1940 725 1987 Ι,
756 1943 795 1987 8,
827 1943 889 1981 18.
919 1943 958 1987 9,
994 1943 1058 1981 17.

395 1996 498 2033 Ctes.
534 1995 654 2034 Perss.
692 1996 878 2048 Excerptt.
917 1995 954 2048 ἓ.
990 1998 1057 2037 41.

395 2052 556 2090 Heeren.
576 2053 689 2090 Ideen
707 2054 769 2100 I,1
792 2067 828 2104 p.
842 2056 935 2094 217.
965 2053 1057 2090 Inde

396 2109 565 2160 suspicor
604 2113 641 2146 et
679 2110 841 2148 Ctesiam
872 2110 1056 2158 Cnidium,

395 2166 458 2214 qui
479 2164 588 2202 multo
618 2170 703 2216 post
723 2167 912 2205 Artaxerxi
933 2167 1058 2205 mede-

394 2222 524 2267 batur,
555 2217 671 2273 (Plut.
698 2221 822 2260 Artax.
844 2222 894 2263 14
922 2224 968 2260 in.
994 2224 1058 2262 18.

395 2280 471 2325 21)
492 2278 595 2314 simili
618 2279 755 2317 honore
776 2293 798 2317 a
818 2293 905 2329 rege
928 2279 1060 2317 Persa-

395 2347 475 2370 rum
502 2333 673 2371 affectum
700 2336 838 2382 fuisse3
868 2337 1059 2386 ipsumque

395 2390 658 2440 Hippocratem
671 2391 758 2429 talia
771 2397 955 2429 nacturum
969 2393 1057 2429 suis-

397 2459 458 2492 se,
489 2447 518 2483 si
536 2448 583 2484 ad
605 2447 700 2496 regis
725 2448 842 2485 aulam
869 2449 1056 2495 accedere,

396 2503 701 2553 conditionesque
712 2504 852 2541 oblatas
865 2504 962 2552 (nam
975 2500 1058 2543 Zoo'·

398 2574 513 2610 τιμον
549 2559 736 2611 Περσέων
767 2564 849 2607 τοῖς
883 2556 1058 2612 α’ρίστοις

399 2629 480 2654 eum
495 2617 650 2654 reddere
670 2617 782 2654 voluit
800 2618 946 2663 rex,vid
960 2618 1058 2667 Opp.

398 2672 576 2723 Hippocr.
601 2672 655 2721 ll,
685 2675 802 2714 1272.
828 2673 886 2710 ed.
916 2674 1058 2711 Genev.

402 2728 529 2780 1662)
553 2729 714 2780 recipere
733 2729 917 2767 voluisset.

438 2784 648 2837 μέλλοντας
660 2780 1055 2835 ἀνασκολοπιεῖσθαι]

1113 1042 1223 1077 σθαι.
1256 1039 1364 1075 Conf.
1385 1037 1696 1087 Dion.Chrysost.
1711 1037 1775 1075 Or.

1111 1097 1167 1136 77
1190 1108 1275 1145 pag.
1297 1095 1391 1136 653.
1439 1096 1478 1132 In
1497 1095 1678 1132 Herodoti
1696 1093 1777 1131 loco

1112 1151 1315 1188 infinitivus
1335 1152 1444 1188 futuri
1464 1152 1574 1189 medii
1602 1164 1669 1202 pro
1692 1163 1778 1201 pas-

1114 1208 1191 1244 sivo
1224 1208 1335 1257 accipi
1367 1208 1491 1254 debet,
1522 1208 1569 1244 de
1598 1220 1671 1256 quo
1706 1220 1775 1244 usu

1113 1263 1254 1301 Duker.
1269 1264 1316 1300 ad
1331 1263 1494 1314 Thucyd.
1515 1264 1562 1310 ll,
1575 1265 1627 1304 87
1649 1268 1685 1301 et
1695 1263 1776 1309 Vll,

1113 1319 1181 1360 25.
1214 1320 1355 1363 Quibus
1374 1320 1443 1357 alia
1466 1320 1569 1357 addit
1586 1320 1717 1370 Poppo
1741 1320 1778 1356 in

1115 1376 1173 1414 ed.
1194 1376 1360 1426 Thucyd.
1384 1376 1413 1422 I,
1437 1379 1456 1416 1
1483 1390 1520 1427 p.
1548 1379 1638 1418 192.
1668 1376 1776 1413 Conf.

1115 1432 1283 1481 Thucyd.
1305 1432 1332 1480 l,
1354 1435 1418 1474 68.
1440 1453 1497 1460 ·-—·
1516 1427 1778 1472 οἷνασκολοπί-

1116 1490 1221 1535 {eive
1235 1488 1321 1538 palo
1338 1489 1557 1538 suspendere,
1569 1490 1664 1526 idem
1677 1489 1778 1538 quod

1115 1541 1408 1596 ἇνασταυροῦν,
1425 1550 1465 1582 ut
1485 1550 1638 1595 apparet
1657 1558 1700 1583 ex
1713 1545 1777 1592 ΙΧ,

1115 1603 1181 1642 78.
1214 1600 1312 1640 Add.
1333 1602 1396 1648 ΙΙΙ,
1418 1600 1661 1648 159.1v‚43.
1682 1603 1778 1648 202,

1117 1658 1330 1707 quibuscum
1351 1659 1500 1704 consen,
1516 1670 1611 1707 quae
1630 1659 1676 1695 de
1696 1671 1776 1695 cru-

1117 1716 1166 1751 cis
1188 1714 1361 1765 supplicio
1383 1715 1536 1751 diximus
1565 1714 1614 1750 ad
1636 1713 1663 1761 l,
1685 1716 1777 1755 128.

1117 1771 1226 1815 Quod
1258 1784 1344 1808 vero
1379 1783 1441 1809 rex
1475 1772 1589 1808 iratus
1620 1769 1692 1807 tale
1730 1771 1778 1808 de

1115 1827 1307 1877 Aegyptiis
1326 1827 1474 1865 medicis
1485 1827 1698 1878 supplicium
1719 1839 1779 1863 su-

1116 1884 1165 1920 mi
1186 1883 1351 1931 voluerit,
1372 1885 1408 1920 id
1426 1897 1447 1920 a
1473 1896 1599 1933 regum
1617 1883 1778 1920 orienta-

1114 1939 1200 1977 lium
1227 1941 1370 1978 ratione
1401 1940 1685 1990 haudquaquam
1712 1939 1778 1976 ab·

1114 1996 1251 2033 horret.
1311 1997 1384 2044 Sic,
1414 1998 1466 2034 uti
1483 1997 1551 2034 hoc
1571 2002 1663 2042 utar,
1687 2009 1777 2045 rege

1113 2057 1281 2100 mortuo,
1312 2053 1492 2098 medicos,
1523 2053 1622 2102 quod
1645 2051 1778 2089 scilicet

1114 2110 1210 2158 regis
1241 2114 1395 2147 mortem
1427 2122 1501 2146 non
1533 2109 1776 2160 impedierint,

1115 2179 1254 2203 summo
1277 2166 1356 2203 loco
1378 2167 1477 2216 apud
1501 2166 1631 2203 Persas
1655 2164 1776 2211 defici,

1115 2236 1188 2260 non
1209 2222 1314 2260 aliter
1326 2226 1438 2271 atque
1447 2221 1664 2270 astrologos,
1676 2221 1776 2269 quod

1115 2278 1189 2316 scil.
1209 2279 1305 2327 regis
1327 2279 1467 2316 obitum
1487 2290 1561 2314 non
1582 2277 1774 2328 praedixe-

1114 2336 1199 2382 rint,
1230 2336 1337 2371 docet
1366 2333 1628 2372 Rosenmiiller.
1648 2332 1719 2369 Alt.
1740 2346 1774 2369 u.

1114 2391 1209 2429 Neu.
1230 2390 1475 2439 Morgenland
1497 2389 1544 2427 T.
1564 2389 1615 2426 lv
1636 2402 1672 2439 p.
1693 2389 1776 2430 352

1114 2461 1167 2485 nr.
1193 2448 1296 2487 1081
1328 2447 1376 2483 ad
1395 2445 1536 2483 Daniel.
1559 2446 1605 2493 V,
1627 2447 1691 2486 13.

1173 2500 1336 2553 βασιλέα
1358 2499 1723 2553 παραιτησάμενος]
1753 2501 1777 2538 ἱ.

1117 2573 1148 2597 e.
1170 2559 1375 2609 deprecatus
1396 2559 1493 2608 apud
1514 2572 1632 2608 regem
1647 2571 1715 2609 pro
1731 2557 1776 2594 il-

1116 2616 1172 2662 lis,
1201 2620 1242 2652 ut
1263 2615 1335 2652 scil.
1354 2617 1494 2653 veniam
1514 2617 1556 2653 iis
1576 2616 1681 2653 daret
1701 2627 1776 2658 rex,

1115 2671 1329 2722 supplicium
1347 2673 1560 2710 remitteret.
1590 2672 1647 2710 Cf.
1670 2671 1774 2718 1‚90.

1116 2727 1180 2770 24.
1190 2728 1237 2774 V,
1251 2729 1303 2768 33
1317 2742 1324 2764 1
1355 2727 1586 2779 παραιτέετο
1597 2724 1663 2768 τὸν
1677 2724 1777 2777 Πέρ-

1117 2796 1193 2834 σην
1232 2783 1377 2823 Persam
1415 2797 1561 2823 exorare
1596 2783 1776 2822 nitebatur

402 2842 443 2880 In
464 2843 607 2881 duobus
629 2842 728 2881 libris
754 2838 1059 2890 οἷνασκολοπίζε-
1110 2853 1259 2892 poenam
1290 2841 1530 2893 deprecando,
1580 2845 1621 2880 ut
1654 2839 1776 2879 reddit

1783 889 1868 932 265
