1904 3304
496 288 1047 326 MELPOMENE.

1108 288 1119 325 l
1130 288 1172 325 V.
1342 290 1426 329 435

168 396 439 446 “1‘6ta'6n503,
488 395 694 451 ἀδελφεός
733 396 816 440 ἐών
847 399 1062 449 Δαρείου,
1102 396 1247 451 ἔχρῃζε
1285 398 1483 451 unda—40

171 470 260 522 μοῖς
289 465 425 509 αὐτόν
455 470 685 522 στρατηίην
713 467 781 510 ἐπὶ
809 467 991 518 Σκύθας
1019 466 1264 517 ποιέεσθαι,
1300 482 1426 509 κατα-

145 537 312 592 9λέγων
352 540 440 578 τῶν
469 537 685 580 Σκυθέων
723 538 804 594 τήν
842 537 1038 593 ἀπορίην.
1099 535 1218 585 ἀλλ’,
1260 534 1314 580 οὐ
1343 536 1427 592 γὰρ

173 606 312 650 ἔπειθε
351 608 662 662 συμβουλεύων
702 610 744 651 οἱ
780 607 967 663 χρηστοὶ,
1011 606 1034 650 ὁ
1075 608 1154 662 μὲν
1192 607 1426 650 ἐπέπαυτο·

173 675 195 720 ὁ
225 678 294 728 δὲ,
333 676 477 732 ἐπειδή
509 680 552 721 οἱ
580 679 632 721 τοὶ
663 678 804 722 πάντα
833 677 1183 732 παρεσκεύαστο,
1224 676 1428 732 ἐξήλαυνε

143 970 261 1004 Ωναμ

119 1246 152 1270 u.
177 1232 382 1281 Thucydid.
412 1245 495 1281 pag.
522 1231 586 1272 45.
630 1232 770 1268 Kruse:

120 1289 242 1326 Ueber
267 1288 454 1326 Herodots
485 1288 668 1325 Ausmess.
707 1288 772 1324 (les

120 1345 226 1382 Pont.
248 1350 316 1382 etc.
344 1357 428 1394 pag.
446 1347 497 1384 27
521 1344 596 1380 coll.
620 1343 772 1380 Bennel.

120 1413 204 1451 pag.
228 1399 320 1440 426.
361 1401 444 1443 Quo
466 1401 593 1437 eodem
616 1401 774 1450 pertinet

124 1457 175 1492 Os
196 1455 302 1492 Ponti
330 1452 474 1505 (στόμα
500 1452 692 1504 Πόντου),
727 1455 773 1492 de

121 1526 193 1561 quo
213 1513 259 1548 ad
277 1513 346 1557 IV,
373 1514 437 1551 81.
468 1511 575 1549 Nunc
593 1513 690 1561 quod
708 1524 773 1548 ne-

121 1569 253 1605 minem
272 1568 365 1615 sugit
375 1566 510 1616 fretum
529 1572 585 1604 est
603 1567 774 1604 Constan-

121 1623 407 1673 tirzopolitamn,
437 1624 535 1660 haud
557 1637 640 1660 raro
664 1624 771 1661 etiam

122 1680 268 1730 simplici
300 1679 435 1716 canalis
455 1679 698 1729 appellatione
715 1680 771 1715 in-

122 1737 288 1773 dicatum.
355 1735 412 1773 De
458 1736 603 1772 Graeca
647 1735 773 1786 appel-

123 1793 281 1839 latione,
312 1792 381 1828 alia
410 1797 449 1828 ut
478 1797 639 1838 taceam,
679 1792 772 1829 conf.

121 1848 240 1885 Schol.
287 1849 334 1885 ad
370 1847 546 1897 Apollon..
575 1848 695 1885 Rhod.
735 1847 781 1893 ΙΙ,

128 1906 217 1944 168.
262 1904 310 1940 Et
340 1903 520 1953 pluribus,
552 1904 779 1942 Herodotum

125 1972 271 2008 quoque
292 1961 500 2009 respiciens,
531 1961 578 1998 de
598 1960 667 1997 hoc
686 1961 781 1997 Bos-

125 2029 216 2066 poro
250 2015 411 2065 disputat
432 2016 596 2053 Eustath.
625 2017 674 2053 ad
692 2016 781 2053 Dio-

127 2084 202 2119 nys.
236 2072 376 2120 Perieg.
398 2075 476 2112 140
504 2078 541 2109 et
565 2077 690 2110 nostra
717 2084 780 2108 ae-

127 2134 200 2164 tate
224 2127 437 2165 Tzschucke
464 2129 512 2165 ad
541 2128 627 2165 Mel.
659 2128 695 2174 I,
727 2129 778 2167 19

126 2189 217 2220 nott.
247 2196 376 2233 exegg.
406 2184 506 2231 (Vol.
536 2184 584 2220 111
614 2183 654 2220 P.
676 2181 709 2234 1)
743 2197 779 2233 p.

128 2239 220 2281 569.
240 2240 333 2280 570.

185 2294 339 2349 ἔχρῃζε]
371 2297 393 2332 i.
426 2309 458 2333 e.
492 2296 636 2341 orabat,
676 2308 781 2343 roga-

130 2353 199 2389 bat.
250 2352 334 2395 Quo
364 2353 492 2389 eodem
517 2365 623 2389 sensu
652 2351 689 2397 I,
719 2352 783 2389 41.

133 2409 222 2449 152.
262 2407 317 2453 V,
356 2410 410 2449 30
444 2408 541 2445 alibi.
604 2407 781 2456 Iungitur,

132 2470 170 2500 ut
198 2464 376 2512 δεῖσθαι,
409 2464 478 2501 alia
502 2465 538 2501 id
560 2476 674 2513 genus
704 2464 784 2500 infi-

132 2519 258 2567 nitivo,
284 2521 381 2557 cuius
401 2520 479 2557 loco
500 2520 655 2557 subinde
676 2521 782 2556 etiam

135 2571 263 2622 ὅπως,
291 2581 330 2613 ut
345 2577 408 2622 Ill,
431 2576 496 2623 44,
527 2578 586 2613 ubi
604 2578 646 2612 cf.
666 2582 754 2612 nott.

191 2630 408 2682 καταλέγων
428 2654 480 2660 —
502 2629 574 2681 τήν
593 2627 782 2682 ἀπορίην]

136 2685 356 2738 καταλέγειν
374 2688 465 2724 valet
478 2701 659 2734 recensere,
681 2702 783 2725 enar-

139 2756 234 2789 rare,
267 2755 537 2790 commemorare,
564 2751 600 2781 ut
621 2745 691 2790 IV,
718 2745 782 2785 95-

140 2799 201 2838 50.
233 2800 309 2839 114
326 2805 391 2836 etc.
432 2796 603 2850 (ἔπορὶην
633 2803 785 2850 inopiam

140 2867 166 2890 s.
183 2859 423 2904 paupertatem
447 2868 525 2892 esse
549 2861 658 2904 negat
677 2858 784 2894 [talus

139 2911 330 2961 interpres,
357 2912 421 2949 sed
441 2911 680 2960 difficultatem
697 2914 786 2962 Scy-

54 755 117 800 8-1·
173 748 249 791 τόν
287 747 473 802 στρατόν
512 750 556 792 ἐκ
595 751 797 793 Σούσων.
850 748 1066 792 Ἐνθαῦτα
1106 751 1193 789 τῶν
1226 748 1427 801 Περσέων
1483 751 1760 820 gfiggatzjcsffi‘fggg

173 818 382 876 Οἰόβαζος
402 819 559 876 ἐδεήθη
578 822 790 874 Δαρείου,
822 824 955 873 τριῶν
976 817 1136 861 ἐόντων
1167 818 1210 860 οἱ
1237 821 1417 867 παίδων,
1429 818 1491 860 45³
1529 818 1578 844 ¹¹¹¹¹
1649 805 1658 819 ⁹

171 891 244 933 καὶ
273 888 449 933 πάντων
477 891 848 946 στρατευομένων,
889 890 966 933 ἕνα
993 888 1111 946 αὐτῷ
1140 893 1428 946 καταλειφθῆ-

321 960 344 1004 ὁ
375 961 419 1004 δέ
452 963 494 1004 οἵ
524 962 626 1016 ἔφη,
660 961 717 1013 ὥς
747 964 860 1019 φίλῳ
891 960 1006 1004 ἐόντι
1034 962 1108 1004 καὶ
1130 962 1319 1015 μετρίων
1339 963 1428 1003 650-

146 1031 316 1090 δμένῳ,
355 1031 518 1082 πάντας
549 1032 652 1083 τούς
681 1036 839 1084 παῖδας
870 1034 1144 1080 καταλείψειν

1216 1029 1239 1072 ὁ
1271 1029 1348 1086 μὲν
1379 1031 1430 1086 δή

828 1231 969 1267 tharum
1003 1235 1133 1266 terram
1164 1228 1383 1276 invadendi,
1422 1241 1486 1265 un-

829 1287 877 1324 de
900 1298 1008 1336 supra
1032 1286 1102 1330 lv,
1132 1284 1185 1326 46
1210 1284 1366 1333 Scythae
1386 1281 1486 1334 ἅμα·

830 1342 892 1392 χοί
910 1357 949 1380 τε
974 1340 1040 1380 καὶ
1061 1338 1206 1391 ἄποροι
1219 1340 1485 1392 προσμίσγειν.

829 1398 921 1435 Mihi
946 1411 1018 1434 non
1051 1397 1243 1447 persuasit.
1286 1396 1346 1433 Ad
1378 1396 1491 1434 verba

831 1454 1091 1503 subsequentia
1111 1448 1203 1499 ἀλλ’,
1226 1448 1274 1491 οὗ
1293 1449 1368 1504 yolo
1386 1451 1483 1491 ἔπει·

829 1515 880 1549 θε
906 1512 1000 1548 conf.
1028 1514 1120 1546 nott.
1151 1510 1198 1546 ad
1226 1508 1262 1555 Ι,
1296 1510 1333 1548 8.
1365 1507 1419 1547 24
1452 1513 1491 1545 et

829 1567 914 1603 add.
952 1567 1025 1611 lX,
1058 1567 1135 1606 109
1155 1564 1236 1602 coll.
1266 1565 1375 1612 VIII,
1408 1566 1487 1604 137

828 1623 951 1671 ibique
971 1620 1145 1658 Valcken.

983 1677 1013 1714 C
1030 1689 1094 1726 ap.
1127 1675 1329 1712 LXXXlV.

886 1734 1221 1783 καταλειφθῆναι]
1242 1732 1392 1769 Passivo
1404 1744 1488 1768 sen-

831 1805 873 1828 su
890 1791 1004 1840 accipi
1024 1790 1162 1826 monuit
1182 1787 1312 1825 Matth.
1335 1788 1399 1824 Gr.
1420 1788 1488 1824 Gr.

838 1846 876 1898 ὃ.
907 1846 1012 1892 496,
1043 1849 1067 1886 8
1097 1858 1180 1896 pag.
1201 1846 1366 1884 936-
1405 1843 1493 1880 Mox

837 1900 929 1948 τούς
966 1901 1201 1947 ἐπεστεῶτας
1235 1900 1407 1937 satellites
1438 1899 1495 1936 in-

837 1960 960 2007 telligo
1004 1959 1220 2002 adstantes,
1269 1957 1331 2005 qui
1368 1968 1492 2004 regem

837 2015 999 2054 comitari
1056 2012 1316 2050 consueverint.
1382 2013 1492 2055 Quod

837 2072 942 2109 codd.
962 2072 1109 2119 quidam
1132 2069 1289 2106 afferunt
1315 2063 1408 2113 τοὺς
1428 2065 1492 2106 ἐπὶ

835 2122 987 2167 τούτων
1033 2125 1274 2169 ἐπεστεῶτας
1315 2123 1490 2171 quodque

836 2183 1050 2220 Schaeferus
1073 2182 1224 2230 recepit,
1254 2178 1490 2226 glossatorem

837 2241 993 2290 prodere
1020 2237 1182 2282 videtur,
1221 2236 1282 2285 qui
1313 2236 1493 2285 carnifices

837 2295 995 2332 indicare
1026 2293 1197 2338 voluerit,
1241 2304 1393 2340 quorum
1426 2291 1495 2327 hoc

840 2352 965 2397 suerit,
1004 2354 1043 2387 ut
1078 2349 1157 2398 regi
1193 2348 1383 2385 adstantes
1418 2347 1494 2384 eius

840 2408 1011 2445 mandata
1052 2408 1336 2454 exsequerentur
1374 2403 1495 2452 deque

841 2463 1003 2501 Oeobazi
1032 2462 1112 2498 filiis
1141 2459 1353 2510 supplicium
1377 2472 1496 2497 sume-

840 2525 929 2557 rent.
948 2540 1002 2548 ——-
1038 2517 1150 2554 Haud
1171 2516 1349 2553 dissimilis
1369 2516 1496 2552 crude-

840 2577 923 2613 litas
950 2575 1077 2612 Xerxis
1117 2578 1284 2610 narratur
1312 2571 1401 2618 Vll,
1440 2573 1494 2613 38

840 2632 917 2669 coll.
956 2632 1082 2668 Senec.
1100 2631 1147 2667 de
1167 2629 1218 2665 ira
1236 2629 1305 2675 ΙΙΙ,
1340 2630 1401 2667 16.
1442 2628 1495 2665 Ac

841 2688 925 2725 talia
959 2687 1101 2735 tyranni
1130 2686 1286 2722 animum
1321 2683 1496 2720 indolem-

842 2757 911 2793 que
931 2744 1084 2780 maxime
1107 2746 1403 2787 commonstrare,
1435 2740 1496 2788 qui

842 2800 939 2837 omni
987 2800 1062 2837 iure
1111 2798 1232 2834 divino
1268 2797 1497 2845 humanoque

843 2856 1047 2908 postposito
1087 2867 1152 2891 suo
1194 2853 1341 2888 arbitrio
1378 2852 1497 2889 omnia

844 2912 1035 2950 subiecerit
1060 2922 1207 2947 monere
1224 2909 1319 2945 haud
1338 2921 1439 2958 opus.

1136 2962 1223 3004 28*

1523 851 1530 857 .
1597 827 1699 846 eorum
1710 827 1760 853 pe-

1496 852 1595 879 uisset
1618 852 1744 880 militiae

1487 886 1669 913 vacationem
1682 908 1688 920 ,
1712 894 1759 913 oc-

1485 919 1567 946 cidit.
