<?xml version="1.0" encoding="UTF-8"?>
<!DOCTYPE html PUBLIC "-//W3C//DTD XHTML 1.0 Transitional//EN"
    "http://www.w3.org/TR/xhtml1/DTD/xhtml1-transitional.dtd">
<html xmlns="http://www.w3.org/1999/xhtml" xml:lang="en" lang="en">
 <head>
  <title>
</title>
<meta http-equiv="Content-Type" content="text/html;charset=utf-8" />
  <meta name='ocr-system' content='tesseract 3.04.00' />
  <meta name='ocr-capabilities' content='ocr_page ocr_carea ocr_par ocr_line ocrx_word'/>
</head>
<body>
  <div class='ocr_page' id='page_1' title='image "./musaeherodoto02hero/musaeherodoto02hero_0588.png"; bbox 0 0 1904 3304; ppageno 0'>
   <div class='ocr_carea' id='block_1_1' title="bbox 485 283 570 323">
    <p class='ocr_par' dir='ltr' id='par_1_1' title="bbox 485 283 570 323">
     <span class='ocr_line' id='line_1_1' title="bbox 485 283 570 323; baseline 0 0"><span class='ocrx_word' id='word_1_1' title='bbox 485 283 570 323; x_wconf 79' lang='lat'>580</span> 
     </span>
    </p>
   </div>
   <div class='ocr_carea' id='block_1_2' title="bbox 902 281 1366 323">
    <p class='ocr_par' dir='ltr' id='par_1_2' title="bbox 902 281 1366 323">
     <span class='ocr_line' id='line_1_2' title="bbox 902 281 1366 323; baseline 0.002 -3"><span class='ocrx_word' id='word_1_2' title='bbox 902 281 1366 323; x_wconf 91' lang='lat' dir='ltr'>HERODOTl</span> 
     </span>
    </p>
   </div>
   <div class='ocr_carea' id='block_1_3' title="bbox 489 387 1757 448">
    <p class='ocr_par' dir='ltr' id='par_1_3' title="bbox 489 387 1757 448">
     <span class='ocr_line' id='line_1_3' title="bbox 489 387 1757 448; baseline 0.003 -15"><span class='ocrx_word' id='word_1_3' title='bbox 489 393 626 447; x_wconf 87' lang='grc' dir='ltr'><em>βατα,</em></span> <span class='ocrx_word' id='word_1_4' title='bbox 666 387 957 446; x_wconf 73' lang='grc' dir='ltr'><strong><em>ἀναβαίνουσι</em></strong></span> <span class='ocrx_word' id='word_1_5' title='bbox 993 390 1036 441; x_wconf 82' lang='grc' dir='ltr'>ἐς</span> <span class='ocrx_word' id='word_1_6' title='bbox 1066 389 1236 446; x_wconf 78' lang='grc' dir='ltr'><em>Αὔγιλα</em></span> <span class='ocrx_word' id='word_1_7' title='bbox 1264 394 1430 447; x_wconf 77' lang='grc' dir='ltr'><em>χῶρον,</em></span> <span class='ocrx_word' id='word_1_8' title='bbox 1471 391 1757 448; x_wconf 80' lang='grc' dir='ltr'><strong><em>ὀπωριεῦντες</em></strong></span> 
     </span>
    </p>
   </div>
   <div class='ocr_carea' id='block_1_4' title="bbox 490 461 859 515">
    <p class='ocr_par' dir='ltr' id='par_1_4' title="bbox 490 461 859 515">
     <span class='ocr_line' id='line_1_4' title="bbox 490 461 859 515; baseline 0 -11"><span class='ocrx_word' id='word_1_9' title='bbox 490 461 596 511; x_wconf 81' lang='grc' dir='ltr'>τούς</span> <span class='ocrx_word' id='word_1_10' title='bbox 635 462 838 515; x_wconf 81' lang='grc' dir='ltr'><em>φοίνικας</em></span> <span class='ocrx_word' id='word_1_11' title='bbox 851 476 859 485; x_wconf 84' lang='grc'><strong><em>’</em></strong></span> 
     </span>
    </p>
   </div>
   <div class='ocr_carea' id='block_1_5' title="bbox 921 460 1757 520">
    <p class='ocr_par' dir='ltr' id='par_1_5' title="bbox 921 460 1757 520">
     <span class='ocr_line' id='line_1_5' title="bbox 921 460 1757 520; baseline 0.005 -16"><span class='ocrx_word' id='word_1_12' title='bbox 921 462 965 504; x_wconf 85' lang='grc' dir='ltr'>οἱ</span> <span class='ocrx_word' id='word_1_13' title='bbox 1001 460 1046 504; x_wconf 81' lang='grc' dir='ltr'>δὲ</span> <span class='ocrx_word' id='word_1_14' title='bbox 1086 462 1243 505; x_wconf 85' lang='grc' dir='ltr'><em>πολλοὶ</em></span> <span class='ocrx_word' id='word_1_15' title='bbox 1281 463 1353 505; x_wconf 89' lang='grc' dir='ltr'>καὶ</span> <span class='ocrx_word' id='word_1_16' title='bbox 1387 461 1655 520; x_wconf 79' lang='grc' dir='ltr'><em>ἀμφιλαφέες</em></span> <span class='ocrx_word' id='word_1_17' title='bbox 1685 481 1757 510; x_wconf 85' lang='grc' dir='ltr'>πε-</span> 
     </span>
    </p>
   </div>
   <div class='ocr_carea' id='block_1_6' title="bbox 456 529 1814 729">
    <p class='ocr_par' dir='ltr' id='par_1_6' title="bbox 456 529 1814 729">
     <span class='ocr_line' id='line_1_6' title="bbox 456 529 1756 588; baseline 0.005 -16"><span class='ocrx_word' id='word_1_18' title='bbox 456 530 680 586; x_wconf 70' lang='grc' dir='ltr'>Ξφύκασι,</span> <span class='ocrx_word' id='word_1_19' title='bbox 710 529 869 582; x_wconf 79' lang='grc' dir='ltr'><em>πάντες</em></span> <span class='ocrx_word' id='word_1_20' title='bbox 897 530 1039 582; x_wconf 83' lang='grc' dir='ltr'><em>ἐόντες</em></span> <span class='ocrx_word' id='word_1_21' title='bbox 1069 533 1358 588; x_wconf 80' lang='grc' dir='ltr'><em>καρποφόροι.</em></span> <span class='ocrx_word' id='word_1_22' title='bbox 1415 534 1521 585; x_wconf 81' lang='grc' dir='ltr'>τούς</span> <span class='ocrx_word' id='word_1_23' title='bbox 1556 535 1601 578; x_wconf 80' lang='grc' dir='ltr'>δὲ</span> <span class='ocrx_word' id='word_1_24' title='bbox 1634 534 1756 578; x_wconf 74' lang='grc' dir='ltr'><em>ἀττε-</em></span> 
     </span>
     <span class='ocr_line' id='line_1_7' title="bbox 490 600 1758 662; baseline 0.004 -19"><span class='ocrx_word' id='word_1_25' title='bbox 490 600 645 657; x_wconf 81' lang='grc' dir='ltr'><em>λέβους</em></span> <span class='ocrx_word' id='word_1_26' title='bbox 675 600 805 645; x_wconf 81' lang='grc' dir='ltr'><em>ἐπεὰν</em></span> <span class='ocrx_word' id='word_1_27' title='bbox 829 602 1099 658; x_wconf 80' lang='grc' dir='ltr'><em>θηρεύσωσι,</em></span> <span class='ocrx_word' id='word_1_28' title='bbox 1131 602 1372 659; x_wconf 79' lang='grc' dir='ltr'>αὐήναντες</span> <span class='ocrx_word' id='word_1_29' title='bbox 1393 603 1504 659; x_wconf 76' lang='grc' dir='ltr'><em>πρὸς</em></span> <span class='ocrx_word' id='word_1_30' title='bbox 1522 605 1599 648; x_wconf 88' lang='grc' dir='ltr'><em>τὸν</em></span> <span class='ocrx_word' id='word_1_31' title='bbox 1619 604 1758 662; x_wconf 82' lang='grc' dir='ltr'><em>ἥλιον,</em></span> 
     </span>
     <span class='ocr_line' id='line_1_8' title="bbox 489 671 1814 729; baseline 0.004 -15"><span class='ocrx_word' id='word_1_32' title='bbox 489 671 773 721; x_wconf 80' lang='grc' dir='ltr'><em>καταλέουσι,</em></span> <span class='ocrx_word' id='word_1_33' title='bbox 803 673 878 715; x_wconf 89' lang='grc' dir='ltr'>καὶ</span> <span class='ocrx_word' id='word_1_34' title='bbox 908 673 1051 717; x_wconf 80' lang='grc' dir='ltr'><em>ἔπειτα</em></span> <span class='ocrx_word' id='word_1_35' title='bbox 1081 673 1149 717; x_wconf 83' lang='grc' dir='ltr'>ἐπὶ</span> <span class='ocrx_word' id='word_1_36' title='bbox 1177 671 1290 729; x_wconf 81' lang='grc' dir='ltr'><em>γάλα</em></span> <span class='ocrx_word' id='word_1_37' title='bbox 1320 674 1649 727; x_wconf 83' lang='grc' dir='ltr'><em>ἐπιπασσοντες,</em></span> <span class='ocrx_word' id='word_1_38' title='bbox 1686 677 1814 719; x_wconf 68' lang='grc' dir='ltr'><em>στί-40</em></span> 
     </span>
    </p>
   </div>
   <div class='ocr_carea' id='block_1_7' title="bbox 456 748 631 785">
    <p class='ocr_par' dir='ltr' id='par_1_7' title="bbox 456 748 631 785">
     <span class='ocr_line' id='line_1_9' title="bbox 456 748 631 785; baseline -0.006 -2"><span class='ocrx_word' id='word_1_39' title='bbox 456 748 631 785; x_wconf 61' lang='grc' dir='ltr'><em>3νονσα</em></span> 
     </span>
    </p>
   </div>
   <div class='ocr_carea' id='block_1_8' title="bbox 696 745 1757 802">
    <p class='ocr_par' dir='ltr' id='par_1_8' title="bbox 696 745 1757 802">
     <span class='ocr_line' id='line_1_10' title="bbox 696 745 1757 802; baseline 0.004 -16"><span class='ocrx_word' id='word_1_40' title='bbox 696 747 908 798; x_wconf 78' lang='grc' dir='ltr'><em>γυναῖκας</em></span> <span class='ocrx_word' id='word_1_41' title='bbox 950 745 995 788; x_wconf 81' lang='grc' dir='ltr'>δὲ</span> <span class='ocrx_word' id='word_1_42' title='bbox 1034 746 1285 800; x_wconf 81' lang='grc' dir='ltr'><em>νομίζοντες</em></span> <span class='ocrx_word' id='word_1_43' title='bbox 1316 745 1481 797; x_wconf 73' lang='grc' dir='ltr'><em>πολλὰς</em></span> <span class='ocrx_word' id='word_1_44' title='bbox 1521 746 1630 802; x_wconf 75' lang='grc' dir='ltr'><em>ἔχειν</em></span> <span class='ocrx_word' id='word_1_45' title='bbox 1665 746 1757 790; x_wconf 79' lang='grc' dir='ltr'><em>ἕκα-</em></span> 
     </span>
    </p>
   </div>
   <div class='ocr_carea' id='block_1_9' title="bbox 491 812 1757 873">
    <p class='ocr_par' dir='ltr' id='par_1_9' title="bbox 491 812 1757 873">
     <span class='ocr_line' id='line_1_11' title="bbox 491 812 1757 873; baseline 0.004 -17"><span class='ocrx_word' id='word_1_46' title='bbox 491 824 605 864; x_wconf 88' lang='grc' dir='ltr'><em>στος,</em></span> <span class='ocrx_word' id='word_1_47' title='bbox 634 812 856 859; x_wconf 81' lang='grc' dir='ltr'>ἐπίκοινον</span> <span class='ocrx_word' id='word_1_48' title='bbox 886 814 1058 860; x_wconf 78' lang='grc' dir='ltr'><em>αὐτέων</em></span> <span class='ocrx_word' id='word_1_49' title='bbox 1082 816 1162 872; x_wconf 86' lang='grc' dir='ltr'><em>τὴν</em></span> <span class='ocrx_word' id='word_1_50' title='bbox 1189 817 1306 872; x_wconf 81' lang='grc' dir='ltr'><em>μίξιν</em></span> <span class='ocrx_word' id='word_1_51' title='bbox 1335 820 1580 861; x_wconf 84' lang='grc' dir='ltr'><em>ποιεῦνται·</em></span> <span class='ocrx_word' id='word_1_52' title='bbox 1610 815 1757 873; x_wconf 86' lang='grc' dir='ltr'><em>τρόπῳ</em></span> 
     </span>
    </p>
   </div>
   <div class='ocr_carea' id='block_1_10' title="bbox 505 931 710 935">
    <p class='ocr_par' dir='ltr' id='par_1_10' title="bbox 505 931 710 935">
     <span class='ocr_line' id='line_1_12' title="bbox 505 931 710 935; baseline 0 0"><span class='ocrx_word' id='word_1_53' title='bbox 505 931 710 935; x_wconf 95' lang='lat' dir='ltr'> </span> 
     </span>
    </p>
   </div>
   <div class='ocr_carea' id='block_1_11' title="bbox 437 1004 1106 2968">
    <p class='ocr_par' dir='ltr' id='par_1_11' title="bbox 437 1004 1104 1895">
     <span class='ocr_line' id='line_1_13' title="bbox 437 1004 1099 1054; baseline 0.002 -14"><span class='ocrx_word' id='word_1_54' title='bbox 437 1004 525 1053; x_wconf 89' lang='lat' dir='ltr'>„qui</span> <span class='ocrx_word' id='word_1_55' title='bbox 547 1004 798 1054; x_wconf 81' lang='lat' dir='ltr'>praeterlapsa</span> <span class='ocrx_word' id='word_1_56' title='bbox 817 1007 958 1041; x_wconf 81' lang='lat' dir='ltr'><strong>aestate</strong></span> <span class='ocrx_word' id='word_1_57' title='bbox 971 1005 1099 1053; x_wconf 88' lang='lat' dir='ltr'>(quam</span> 
     </span>
     <span class='ocr_line' id='line_1_14' title="bbox 438 1060 1098 1109; baseline 0 -12"><span class='ocrx_word' id='word_1_58' title='bbox 438 1074 486 1098; x_wconf 90' lang='lat' dir='ltr'>sc.</span> <span class='ocrx_word' id='word_1_59' title='bbox 510 1061 546 1096; x_wconf 92' lang='lat' dir='ltr'>in</span> <span class='ocrx_word' id='word_1_60' title='bbox 563 1061 841 1098; x_wconf 86' lang='lat' dir='ltr'>mediterraneis</span> <span class='ocrx_word' id='word_1_61' title='bbox 860 1065 973 1109; x_wconf 83' lang='lat' dir='ltr'>agant</span> <span class='ocrx_word' id='word_1_62' title='bbox 994 1060 1098 1107; x_wconf 87' lang='lat' dir='ltr'>locis)</span> 
     </span>
     <span class='ocr_line' id='line_1_15' title="bbox 437 1119 1101 1166; baseline -0.002 -12"><span class='ocrx_word' id='word_1_63' title='bbox 437 1119 705 1166; x_wconf 83' lang='lat' dir='ltr'>ingruenteque</span> <span class='ocrx_word' id='word_1_64' title='bbox 746 1121 921 1153; x_wconf 76' lang='lat' dir='ltr'>autumno</span> <span class='ocrx_word' id='word_1_65' title='bbox 966 1130 1101 1166; x_wconf 86' lang='lat' dir='ltr'>pecora</span> 
     </span>
     <span class='ocr_line' id='line_1_16' title="bbox 439 1174 1100 1222; baseline 0 -12"><span class='ocrx_word' id='word_1_66' title='bbox 439 1174 488 1210; x_wconf 91' lang='lat' dir='ltr'>ad</span> <span class='ocrx_word' id='word_1_67' title='bbox 510 1185 610 1210; x_wconf 85' lang='lat' dir='ltr'>oram</span> <span class='ocrx_word' id='word_1_68' title='bbox 631 1174 804 1221; x_wconf 80' lang='lat' dir='ltr'>abigant3</span> <span class='ocrx_word' id='word_1_69' title='bbox 834 1185 907 1222; x_wconf 91' lang='lat' dir='ltr'>quo</span> <span class='ocrx_word' id='word_1_70' title='bbox 928 1185 1014 1209; x_wconf 89' lang='lat' dir='ltr'>vero</span> <span class='ocrx_word' id='word_1_71' title='bbox 1036 1185 1100 1210; x_wconf 90' lang='lat' dir='ltr'>au-</span> 
     </span>
     <span class='ocr_line' id='line_1_17' title="bbox 437 1228 1101 1279; baseline 0 -13"><span class='ocrx_word' id='word_1_72' title='bbox 437 1230 553 1266; x_wconf 91' lang='lat' dir='ltr'>tumni</span> <span class='ocrx_word' id='word_1_73' title='bbox 578 1233 746 1279; x_wconf 87' lang='lat' dir='ltr'>tempore</span> <span class='ocrx_word' id='word_1_74' title='bbox 768 1228 949 1279; x_wconf 87' lang='lat' dir='ltr'>palmulae</span> <span class='ocrx_word' id='word_1_75' title='bbox 980 1233 1101 1266; x_wconf 92' lang='lat' dir='ltr'>matu-</span> 
     </span>
     <span class='ocr_line' id='line_1_18' title="bbox 439 1285 1103 1332; baseline 0.003 -11"><span class='ocrx_word' id='word_1_76' title='bbox 439 1285 599 1332; x_wconf 77' lang='lat' dir='ltr'><strong>ruerint,</strong></span> <span class='ocrx_word' id='word_1_77' title='bbox 639 1298 783 1322; x_wconf 88' lang='lat' dir='ltr'>rursum</span> <span class='ocrx_word' id='word_1_78' title='bbox 814 1286 863 1322; x_wconf 82' lang='lat' dir='ltr'>ad</span> <span class='ocrx_word' id='word_1_79' title='bbox 887 1285 1103 1323; x_wconf 81' lang='lat' dir='ltr'>mediterra-</span> 
     </span>
     <span class='ocr_line' id='line_1_19' title="bbox 439 1341 1102 1392; baseline 0 -14"><span class='ocrx_word' id='word_1_80' title='bbox 439 1354 509 1380; x_wconf 86' lang='lat' dir='ltr'>nea</span> <span class='ocrx_word' id='word_1_81' title='bbox 542 1341 622 1378; x_wconf 84' lang='lat' dir='ltr'>loca</span> <span class='ocrx_word' id='word_1_82' title='bbox 651 1345 862 1388; x_wconf 84' lang='lat' dir='ltr'>revertant,</span> <span class='ocrx_word' id='word_1_83' title='bbox 905 1341 1102 1392; x_wconf 86' lang='lat' dir='ltr'>palmulas-</span> 
     </span>
     <span class='ocr_line' id='line_1_20' title="bbox 438 1398 1102 1448; baseline 0 -14"><span class='ocrx_word' id='word_1_84' title='bbox 438 1410 511 1447; x_wconf 86' lang='lat' dir='ltr'>que</span> <span class='ocrx_word' id='word_1_85' title='bbox 554 1398 752 1448; x_wconf 80' lang='lat' dir='ltr'>decerpant</span> <span class='ocrx_word' id='word_1_86' title='bbox 789 1398 1019 1447; x_wconf 85' lang='lat' dir='ltr'>hiememque</span> <span class='ocrx_word' id='word_1_87' title='bbox 1050 1398 1102 1435; x_wconf 87' lang='lat' dir='ltr'>ibi</span> 
     </span>
     <span class='ocr_line' id='line_1_21' title="bbox 437 1453 1102 1503; baseline 0 -13"><span class='ocrx_word' id='word_1_88' title='bbox 437 1454 654 1503; x_wconf 84' lang='lat' dir='ltr'>transigant.</span> <span class='ocrx_word' id='word_1_89' title='bbox 669 1456 693 1475; x_wconf 91' lang='lat'>“</span> <span class='ocrx_word' id='word_1_90' title='bbox 741 1453 822 1492; x_wconf 80' lang='lat' dir='ltr'>Nec</span> <span class='ocrx_word' id='word_1_91' title='bbox 850 1459 975 1492; x_wconf 88' lang='lat' dir='ltr'>tamen</span> <span class='ocrx_word' id='word_1_92' title='bbox 1006 1454 1102 1491; x_wconf 88' lang='lat' dir='ltr'>iusta</span> 
     </span>
     <span class='ocr_line' id='line_1_22' title="bbox 439 1511 1103 1549; baseline 0.002 -2"><span class='ocrx_word' id='word_1_93' title='bbox 439 1511 525 1547; x_wconf 87' lang='lat' dir='ltr'>mihi</span> <span class='ocrx_word' id='word_1_94' title='bbox 581 1511 727 1548; x_wconf 83' lang='lat' dir='ltr'>videtur</span> <span class='ocrx_word' id='word_1_95' title='bbox 781 1511 931 1549; x_wconf 83' lang='lat' dir='ltr'>subesse</span> <span class='ocrx_word' id='word_1_96' title='bbox 990 1523 1103 1548; x_wconf 89' lang='lat' dir='ltr'>causa</span> 
     </span>
     <span class='ocr_line' id='line_1_23' title="bbox 438 1567 1102 1616; baseline 0 -13"><span class='ocrx_word' id='word_1_97' title='bbox 438 1567 640 1616; x_wconf 79' lang='lat' dir='ltr'>quidquam</span> <span class='ocrx_word' id='word_1_98' title='bbox 661 1567 697 1603; x_wconf 91' lang='lat' dir='ltr'>in</span> <span class='ocrx_word' id='word_1_99' title='bbox 708 1567 903 1604; x_wconf 83' lang='lat' dir='ltr'>Herodoto</span> <span class='ocrx_word' id='word_1_100' title='bbox 925 1568 1102 1605; x_wconf 85' lang='lat' dir='ltr'>mutandi.</span> 
     </span>
     <span class='ocr_line' id='line_1_24' title="bbox 439 1623 1103 1674; baseline -0.003 -13"><span class='ocrx_word' id='word_1_101' title='bbox 439 1623 498 1661; x_wconf 87' lang='lat' dir='ltr'>De</span> <span class='ocrx_word' id='word_1_102' title='bbox 527 1625 641 1660; x_wconf 76' lang='lat' dir='ltr'>ovium</span> <span class='ocrx_word' id='word_1_103' title='bbox 658 1629 841 1674; x_wconf 88' lang='lat' dir='ltr'>proventu</span> <span class='ocrx_word' id='word_1_104' title='bbox 861 1625 1010 1673; x_wconf 82' lang='lat' dir='ltr'>egregio</span> <span class='ocrx_word' id='word_1_105' title='bbox 1037 1636 1103 1673; x_wconf 89' lang='lat' dir='ltr'>per</span> 
     </span>
     <span class='ocr_line' id='line_1_25' title="bbox 439 1679 1102 1725; baseline 0.002 -9"><span class='ocrx_word' id='word_1_106' title='bbox 439 1680 550 1717; x_wconf 91' lang='lat' dir='ltr'>hosce</span> <span class='ocrx_word' id='word_1_107' title='bbox 572 1684 708 1717; x_wconf 85' lang='lat' dir='ltr'>tractus</span> <span class='ocrx_word' id='word_1_108' title='bbox 739 1681 835 1717; x_wconf 89' lang='lat' dir='ltr'>conf.</span> <span class='ocrx_word' id='word_1_109' title='bbox 861 1685 955 1717; x_wconf 86' lang='lat' dir='ltr'>nott.</span> <span class='ocrx_word' id='word_1_110' title='bbox 974 1680 1022 1717; x_wconf 83' lang='lat' dir='ltr'>ad</span> <span class='ocrx_word' id='word_1_111' title='bbox 1040 1679 1102 1725; x_wconf 87' lang='lat' dir='ltr'>lV,</span> 
     </span>
     <span class='ocr_line' id='line_1_26' title="bbox 444 1735 1102 1786; baseline -0.003 -11"><span class='ocrx_word' id='word_1_112' title='bbox 444 1735 545 1782; x_wconf 76' lang='lat'>1553</span> <span class='ocrx_word' id='word_1_113' title='bbox 592 1736 640 1772; x_wconf 90' lang='lat' dir='ltr'>de</span> <span class='ocrx_word' id='word_1_114' title='bbox 654 1736 825 1786; x_wconf 77' lang='lat' dir='ltr'>palmulis</span> <span class='ocrx_word' id='word_1_115' title='bbox 842 1737 914 1773; x_wconf 89' lang='lat' dir='ltr'>vid.</span> <span class='ocrx_word' id='word_1_116' title='bbox 936 1740 1032 1773; x_wconf 83' lang='lat' dir='ltr'>nott.</span> <span class='ocrx_word' id='word_1_117' title='bbox 1053 1737 1102 1773; x_wconf 87' lang='lat' dir='ltr'>ad</span> 
     </span>
     <span class='ocr_line' id='line_1_27' title="bbox 441 1788 1104 1844; baseline 0.005 -16"><span class='ocrx_word' id='word_1_118' title='bbox 441 1792 478 1838; x_wconf 97' lang='grc' dir='ltr'>Ι,</span> <span class='ocrx_word' id='word_1_119' title='bbox 509 1793 587 1833; x_wconf 87' lang='grc'>193</span> <span class='ocrx_word' id='word_1_120' title='bbox 610 1796 649 1829; x_wconf 90' lang='lat' dir='ltr'>et</span> <span class='ocrx_word' id='word_1_121' title='bbox 669 1793 717 1830; x_wconf 90' lang='lat' dir='ltr'>de</span> <span class='ocrx_word' id='word_1_122' title='bbox 745 1806 835 1830; x_wconf 91' lang='lat' dir='ltr'>voce</span> <span class='ocrx_word' id='word_1_123' title='bbox 863 1788 1104 1844; x_wconf 75' lang='grc' dir='ltr'><em>ἅμφιλαφής</em></span> 
     </span>
     <span class='ocr_line' id='line_1_28' title="bbox 441 1848 806 1895; baseline 0.003 -10"><span class='ocrx_word' id='word_1_124' title='bbox 441 1852 535 1885; x_wconf 86' lang='lat' dir='ltr'>nott.</span> <span class='ocrx_word' id='word_1_125' title='bbox 559 1848 607 1884; x_wconf 81' lang='lat' dir='ltr'>ad</span> <span class='ocrx_word' id='word_1_126' title='bbox 626 1849 688 1895; x_wconf 84' lang='lat' dir='ltr'>lll,</span> <span class='ocrx_word' id='word_1_127' title='bbox 715 1848 806 1890; x_wconf 82' lang='lat'>114.</span> 
     </span>
    </p>

    <p class='ocr_par' dir='ltr' id='par_1_12' title="bbox 442 1899 1106 2461">
     <span class='ocr_line' id='line_1_29' title="bbox 502 1899 1104 1955; baseline 0.005 -14"><span class='ocrx_word' id='word_1_128' title='bbox 502 1899 748 1955; x_wconf 71' lang='grc' dir='ltr'><em>ἀττελέβους]</em></span> <span class='ocrx_word' id='word_1_129' title='bbox 780 1906 875 1943; x_wconf 87' lang='lat' dir='ltr'>Tres</span> <span class='ocrx_word' id='word_1_130' title='bbox 897 1905 977 1942; x_wconf 86' lang='lat' dir='ltr'>libri</span> <span class='ocrx_word' id='word_1_131' title='bbox 997 1900 1104 1944; x_wconf 76' lang='grc' dir='ltr'><em>ἄττε-</em></span> 
     </span>
     <span class='ocr_line' id='line_1_30' title="bbox 444 1955 1104 2010; baseline 0 -12"><span class='ocrx_word' id='word_1_132' title='bbox 444 1955 594 2010; x_wconf 79' lang='grc' dir='ltr'><em>λάβους</em></span> <span class='ocrx_word' id='word_1_133' title='bbox 641 1962 801 2010; x_wconf 80' lang='lat' dir='ltr'>itemque</span> <span class='ocrx_word' id='word_1_134' title='bbox 846 1961 1015 1999; x_wconf 79' lang='lat' dir='ltr'>Eustatli.</span> <span class='ocrx_word' id='word_1_135' title='bbox 1055 1962 1104 1999; x_wconf 89' lang='lat' dir='ltr'>ad</span> 
     </span>
     <span class='ocr_line' id='line_1_31' title="bbox 442 2016 1103 2067; baseline 0.002 -14"><span class='ocrx_word' id='word_1_136' title='bbox 442 2016 596 2066; x_wconf 83' lang='lat' dir='ltr'>Dionys.</span> <span class='ocrx_word' id='word_1_137' title='bbox 626 2018 771 2066; x_wconf 76' lang='lat' dir='ltr'>Pei-ieg.</span> <span class='ocrx_word' id='word_1_138' title='bbox 801 2021 904 2064; x_wconf 81' lang='lat'>210,</span> <span class='ocrx_word' id='word_1_139' title='bbox 945 2018 1006 2067; x_wconf 90' lang='lat' dir='ltr'>qui</span> <span class='ocrx_word' id='word_1_140' title='bbox 1035 2019 1103 2055; x_wconf 85' lang='lat' dir='ltr'>ad-</span> 
     </span>
     <span class='ocr_line' id='line_1_32' title="bbox 444 2069 1104 2125; baseline 0.008 -17"><span class='ocrx_word' id='word_1_141' title='bbox 444 2073 520 2110; x_wconf 87' lang='lat' dir='ltr'>dit:</span> <span class='ocrx_word' id='word_1_142' title='bbox 563 2069 667 2120; x_wconf 79' lang='grc' dir='ltr'><em>εἶὸος</em></span> <span class='ocrx_word' id='word_1_143' title='bbox 697 2071 740 2112; x_wconf 82' lang='grc' dir='ltr'>δὲ</span> <span class='ocrx_word' id='word_1_144' title='bbox 770 2069 931 2125; x_wconf 81' lang='grc' dir='ltr'><em>α’κρίδος</em></span> <span class='ocrx_word' id='word_1_145' title='bbox 956 2073 979 2113; x_wconf 83' lang='grc' dir='ltr'>ό</span> <span class='ocrx_word' id='word_1_146' title='bbox 999 2070 1104 2113; x_wconf 81' lang='grc' dir='ltr'><em>α’ττὲ·</em></span> 
     </span>
     <span class='ocr_line' id='line_1_33' title="bbox 443 2129 1105 2181; baseline 0 -14"><span class='ocrx_word' id='word_1_147' title='bbox 443 2129 576 2180; x_wconf 84' lang='grc' dir='ltr'><em>λαβος.</em></span> <span class='ocrx_word' id='word_1_148' title='bbox 613 2129 794 2168; x_wconf 86' lang='lat' dir='ltr'>Locustas</span> <span class='ocrx_word' id='word_1_149' title='bbox 816 2132 994 2180; x_wconf 81' lang='lat' dir='ltr'>quasdam</span> <span class='ocrx_word' id='word_1_150' title='bbox 1014 2144 1105 2181; x_wconf 86' lang='lat' dir='ltr'>pen-</span> 
     </span>
     <span class='ocr_line' id='line_1_34' title="bbox 444 2188 1106 2236; baseline 0.003 -14"><span class='ocrx_word' id='word_1_151' title='bbox 444 2198 572 2222; x_wconf 91' lang='lat' dir='ltr'>narum</span> <span class='ocrx_word' id='word_1_152' title='bbox 593 2192 761 2236; x_wconf 80' lang='lat' dir='ltr'>expertes</span> <span class='ocrx_word' id='word_1_153' title='bbox 774 2188 826 2224; x_wconf 83' lang='lat' dir='ltr'>ita</span> <span class='ocrx_word' id='word_1_154' title='bbox 842 2188 961 2224; x_wconf 90' lang='lat' dir='ltr'>vocari</span> <span class='ocrx_word' id='word_1_155' title='bbox 979 2192 1106 2224; x_wconf 83' lang='lat' dir='ltr'>auctor</span> 
     </span>
     <span class='ocr_line' id='line_1_35' title="bbox 444 2242 1104 2292; baseline 0.002 -13"><span class='ocrx_word' id='word_1_156' title='bbox 444 2247 502 2279; x_wconf 85' lang='lat' dir='ltr'>est</span> <span class='ocrx_word' id='word_1_157' title='bbox 520 2242 657 2279; x_wconf 88' lang='lat' dir='ltr'>Plinius</span> <span class='ocrx_word' id='word_1_158' title='bbox 674 2244 722 2280; x_wconf 90' lang='lat' dir='ltr'>H.</span> <span class='ocrx_word' id='word_1_159' title='bbox 743 2243 790 2280; x_wconf 89' lang='lat' dir='ltr'>N.</span> <span class='ocrx_word' id='word_1_160' title='bbox 811 2244 934 2280; x_wconf 83' lang='lat' dir='ltr'>XXIX</span> <span class='ocrx_word' id='word_1_161' title='bbox 951 2244 1029 2292; x_wconf 83' lang='lat'>(4),</span> <span class='ocrx_word' id='word_1_162' title='bbox 1050 2246 1104 2285; x_wconf 83' lang='lat'>29</span> 
     </span>
     <span class='ocr_line' id='line_1_36' title="bbox 446 2296 1106 2348; baseline 0.005 -14"><span class='ocrx_word' id='word_1_163' title='bbox 446 2296 483 2348; x_wconf 74' lang='lat'>§-</span> <span class='ocrx_word' id='word_1_164' title='bbox 517 2300 579 2338; x_wconf 85' lang='lat'>13.</span> <span class='ocrx_word' id='word_1_165' title='bbox 631 2299 784 2336; x_wconf 88' lang='lat' dir='ltr'>Arriano</span> <span class='ocrx_word' id='word_1_166' title='bbox 819 2299 896 2337; x_wconf 90' lang='lat' dir='ltr'>lnd.</span> <span class='ocrx_word' id='word_1_167' title='bbox 931 2302 983 2342; x_wconf 80' lang='lat'>29</span> <span class='ocrx_word' id='word_1_168' title='bbox 1016 2301 1106 2338; x_wconf 86' lang='lat' dir='ltr'>haec</span> 
     </span>
     <span class='ocr_line' id='line_1_37' title="bbox 445 2354 1105 2395; baseline 0.006 -5"><span class='ocrx_word' id='word_1_169' title='bbox 445 2354 629 2391; x_wconf 87' lang='lat' dir='ltr'>Herodoti</span> <span class='ocrx_word' id='word_1_170' title='bbox 659 2356 771 2393; x_wconf 77' lang='lat' dir='ltr'>verba</span> <span class='ocrx_word' id='word_1_171' title='bbox 802 2357 996 2394; x_wconf 81' lang='lat' dir='ltr'>obversata</span> <span class='ocrx_word' id='word_1_172' title='bbox 1022 2370 1105 2395; x_wconf 85' lang='lat' dir='ltr'>esse</span> 
     </span>
     <span class='ocr_line' id='line_1_38' title="bbox 444 2410 856 2461; baseline 0.002 -15"><span class='ocrx_word' id='word_1_173' title='bbox 444 2410 616 2447; x_wconf 83' lang='lat' dir='ltr'>observat</span> <span class='ocrx_word' id='word_1_174' title='bbox 640 2412 856 2461; x_wconf 70' lang='lat' dir='ltr'>wesseling.</span> 
     </span>
    </p>

    <p class='ocr_par' dir='ltr' id='par_1_13' title="bbox 445 2467 1106 2908">
     <span class='ocr_line' id='line_1_39' title="bbox 501 2467 1104 2519; baseline 0.003 -16"><span class='ocrx_word' id='word_1_175' title='bbox 501 2470 695 2517; x_wconf 83' lang='grc' dir='ltr'><em>γυναῖκας</em></span> <span class='ocrx_word' id='word_1_176' title='bbox 731 2467 774 2506; x_wconf 76' lang='grc' dir='ltr'>δὲ</span> <span class='ocrx_word' id='word_1_177' title='bbox 812 2468 1038 2519; x_wconf 81' lang='grc' dir='ltr'><em>νομίζοντες</em></span> <span class='ocrx_word' id='word_1_178' title='bbox 1069 2484 1104 2507; x_wconf 88' lang='grc' dir='ltr'>κ.</span> 
     </span>
     <span class='ocr_line' id='line_1_40' title="bbox 446 2521 1105 2572; baseline 0.006 -14"><span class='ocrx_word' id='word_1_179' title='bbox 446 2534 477 2558; x_wconf 89' lang='grc' dir='ltr'>τ.</span> <span class='ocrx_word' id='word_1_180' title='bbox 498 2521 547 2572; x_wconf 85' lang='grc' dir='ltr'>λ.]</span> <span class='ocrx_word' id='word_1_181' title='bbox 589 2523 700 2560; x_wconf 87' lang='lat' dir='ltr'>Haud</span> <span class='ocrx_word' id='word_1_182' title='bbox 720 2526 794 2561; x_wconf 87' lang='lat' dir='ltr'>scio</span> <span class='ocrx_word' id='word_1_183' title='bbox 817 2539 863 2561; x_wconf 85' lang='lat' dir='ltr'>an</span> <span class='ocrx_word' id='word_1_184' title='bbox 881 2525 949 2562; x_wconf 92' lang='lat' dir='ltr'>huc</span> <span class='ocrx_word' id='word_1_185' title='bbox 970 2526 1105 2562; x_wconf 76' lang='lat' dir='ltr'>faciant</span> 
     </span>
     <span class='ocr_line' id='line_1_41' title="bbox 446 2576 1106 2631; baseline 0.009 -18"><span class='ocrx_word' id='word_1_186' title='bbox 446 2576 567 2615; x_wconf 84' lang='lat' dir='ltr'>Melae</span> <span class='ocrx_word' id='word_1_187' title='bbox 589 2580 700 2616; x_wconf 77' lang='lat' dir='ltr'>verba</span> <span class='ocrx_word' id='word_1_188' title='bbox 721 2580 757 2626; x_wconf 88' lang='lat'>1,</span> <span class='ocrx_word' id='word_1_189' title='bbox 779 2584 817 2627; x_wconf 88' lang='grc'>8,</span> <span class='ocrx_word' id='word_1_190' title='bbox 838 2584 891 2621; x_wconf 70' lang='grc'>38</span> <span class='ocrx_word' id='word_1_191' title='bbox 919 2583 966 2619; x_wconf 88' lang='lat' dir='ltr'>de</span> <span class='ocrx_word' id='word_1_192' title='bbox 989 2582 1106 2631; x_wconf 90' lang='lat' dir='ltr'>Cyre-</span> 
     </span>
     <span class='ocr_line' id='line_1_42' title="bbox 445 2635 1104 2685; baseline 0.008 -16"><span class='ocrx_word' id='word_1_193' title='bbox 445 2635 573 2672; x_wconf 82' lang='lat' dir='ltr'>naicae</span> <span class='ocrx_word' id='word_1_194' title='bbox 607 2635 859 2673; x_wconf 88' lang='lat' dir='ltr'>Nomadibus:</span> <span class='ocrx_word' id='word_1_195' title='bbox 916 2638 1104 2685; x_wconf 82' lang='lat' dir='ltr'>„singulis</span> 
     </span>
     <span class='ocr_line' id='line_1_43' title="bbox 445 2690 1105 2743; baseline 0.008 -17"><span class='ocrx_word' id='word_1_196' title='bbox 445 2690 587 2739; x_wconf 87' lang='lat' dir='ltr'>aliquot</span> <span class='ocrx_word' id='word_1_197' title='bbox 609 2692 714 2729; x_wconf 89' lang='lat' dir='ltr'>simul</span> <span class='ocrx_word' id='word_1_198' title='bbox 735 2693 910 2741; x_wconf 82' lang='lat' dir='ltr'>coniuges</span> <span class='ocrx_word' id='word_1_199' title='bbox 930 2700 965 2731; x_wconf 90' lang='lat' dir='ltr'>et</span> <span class='ocrx_word' id='word_1_200' title='bbox 982 2696 1105 2743; x_wconf 88' lang='lat' dir='ltr'>plures</span> 
     </span>
     <span class='ocr_line' id='line_1_44' title="bbox 447 2746 1105 2798; baseline 0.006 -16"><span class='ocrx_word' id='word_1_201' title='bbox 447 2746 493 2783; x_wconf 94' lang='lat' dir='ltr'>ob</span> <span class='ocrx_word' id='word_1_202' title='bbox 513 2747 549 2783; x_wconf 92' lang='lat' dir='ltr'>id</span> <span class='ocrx_word' id='word_1_203' title='bbox 566 2747 669 2785; x_wconf 86' lang='lat' dir='ltr'>liberi</span> <span class='ocrx_word' id='word_1_204' title='bbox 682 2750 880 2798; x_wconf 83' lang='lat' dir='ltr'>agnatique</span> <span class='ocrx_word' id='word_1_205' title='bbox 899 2755 997 2797; x_wconf 84' lang='lat' dir='ltr'>suut,</span> <span class='ocrx_word' id='word_1_206' title='bbox 1019 2763 1105 2786; x_wconf 90' lang='lat' dir='ltr'>nus-</span> 
     </span>
     <span class='ocr_line' id='line_1_45' title="bbox 445 2805 1101 2853; baseline 0.011 -15"><span class='ocrx_word' id='word_1_207' title='bbox 445 2814 554 2851; x_wconf 84' lang='lat' dir='ltr'>quam</span> <span class='ocrx_word' id='word_1_208' title='bbox 578 2806 725 2853; x_wconf 88' lang='lat' dir='ltr'>pauci.“</span> <span class='ocrx_word' id='word_1_209' title='bbox 771 2805 829 2841; x_wconf 90' lang='lat' dir='ltr'>Ad</span> <span class='ocrx_word' id='word_1_210' title='bbox 857 2806 1007 2843; x_wconf 81' lang='lat' dir='ltr'>verbum</span> <span class='ocrx_word' id='word_1_211' title='bbox 1040 2821 1101 2845; x_wconf 86' lang='grc' dir='ltr'><em>νο-</em></span> 
     </span>
     <span class='ocr_line' id='line_1_46' title="bbox 445 2859 1016 2908; baseline 0.002 -11"><span class='ocrx_word' id='word_1_212' title='bbox 445 2859 622 2908; x_wconf 81' lang='grc' dir='ltr'><em>μίζοντες</em></span> <span class='ocrx_word' id='word_1_213' title='bbox 640 2863 733 2898; x_wconf 91' lang='lat' dir='ltr'>conf.</span> <span class='ocrx_word' id='word_1_214' title='bbox 750 2861 779 2907; x_wconf 90' lang='grc' dir='ltr'>Ι,</span> <span class='ocrx_word' id='word_1_215' title='bbox 810 2863 899 2903; x_wconf 86' lang='grc'><strong>130.</strong></span> <span class='ocrx_word' id='word_1_216' title='bbox 922 2864 1016 2902; x_wconf 90' lang='lat'>202.</span> 
     </span>
    </p>

    <p class='ocr_par' dir='ltr' id='par_1_14' title="bbox 501 2912 1102 2968">
     <span class='ocr_line' id='line_1_47' title="bbox 501 2912 1102 2968; baseline 0.003 -14"><span class='ocrx_word' id='word_1_217' title='bbox 501 2913 706 2956; x_wconf 75' lang='grc' dir='ltr'><em>ἐπίκοινον</em></span> <span class='ocrx_word' id='word_1_218' title='bbox 730 2912 882 2956; x_wconf 70' lang='grc' dir='ltr'><em>αὐτέων</em></span> <span class='ocrx_word' id='word_1_219' title='bbox 902 2915 976 2968; x_wconf 70' lang='grc' dir='ltr'><em>τήν</em></span> <span class='ocrx_word' id='word_1_220' title='bbox 994 2918 1102 2968; x_wconf 79' lang='grc' dir='ltr'><em>μίξιν</em></span> 
     </span>
    </p>
   </div>
   <div class='ocr_carea' id='block_1_12' title="bbox 1156 1005 1819 2970">
    <p class='ocr_par' dir='ltr' id='par_1_15' title="bbox 1156 1005 1819 2970">
     <span class='ocr_line' id='line_1_48' title="bbox 1157 1005 1816 1055; baseline -0.006 -12"><span class='ocrx_word' id='word_1_221' title='bbox 1157 1005 1381 1055; x_wconf 78' lang='grc' dir='ltr'><em>ποιεῦνται]</em></span> <span class='ocrx_word' id='word_1_222' title='bbox 1423 1005 1446 1041; x_wconf 85' lang='lat' dir='ltr'>i.</span> <span class='ocrx_word' id='word_1_223' title='bbox 1471 1018 1502 1042; x_wconf 92' lang='lat' dir='ltr'>e.</span> <span class='ocrx_word' id='word_1_224' title='bbox 1524 1005 1717 1055; x_wconf 76' lang='lat' dir='ltr'>promiscue</span> <span class='ocrx_word' id='word_1_225' title='bbox 1739 1014 1816 1040; x_wconf 86' lang='lat' dir='ltr'>cum</span> 
     </span>
     <span class='ocr_line' id='line_1_49' title="bbox 1158 1059 1816 1110; baseline -0.003 -13"><span class='ocrx_word' id='word_1_226' title='bbox 1158 1062 1367 1110; x_wconf 76' lang='lat' dir='ltr'>quibuslibet</span> <span class='ocrx_word' id='word_1_227' title='bbox 1397 1066 1528 1100; x_wconf 79' lang='lat' dir='ltr'>coeunt.</span> <span class='ocrx_word' id='word_1_228' title='bbox 1589 1062 1731 1098; x_wconf 89' lang='lat' dir='ltr'>Eadem</span> <span class='ocrx_word' id='word_1_229' title='bbox 1770 1059 1816 1096; x_wconf 90' lang='lat' dir='ltr'>de</span> 
     </span>
     <span class='ocr_line' id='line_1_50' title="bbox 1157 1114 1816 1166; baseline 0 -12"><span class='ocrx_word' id='word_1_230' title='bbox 1157 1118 1372 1166; x_wconf 76' lang='lat' dir='ltr'>Agathyrsis</span> <span class='ocrx_word' id='word_1_231' title='bbox 1402 1119 1596 1155; x_wconf 88' lang='lat' dir='ltr'>traduntur</span> <span class='ocrx_word' id='word_1_232' title='bbox 1625 1116 1695 1163; x_wconf 91' lang='lat' dir='ltr'>lV,</span> <span class='ocrx_word' id='word_1_233' title='bbox 1723 1114 1816 1162; x_wconf 82' lang='lat'><strong>104,</strong></span> 
     </span>
     <span class='ocr_line' id='line_1_51' title="bbox 1158 1171 1816 1220; baseline -0.003 -11"><span class='ocrx_word' id='word_1_234' title='bbox 1158 1174 1205 1210; x_wconf 88' lang='lat' dir='ltr'>de</span> <span class='ocrx_word' id='word_1_235' title='bbox 1227 1174 1451 1211; x_wconf 87' lang='lat' dir='ltr'>Ausensibus</span> <span class='ocrx_word' id='word_1_236' title='bbox 1470 1174 1531 1220; x_wconf 93' lang='lat' dir='ltr'>lV,</span> <span class='ocrx_word' id='word_1_237' title='bbox 1555 1175 1634 1213; x_wconf 88' lang='grc'>180</span> <span class='ocrx_word' id='word_1_238' title='bbox 1654 1173 1732 1210; x_wconf 93' lang='lat' dir='ltr'>coll.</span> <span class='ocrx_word' id='word_1_239' title='bbox 1754 1171 1816 1219; x_wconf 89' lang='lat' dir='ltr'>lv,</span> 
     </span>
     <span class='ocr_line' id='line_1_52' title="bbox 1160 1228 1816 1274; baseline -0.011 -4"><span class='ocrx_word' id='word_1_240' title='bbox 1160 1231 1252 1270; x_wconf 88' lang='grc'><strong>176.</strong></span> <span class='ocrx_word' id='word_1_241' title='bbox 1284 1230 1408 1274; x_wconf 86' lang='lat' dir='ltr'>Quare</span> <span class='ocrx_word' id='word_1_242' title='bbox 1428 1230 1589 1266; x_wconf 92' lang='lat' dir='ltr'>hocloco</span> <span class='ocrx_word' id='word_1_243' title='bbox 1609 1229 1682 1265; x_wconf 86' lang='lat' dir='ltr'>ista</span> <span class='ocrx_word' id='word_1_244' title='bbox 1700 1228 1816 1266; x_wconf 82' lang='lat' dir='ltr'>verba</span> 
     </span>
     <span class='ocr_line' id='line_1_53' title="bbox 1158 1285 1816 1335; baseline -0.002 -14"><span class='ocrx_word' id='word_1_245' title='bbox 1158 1285 1275 1322; x_wconf 88' lang='lat' dir='ltr'>aliena</span> <span class='ocrx_word' id='word_1_246' title='bbox 1319 1286 1484 1335; x_wconf 85' lang='lat' dir='ltr'>maleque</span> <span class='ocrx_word' id='word_1_247' title='bbox 1527 1285 1642 1333; x_wconf 47' lang='lat' dir='ltr'>tertui</span> <span class='ocrx_word' id='word_1_248' title='bbox 1675 1285 1816 1321; x_wconf 83' lang='lat' dir='ltr'>intrusa</span> 
     </span>
     <span class='ocr_line' id='line_1_54' title="bbox 1159 1342 1816 1391; baseline -0.003 -13"><span class='ocrx_word' id='word_1_249' title='bbox 1159 1342 1286 1378; x_wconf 88' lang='lat' dir='ltr'>statuit</span> <span class='ocrx_word' id='word_1_250' title='bbox 1310 1342 1506 1388; x_wconf 89' lang='lat' dir='ltr'>Valcken.‚</span> <span class='ocrx_word' id='word_1_251' title='bbox 1533 1354 1641 1391; x_wconf 92' lang='lat' dir='ltr'>quem</span> <span class='ocrx_word' id='word_1_252' title='bbox 1670 1346 1816 1378; x_wconf 88' lang='lat' dir='ltr'>secutus</span> 
     </span>
     <span class='ocr_line' id='line_1_55' title="bbox 1156 1396 1816 1443; baseline -0.003 -8"><span class='ocrx_word' id='word_1_253' title='bbox 1156 1398 1380 1436; x_wconf 83' lang='lat' dir='ltr'>Borheckius</span> <span class='ocrx_word' id='word_1_254' title='bbox 1413 1411 1434 1436; x_wconf 82' lang='lat' dir='ltr'>e</span> <span class='ocrx_word' id='word_1_255' title='bbox 1461 1402 1563 1436; x_wconf 89' lang='lat' dir='ltr'>textu</span> <span class='ocrx_word' id='word_1_256' title='bbox 1599 1398 1707 1435; x_wconf 89' lang='lat' dir='ltr'>eiecit</span> <span class='ocrx_word' id='word_1_257' title='bbox 1742 1396 1816 1443; x_wconf 90' lang='lat' dir='ltr'>illa,</span> 
     </span>
     <span class='ocr_line' id='line_1_56' title="bbox 1158 1453 1817 1505; baseline -0.002 -14"><span class='ocrx_word' id='word_1_258' title='bbox 1158 1455 1256 1491; x_wconf 90' lang='lat' dir='ltr'>uncis</span> <span class='ocrx_word' id='word_1_259' title='bbox 1276 1455 1433 1502; x_wconf 84' lang='lat' dir='ltr'>inclusit,</span> <span class='ocrx_word' id='word_1_260' title='bbox 1454 1459 1496 1492; x_wconf 90' lang='lat' dir='ltr'>ut</span> <span class='ocrx_word' id='word_1_261' title='bbox 1513 1458 1698 1505; x_wconf 86' lang='lat' dir='ltr'>suspecta,</span> <span class='ocrx_word' id='word_1_262' title='bbox 1728 1453 1817 1490; x_wconf 82' lang='lat' dir='ltr'>Rei-</span> 
     </span>
     <span class='ocr_line' id='line_1_57' title="bbox 1158 1510 1816 1560; baseline -0.003 -13"><span class='ocrx_word' id='word_1_263' title='bbox 1158 1512 1247 1548; x_wconf 90' lang='lat' dir='ltr'>zius.</span> <span class='ocrx_word' id='word_1_264' title='bbox 1278 1511 1327 1548; x_wconf 82' lang='lat' dir='ltr'>At</span> <span class='ocrx_word' id='word_1_265' title='bbox 1341 1515 1546 1560; x_wconf 73' lang='lat' dir='ltr'>agnoscunt</span> <span class='ocrx_word' id='word_1_266' title='bbox 1567 1523 1694 1548; x_wconf 78' lang='lat' dir='ltr'>omnes</span> <span class='ocrx_word' id='word_1_267' title='bbox 1707 1510 1816 1546; x_wconf 87' lang='lat' dir='ltr'>codd.</span> 
     </span>
     <span class='ocr_line' id='line_1_58' title="bbox 1159 1565 1816 1616; baseline -0.003 -12"><span class='ocrx_word' id='word_1_268' title='bbox 1159 1569 1320 1616; x_wconf 88' lang='lat' dir='ltr'>itemque</span> <span class='ocrx_word' id='word_1_269' title='bbox 1338 1568 1505 1605; x_wconf 84' lang='lat' dir='ltr'>Eustath.</span> <span class='ocrx_word' id='word_1_270' title='bbox 1527 1568 1575 1604; x_wconf 86' lang='lat' dir='ltr'>ad</span> <span class='ocrx_word' id='word_1_271' title='bbox 1589 1567 1744 1616; x_wconf 77' lang='lat' dir='ltr'>Dionys.</span> <span class='ocrx_word' id='word_1_272' title='bbox 1756 1565 1778 1603; x_wconf 93' lang='lat' dir='ltr'>l.</span> <span class='ocrx_word' id='word_1_273' title='bbox 1793 1565 1816 1602; x_wconf 89' lang='lat' dir='ltr'>l.</span> 
     </span>
     <span class='ocr_line' id='line_1_59' title="bbox 1160 1623 1817 1670; baseline -0.005 -9"><span class='ocrx_word' id='word_1_274' title='bbox 1160 1629 1196 1661; x_wconf 91' lang='lat' dir='ltr'>et</span> <span class='ocrx_word' id='word_1_275' title='bbox 1223 1623 1324 1660; x_wconf 88' lang='lat' dir='ltr'>Mela</span> <span class='ocrx_word' id='word_1_276' title='bbox 1356 1624 1394 1670; x_wconf 88' lang='grc' dir='ltr'>Ι,</span> <span class='ocrx_word' id='word_1_277' title='bbox 1423 1626 1469 1668; x_wconf 85' lang='grc'>8,</span> <span class='ocrx_word' id='word_1_278' title='bbox 1495 1623 1569 1669; x_wconf 87' lang='grc'>55,</span> <span class='ocrx_word' id='word_1_279' title='bbox 1602 1623 1817 1660; x_wconf 84' lang='lat' dir='ltr'>Herodotea</span> 
     </span>
     <span class='ocr_line' id='line_1_60' title="bbox 1159 1679 1815 1725; baseline -0.005 -8"><span class='ocrx_word' id='word_1_280' title='bbox 1159 1685 1245 1717; x_wconf 85' lang='lat' dir='ltr'>ante</span> <span class='ocrx_word' id='word_1_281' title='bbox 1267 1681 1390 1716; x_wconf 93' lang='lat' dir='ltr'>oculos</span> <span class='ocrx_word' id='word_1_282' title='bbox 1409 1680 1568 1725; x_wconf 87' lang='lat' dir='ltr'>habens,</span> <span class='ocrx_word' id='word_1_283' title='bbox 1591 1679 1651 1716; x_wconf 80' lang='lat' dir='ltr'>ubi</span> <span class='ocrx_word' id='word_1_284' title='bbox 1671 1679 1815 1715; x_wconf 88' lang='lat' dir='ltr'>scribit:</span> 
     </span>
     <span class='ocr_line' id='line_1_61' title="bbox 1159 1734 1817 1784; baseline -0.005 -11"><span class='ocrx_word' id='word_1_285' title='bbox 1159 1735 1286 1784; x_wconf 85' lang='lat' dir='ltr'>„Nulli</span> <span class='ocrx_word' id='word_1_286' title='bbox 1317 1740 1416 1773; x_wconf 77' lang='lat' dir='ltr'>certa</span> <span class='ocrx_word' id='word_1_287' title='bbox 1447 1748 1536 1772; x_wconf 81' lang='lat' dir='ltr'>uxor</span> <span class='ocrx_word' id='word_1_288' title='bbox 1565 1740 1640 1782; x_wconf 88' lang='lat' dir='ltr'>est,</span> <span class='ocrx_word' id='word_1_289' title='bbox 1678 1747 1722 1772; x_wconf 81' lang='lat' dir='ltr'>ex</span> <span class='ocrx_word' id='word_1_290' title='bbox 1748 1734 1817 1780; x_wconf 87' lang='lat' dir='ltr'>his,</span> 
     </span>
     <span class='ocr_line' id='line_1_62' title="bbox 1159 1791 1818 1842; baseline -0.003 -13"><span class='ocrx_word' id='word_1_291' title='bbox 1159 1792 1221 1842; x_wconf 91' lang='lat' dir='ltr'>qui</span> <span class='ocrx_word' id='word_1_292' title='bbox 1239 1797 1313 1829; x_wconf 86' lang='lat' dir='ltr'>tam</span> <span class='ocrx_word' id='word_1_293' title='bbox 1333 1792 1482 1829; x_wconf 88' lang='lat' dir='ltr'>confuso</span> <span class='ocrx_word' id='word_1_294' title='bbox 1505 1795 1696 1842; x_wconf 87' lang='lat' dir='ltr'>parentum</span> <span class='ocrx_word' id='word_1_295' title='bbox 1720 1791 1818 1828; x_wconf 86' lang='lat' dir='ltr'>coitu</span> 
     </span>
     <span class='ocr_line' id='line_1_63' title="bbox 1159 1848 1819 1900; baseline -0.003 -15"><span class='ocrx_word' id='word_1_296' title='bbox 1159 1848 1295 1900; x_wconf 85' lang='lat' dir='ltr'>passim</span> <span class='ocrx_word' id='word_1_297' title='bbox 1349 1849 1552 1897; x_wconf 84' lang='lat' dir='ltr'>incertique</span> <span class='ocrx_word' id='word_1_298' title='bbox 1606 1851 1819 1892; x_wconf 87' lang='lat' dir='ltr'>nascuntur,</span> 
     </span>
     <span class='ocr_line' id='line_1_64' title="bbox 1161 1904 1819 1955; baseline -0.002 -14"><span class='ocrx_word' id='word_1_299' title='bbox 1161 1918 1254 1954; x_wconf 91' lang='lat' dir='ltr'>quos</span> <span class='ocrx_word' id='word_1_300' title='bbox 1286 1918 1353 1955; x_wconf 90' lang='lat' dir='ltr'>pro</span> <span class='ocrx_word' id='word_1_301' title='bbox 1384 1905 1457 1941; x_wconf 90' lang='lat' dir='ltr'>suis</span> <span class='ocrx_word' id='word_1_302' title='bbox 1489 1904 1634 1951; x_wconf 88' lang='lat' dir='ltr'>colant,</span> <span class='ocrx_word' id='word_1_303' title='bbox 1680 1904 1819 1940; x_wconf 88' lang='lat' dir='ltr'>formae</span> 
     </span>
     <span class='ocr_line' id='line_1_65' title="bbox 1162 1961 1819 2009; baseline -0.002 -12"><span class='ocrx_word' id='word_1_304' title='bbox 1162 1961 1395 1998; x_wconf 80' lang='lat' dir='ltr'>similitudine</span> <span class='ocrx_word' id='word_1_305' title='bbox 1447 1962 1706 2009; x_wconf 82' lang='lat' dir='ltr'>agnoscunt;“</span> <span class='ocrx_word' id='word_1_306' title='bbox 1781 1962 1819 1997; x_wconf 92' lang='lat' dir='ltr'>et</span> 
     </span>
     <span class='ocr_line' id='line_1_66' title="bbox 1160 2017 1819 2069; baseline -0.003 -15"><span class='ocrx_word' id='word_1_307' title='bbox 1160 2017 1268 2069; x_wconf 91' lang='lat' dir='ltr'>paulo</span> <span class='ocrx_word' id='word_1_308' title='bbox 1315 2021 1402 2068; x_wconf 89' lang='lat' dir='ltr'>post</span> <span class='ocrx_word' id='word_1_309' title='bbox 1440 2017 1595 2066; x_wconf 82' lang='lat' dir='ltr'>Augilae</span> <span class='ocrx_word' id='word_1_310' title='bbox 1632 2017 1819 2053; x_wconf 81' lang='lat' dir='ltr'>mentione</span> 
     </span>
     <span class='ocr_line' id='line_1_67' title="bbox 1161 2074 1819 2121; baseline -0.002 -10"><span class='ocrx_word' id='word_1_311' title='bbox 1161 2076 1275 2112; x_wconf 84' lang='lat' dir='ltr'>facta:</span> <span class='ocrx_word' id='word_1_312' title='bbox 1306 2074 1500 2121; x_wconf 76' lang='lat' dir='ltr'>„foeminis</span> <span class='ocrx_word' id='word_1_313' title='bbox 1521 2085 1644 2111; x_wconf 88' lang='lat' dir='ltr'>eorum</span> <span class='ocrx_word' id='word_1_314' title='bbox 1667 2074 1819 2110; x_wconf 86' lang='lat' dir='ltr'>solenne</span> 
     </span>
     <span class='ocr_line' id='line_1_68' title="bbox 1162 2130 1819 2179; baseline -0.006 -11"><span class='ocrx_word' id='word_1_315' title='bbox 1162 2134 1238 2177; x_wconf 86' lang='lat' dir='ltr'>est,</span> <span class='ocrx_word' id='word_1_316' title='bbox 1268 2135 1374 2168; x_wconf 89' lang='lat' dir='ltr'>nocte</span> <span class='ocrx_word' id='word_1_317' title='bbox 1394 2143 1465 2179; x_wconf 88' lang='lat' dir='ltr'>qua</span> <span class='ocrx_word' id='word_1_318' title='bbox 1484 2131 1639 2176; x_wconf 87' lang='lat' dir='ltr'>nubunt,</span> <span class='ocrx_word' id='word_1_319' title='bbox 1659 2130 1819 2165; x_wconf 89' lang='lat' dir='ltr'>omnium</span> 
     </span>
     <span class='ocr_line' id='line_1_69' title="bbox 1162 2187 1819 2237; baseline -0.003 -13"><span class='ocrx_word' id='word_1_320' title='bbox 1162 2191 1291 2237; x_wconf 91' lang='lat' dir='ltr'>stupro</span> <span class='ocrx_word' id='word_1_321' title='bbox 1313 2192 1451 2237; x_wconf 85' lang='lat' dir='ltr'>patere,</span> <span class='ocrx_word' id='word_1_322' title='bbox 1483 2187 1546 2236; x_wconf 91' lang='lat' dir='ltr'>qui</span> <span class='ocrx_word' id='word_1_323' title='bbox 1564 2199 1645 2223; x_wconf 91' lang='lat' dir='ltr'>cum</span> <span class='ocrx_word' id='word_1_324' title='bbox 1669 2196 1819 2223; x_wconf 87' lang='lat' dir='ltr'>munere</span> 
     </span>
     <span class='ocr_line' id='line_1_70' title="bbox 1162 2240 1817 2291; baseline -0.005 -12"><span class='ocrx_word' id='word_1_325' title='bbox 1162 2244 1397 2289; x_wconf 82' lang='lat' dir='ltr'>advenerint3</span> <span class='ocrx_word' id='word_1_326' title='bbox 1443 2247 1481 2280; x_wconf 88' lang='lat' dir='ltr'>et</span> <span class='ocrx_word' id='word_1_327' title='bbox 1507 2248 1581 2280; x_wconf 89' lang='lat' dir='ltr'>tum</span> <span class='ocrx_word' id='word_1_328' title='bbox 1606 2255 1687 2279; x_wconf 92' lang='lat' dir='ltr'>cum</span> <span class='ocrx_word' id='word_1_329' title='bbox 1708 2240 1817 2291; x_wconf 91' lang='lat' dir='ltr'>pluri-</span> 
     </span>
     <span class='ocr_line' id='line_1_71' title="bbox 1162 2296 1816 2337; baseline -0.005 -1"><span class='ocrx_word' id='word_1_330' title='bbox 1162 2300 1230 2336; x_wconf 91' lang='lat' dir='ltr'>bus</span> <span class='ocrx_word' id='word_1_331' title='bbox 1263 2300 1500 2337; x_wconf 88' lang='lat' dir='ltr'>concubuisse</span> <span class='ocrx_word' id='word_1_332' title='bbox 1531 2299 1721 2336; x_wconf 85' lang='lat' dir='ltr'>maximum</span> <span class='ocrx_word' id='word_1_333' title='bbox 1751 2296 1816 2334; x_wconf 88' lang='lat' dir='ltr'>de-</span> 
     </span>
     <span class='ocr_line' id='line_1_72' title="bbox 1163 2353 1818 2405; baseline -0.006 -13"><span class='ocrx_word' id='word_1_334' title='bbox 1163 2369 1246 2402; x_wconf 81' lang='lat' dir='ltr'>cus3</span> <span class='ocrx_word' id='word_1_335' title='bbox 1286 2357 1321 2392; x_wconf 94' lang='lat' dir='ltr'>in</span> <span class='ocrx_word' id='word_1_336' title='bbox 1343 2356 1518 2405; x_wconf 87' lang='lat' dir='ltr'>reliquum</span> <span class='ocrx_word' id='word_1_337' title='bbox 1537 2354 1710 2405; x_wconf 84' lang='lat' dir='ltr'>pudicitia</span> <span class='ocrx_word' id='word_1_338' title='bbox 1731 2353 1818 2389; x_wconf 89' lang='lat' dir='ltr'>insi-</span> 
     </span>
     <span class='ocr_line' id='line_1_73' title="bbox 1163 2409 1817 2461; baseline -0.006 -13"><span class='ocrx_word' id='word_1_339' title='bbox 1163 2414 1244 2461; x_wconf 84' lang='lat' dir='ltr'>gnis</span> <span class='ocrx_word' id='word_1_340' title='bbox 1267 2415 1361 2449; x_wconf 87' lang='lat' dir='ltr'>est.“</span> <span class='ocrx_word' id='word_1_341' title='bbox 1412 2411 1491 2450; x_wconf 92' lang='lat' dir='ltr'>Nec</span> <span class='ocrx_word' id='word_1_342' title='bbox 1507 2411 1621 2457; x_wconf 85' lang='lat' dir='ltr'>magis</span> <span class='ocrx_word' id='word_1_343' title='bbox 1639 2423 1750 2460; x_wconf 87' lang='lat' dir='ltr'>opus,</span> <span class='ocrx_word' id='word_1_344' title='bbox 1779 2409 1817 2445; x_wconf 84' lang='lat' dir='ltr'>in</span> 
     </span>
     <span class='ocr_line' id='line_1_74' title="bbox 1162 2466 1814 2515; baseline -0.006 -10"><span class='ocrx_word' id='word_1_345' title='bbox 1162 2470 1345 2506; x_wconf 82' lang='lat' dir='ltr'>Herodoti</span> <span class='ocrx_word' id='word_1_346' title='bbox 1363 2468 1478 2505; x_wconf 79' lang='lat' dir='ltr'>verbis</span> <span class='ocrx_word' id='word_1_347' title='bbox 1502 2480 1579 2503; x_wconf 90' lang='lat' dir='ltr'>cum</span> <span class='ocrx_word' id='word_1_348' title='bbox 1601 2466 1720 2502; x_wconf 72' lang='lat' dir='ltr'>Corae</span> <span class='ocrx_word' id='word_1_349' title='bbox 1747 2478 1814 2515; x_wconf 87' lang='lat' dir='ltr'>pro</span> 
     </span>
     <span class='ocr_line' id='line_1_75' title="bbox 1162 2521 1817 2567; baseline -0.008 -3"><span class='ocrx_word' id='word_1_350' title='bbox 1162 2524 1367 2564; x_wconf 81' lang='grc' dir='ltr'><em>ἐπίκοινον</em></span> <span class='ocrx_word' id='word_1_351' title='bbox 1396 2523 1553 2560; x_wconf 89' lang='lat' dir='ltr'>scribere</span> <span class='ocrx_word' id='word_1_352' title='bbox 1578 2521 1640 2561; x_wconf 81' lang='grc' dir='ltr'>ἐπὶ</span> <span class='ocrx_word' id='word_1_353' title='bbox 1662 2523 1817 2567; x_wconf 68' lang='grc' dir='ltr'><em>κοινοῦ,</em></span> 
     </span>
     <span class='ocr_line' id='line_1_76' title="bbox 1162 2577 1816 2630; baseline -0.003 -13"><span class='ocrx_word' id='word_1_354' title='bbox 1162 2582 1262 2630; x_wconf 89' lang='lat' dir='ltr'>quod</span> <span class='ocrx_word' id='word_1_355' title='bbox 1291 2582 1386 2618; x_wconf 87' lang='lat' dir='ltr'>idem</span> <span class='ocrx_word' id='word_1_356' title='bbox 1415 2579 1536 2616; x_wconf 83' lang='lat' dir='ltr'>valeat</span> <span class='ocrx_word' id='word_1_357' title='bbox 1563 2584 1675 2627; x_wconf 86' lang='lat' dir='ltr'>atque</span> <span class='ocrx_word' id='word_1_358' title='bbox 1693 2577 1816 2628; x_wconf 72' lang='grc' dir='ltr'><em>ἕμφα·</em></span> 
     </span>
     <span class='ocr_line' id='line_1_77' title="bbox 1162 2633 1818 2683; baseline -0.009 -8"><span class='ocrx_word' id='word_1_359' title='bbox 1162 2637 1298 2683; x_wconf 78' lang='grc' dir='ltr'>νῶςί,</span> <span class='ocrx_word' id='word_1_360' title='bbox 1330 2638 1422 2678; x_wconf 80' lang='grc'><strong>203.</strong></span> <span class='ocrx_word' id='word_1_361' title='bbox 1463 2636 1534 2682; x_wconf 85' lang='grc' dir='ltr'>ΙΙΙ,</span> <span class='ocrx_word' id='word_1_362' title='bbox 1567 2637 1656 2676; x_wconf 88' lang='grc'><strong>101.</strong></span> <span class='ocrx_word' id='word_1_363' title='bbox 1717 2633 1818 2671; x_wconf 88' lang='lat' dir='ltr'>Nihil</span> 
     </span>
     <span class='ocr_line' id='line_1_78' title="bbox 1160 2691 1816 2740; baseline -0.006 -10"><span class='ocrx_word' id='word_1_364' title='bbox 1160 2694 1255 2731; x_wconf 88' lang='lat' dir='ltr'>enim</span> <span class='ocrx_word' id='word_1_365' title='bbox 1275 2694 1419 2730; x_wconf 57' lang='lat' dir='ltr'>obstare</span> <span class='ocrx_word' id='word_1_366' title='bbox 1437 2693 1544 2729; x_wconf 67' lang='lat' dir='ltr'>video</span> <span class='ocrx_word' id='word_1_367' title='bbox 1561 2719 1571 2737; x_wconf 96' lang='lat'>‚</span> <span class='ocrx_word' id='word_1_368' title='bbox 1603 2704 1676 2740; x_wconf 91' lang='lat' dir='ltr'>quo</span> <span class='ocrx_word' id='word_1_369' title='bbox 1697 2691 1816 2728; x_wconf 88' lang='lat' dir='ltr'>minus</span> 
     </span>
     <span class='ocr_line' id='line_1_79' title="bbox 1159 2745 1816 2795; baseline -0.006 -8"><span class='ocrx_word' id='word_1_370' title='bbox 1159 2750 1272 2787; x_wconf 89' lang='lat' dir='ltr'>ternis</span> <span class='ocrx_word' id='word_1_371' title='bbox 1298 2749 1394 2786; x_wconf 78' lang='lat' dir='ltr'>hisce</span> <span class='ocrx_word' id='word_1_372' title='bbox 1419 2749 1506 2785; x_wconf 87' lang='lat' dir='ltr'>locis</span> <span class='ocrx_word' id='word_1_373' title='bbox 1531 2747 1732 2792; x_wconf 79' lang='grc' dir='ltr'><em>ἐπίκοινος</em></span> <span class='ocrx_word' id='word_1_374' title='bbox 1754 2745 1816 2795; x_wconf 88' lang='grc' dir='ltr'>μί-</span> 
     </span>
     <span class='ocr_line' id='line_1_80' title="bbox 1158 2804 1812 2855; baseline -0.008 -13"><span class='ocrx_word' id='word_1_375' title='bbox 1158 2808 1216 2852; x_wconf 84' lang='grc' dir='ltr'>ξις</span> <span class='ocrx_word' id='word_1_376' title='bbox 1233 2805 1431 2855; x_wconf 80' lang='lat' dir='ltr'>accipiatur</span> <span class='ocrx_word' id='word_1_377' title='bbox 1442 2806 1488 2842; x_wconf 93' lang='lat' dir='ltr'>de</span> <span class='ocrx_word' id='word_1_378' title='bbox 1501 2806 1694 2855; x_wconf 77' lang='lat' dir='ltr'>promiscuo</span> <span class='ocrx_word' id='word_1_379' title='bbox 1707 2804 1812 2847; x_wconf 63' lang='lat' dir='ltr'>coitu,</span> 
     </span>
     <span class='ocr_line' id='line_1_81' title="bbox 1157 2858 1814 2910; baseline -0.003 -13"><span class='ocrx_word' id='word_1_380' title='bbox 1157 2862 1462 2910; x_wconf 85' lang='lat' dir='ltr'>quemadmodum</span> <span class='ocrx_word' id='word_1_381' title='bbox 1486 2861 1512 2907; x_wconf 92' lang='lat' dir='ltr'>l,</span> <span class='ocrx_word' id='word_1_382' title='bbox 1538 2863 1620 2902; x_wconf 83' lang='lat'>216</span> <span class='ocrx_word' id='word_1_383' title='bbox 1644 2860 1692 2897; x_wconf 83' lang='lat' dir='ltr'>de</span> <span class='ocrx_word' id='word_1_384' title='bbox 1711 2858 1814 2896; x_wconf 42' lang='lat' dir='ltr'>Mas*</span> 
     </span>
     <span class='ocr_line' id='line_1_82' title="bbox 1156 2912 1814 2970; baseline -0.003 -16"><span class='ocrx_word' id='word_1_385' title='bbox 1156 2918 1313 2966; x_wconf 69' lang='lat' dir='ltr'>sugetis:</span> <span class='ocrx_word' id='word_1_386' title='bbox 1344 2913 1509 2970; x_wconf 76' lang='grc' dir='ltr'><em>ταύτῃσι</em></span> <span class='ocrx_word' id='word_1_387' title='bbox 1529 2916 1710 2956; x_wconf 78' lang='grc' dir='ltr'><em>ἐπίκοινα</em></span> <span class='ocrx_word' id='word_1_388' title='bbox 1730 2912 1814 2967; x_wconf 83' lang='grc' dir='ltr'><em>χρέ-</em></span> 
     </span>
    </p>
   </div>
  </div>
 </body>
</html>
