1904 3304
474 238 1295 286 ADHERODOT.111‚28.
1558 242 1642 282 645

130 366 237 391 nemo
265 352 404 399 nescit,
450 351 520 388 iam
557 355 698 390 veteres
739 356 962 402 conquestos
996 365 1097 401 esse,
1141 351 1437 390 Herodoteorum
1468 352 1639 391 librorum

130 420 350 472 exemplaria
369 419 532 456 mutilata
553 424 797 471 corruptaque
816 418 927 467 vulgo
949 419 1045 456 ferri.
1105 419 1183 458 Nec
1214 419 1298 457 alibi
1331 421 1480 470 ignotus
1501 420 1640 459 Nostro

129 489 226 527 inter
244 486 395 525 buculae
415 500 550 525 cornua
571 485 591 527 ὁ
620 489 693 526 τοῦ
713 485 830 538 ἦλίου
855 481 998 532 κύκλος
1017 485 1286 539 μεμιμημένος
1316 483 1501 539 χρύσεος,
1543 500 1637 536 quae

129 556 239 593 verba
263 553 432 604 leguntur
453 555 488 591 in
511 554 589 592 loco
613 556 660 593 de
681 568 790 592 vacca
809 555 849 592 M
852 554 985 603 ycerini
1007 554 1061 601 ΙΙ,
1094 557 1184 597 132.

239 621 291 659 At
310 635 398 660 vero
419 622 475 659 hic
500 623 579 673 ipse
604 623 702 660 locus
717 651 728 670 ,
768 636 849 660 cum
879 626 1005 659 nostro
1034 624 1253 673 compositus
1261 651 1274 670 ‚
1318 636 1375 661 me
1395 623 1431 660 in
1450 635 1530 660 eam
1554 634 1637 660 sen-

127 690 278 728 tentiam
302 689 470 736 deducit,
509 692 549 725 ut
576 702 649 726 non
673 695 748 727 tam
777 703 798 727 a
825 689 978 727 librariis
996 693 1173 728 curtatam
1194 690 1287 729 hanc
1306 692 1354 728 de
1373 689 1491 741 Apide
1512 702 1637 727 narra-

127 758 266 796 tionem
289 758 465 804 arbitrer,
503 769 611 806 quam
637 758 684 794 ab
704 760 783 808 ipso
809 757 984 807 scriptore
1009 758 1173 795 consulto
1199 763 1446 805 contractam,
1484 771 1530 795 ne
1549 757 1636 795 libe-

127 827 201 863 rius
227 826 347 876 eloqui
366 826 573 871 videretur,
612 837 706 873 quae
738 838 804 862 suo
827 838 871 862 ex
892 825 1023 862 iudicio
1047 827 1094 862 ad
1124 827 1316 864 interiores
1338 826 1534 875 religiones
1553 838 1636 875 per-

127 895 295 932 tinerent.
353 893 451 931 Nam
478 893 508 929 si
526 891 692 928 hocloco
721 893 924 929 addidisset
954 893 1092 930 discum
1116 893 1269 932 solarem
1291 894 1386 931 notis
1411 893 1469 930 dei
1491 891 1635 943 Apidis,

126 975 280 1013 pronum
313 964 390 999 erat
413 960 461 996 ad
482 958 779 1007 intelligendum,
819 960 995 1008 Mycerini
1026 960 1134 997 filiam
1165 962 1317 998 Osiridis
1350 963 1387 998 in
1419 961 1566 998 modum
1599 961 1636 996 in

125 1028 248 1080 Apide
268 1027 449 1079 sepultam
467 1027 636 1075 adeoque
655 1030 834 1064 sacratam
855 1039 946 1065 esse.
1007 1027 1128 1071 Quam
1146 1029 1433 1067 taciturnitatem
1453 1028 1636 1078 quomodo

124 1096 358 1148 postmodum
379 1095 568 1132 Historiae
588 1095 686 1144 patri
703 1095 791 1131 vitio
810 1095 989 1133 verterint
1008 1093 1204 1146 Aegyptii,
1235 1095 1359 1133 docuit
1378 1109 1446 1133 nos
1463 1096 1634 1134 Aelianus

124 1164 205 1203 loco
225 1163 510 1215 supralaudato.
568 1162 616 1199 Et
634 1162 704 1199 iam
724 1162 955 1209 mirabimur,
986 1162 1169 1211 hodieque
1184 1163 1415 1201 Herodotum
1433 1163 1510 1201 aliis
1527 1164 1634 1212 igno-

124 1236 267 1270 rantem
286 1232 402 1268 videri
429 1235 466 1269 et
488 1231 617 1268 rudem
647 1243 765 1268 rerum
796 1231 955 1268 omnium
984 1229 1278 1275 reconditarum;
1311 1230 1416 1267 nimis
1448 1229 1634 1268 credulum

123 1299 200 1339 aliis
221 1303 259 1338 et
278 1298 397 1336 alieno
415 1298 495 1335 loco
515 1296 735 1348 loquacem?
786 1297 840 1335 Ac
860 1297 889 1334 si
909 1297 1058 1346 quando
1078 1297 1218 1335 Noster
1236 1297 1494 1335 reconditiores
1514 1310 1634 1334 rerum

125 1380 251 1405 causas
276 1379 351 1404 non
378 1371 452 1403 tam
480 1367 600 1415 aperit
624 1378 666 1403 ac
684 1365 860 1411 recludit,
900 1376 1009 1414 quam
1028 1371 1239 1403 reverenter
1258 1365 1461 1414 significat:
1497 1365 1633 1402 sactum

124 1439 182 1474 est
206 1436 283 1474 sere
309 1447 330 1472 a
362 1433 624 1472 recentioribus
651 1433 913 1484 scriptoribus,
952 1436 991 1469 ut
1018 1445 1061 1470 ea
1089 1446 1163 1470 non
1188 1446 1256 1484 pro
1285 1433 1426 1482 scriptis
1442 1432 1633 1478 haberent,

123 1506 223 1541 certe
249 1515 323 1539 non
346 1515 390 1540 eo
416 1501 651 1548 adhiberent,
697 1513 770 1550 quo
792 1514 854 1538 eas
877 1512 1002 1537 causas
1032 1500 1183 1538 aliorum
1210 1501 1425 1551 scriptorum
1445 1512 1488 1537 ac
1505 1511 1634 1536 monu-

124 1574 329 1608 mentorum
347 1582 440 1620 ope,
469 1569 592 1618 quoad
614 1568 690 1606 eius
712 1568 790 1606 fieri
807 1572 952 1619 posset,
984 1572 1155 1606 eruerent
1175 1572 1213 1607 et
1231 1568 1462 1619 explicarent.
1483 1589 1536 1594 -
1550 1567 1575 1587 “

214 1741 390 1772 enumerat
412 1735 699 1782 Payne-Knight
727 1735 762 1768 in
795 1734 883 1768 libro
908 1735 1017 1769 bonae
1041 1735 1153 1779 frugis
1178 1734 1369 1780 plenissimo
1392 1734 1533 1778 Inquiry
1555 1734 1629 1768 into

214 1795 273 1829 the
297 1793 492 1840 symbolica}
514 1793 700 1837 Language
724 1793 763 1826 of
782 1791 915 1826 ancient
934 1795 989 1826 art
1013 1792 1080 1826 and
1104 1791 1308 1836 mythologie
1333 1793 1365 1833 ἓ.
1390 1791 1435 1826 32
1459 1801 1491 1834 p.
1517 1791 1571 1826 23.
