1904 3304
300 1107 401 1153 196
458 1100 546 1145 ἐστὶ
577 1097 778 1154 ἀληθηΐῃ.

450 284 536 324 628

849 281 1320 321 HERODOTI

448 390 492 442 ἐς
510 388 675 445 ταύτην
693 388 856 433 κοντόν
875 395 1058 434 κατιεῖσι
1088 390 1157 435 ἐπ’
1189 391 1309 449 ἄκρῳ
1341 392 1556 448 μυρσίνην
1584 403 1721 447 προσ-

451 460 682 517 δήσαντες,
713 460 786 502 καὶ
808 460 950 504 ἔπειτα
974 459 1244 516 ἀναφέρουσι
1265 466 1318 520 τῇ
1337 465 1525 519 μυρσίνῃ
1545 464 1720 510 πίσσαν,

456 530 598 586 ὀδμήν
626 529 705 585 μὲν
734 532 920 587 ἔχουσαν
949 531 1199 589 ἀσφάλτου,
1231 532 1284 577 τοὶ
1317 531 1361 576 δ’
1391 532 1498 577 ἄλλα
1526 537 1601 589 τῆς
1627 537 1721 575 Πιε-

429 606 586 657 ορικῆς
616 602 771 657 πίσσης
801 601 973 657 ἀμείνω.

1033 603 1231 659 ἐσχέουσι
1265 605 1310 648 δὲ
1344 604 1386 655 ἐς
1417 603 1580 647 λάκκον
1609 602 1718 658 ὀρω-
1732 607 1778 644 45

457 671 673 729 ρυγμένον
710 670 848 729 ἀγχοῦ
887 677 959 729 τῆς
998 675 1171 730 λίμνης·
1223 675 1352 718 ἐπεὰν
1394 675 1440 718 δὲ
1481 673 1722 729 ἀθροίσωσι

456 744 641 800 συχνήν,
694 743 810 787 οὕτω
860 745 901 795 ές
939 744 1044 795 τούς
1083 744 1308 801 ἀμφορέας
1345 746 1391 790 ἐκ
1431 749 1513 789 τοῦ
1554 744 1721 789 λάκκου

430 825 450 857 6
462 813 730 870 καταχέουσι.

791 813 816 858 ὅ
846 833 887 859 τι
918 813 960 859 δ’
995 815 1049 858 ἂν
1079 816 1235 873 ἐσπέσῃ
1266 816 1308 867 ές
1327 816 1407 872 τὴν
1425 818 1602 872 λίμνην,
1633 814 1720 859 ὑπὸ

458 891 540 943 γῆν
571 887 667 937 ἰὸν,
705 884 994 941 ἀναφαίνεται
1024 887 1070 930 ἐν
1098 892 1152 943 τῇ
1181 887 1406 944 θαλάσσῃ·
1443 886 1470 942 ἡ
1503 889 1547 930 δὲ
1578 885 1780 942 ἀπέχει50

458 957 517 1009 ὣς
547 956 726 1009 τέσσερα
756 955 909 1000 στάδια
940 954 1026 1001 ἀπὸ
1056 962 1129 1014 τῆς
1166 961 1330 1014 λίμνης.

1392 958 1508 1001 οὕτω
1550 952 1612 999 ὧν
1648 956 1721 999 καὶ

458 1027 512 1072 τὰ
542 1025 626 1071 ἀπὸ
658 1030 733 1082 τῆς
762 1026 901 1083 νήσου
937 1032 1014 1084 τῆς
1043 1029 1111 1072 ἐπὶ
1150 1027 1293 1085 Λιβύῃ
1335 1028 1534 1083 κειμένης
1573 1027 1724 1071 οἰκότα

461 1274 519 1319 ἐπ’
541 1275 649 1332 ἄκρῳ
670 1277 868 1329 μυρσίνην
886 1275 1061 1331 προσδή-

406 1335 560 1386 σαντες]
594 1335 790 1386 μυρσίνην
821 1339 859 1372 et
889 1337 1060 1391 μυρσίνῃ

405 1395 440 1430 in
464 1392 660 1445 βυρσίνην
682 1397 719 1429 et
740 1392 907 1446 βυρσίνῃ
933 1395 1062 1430 mutari

404 1451 518 1487 voluit
542 1449 735 1494 Reiskius,
772 1452 811 1484 ut
841 1449 1064 1498 iutelligere-

405 1511 463 1544 tur
483 1505 650 1555 amphora
669 1506 837 1541 corz'acea.
875 1507 963 1543 Sine
981 1519 1066 1543 cau-

406 1576 458 1600 sa.
518 1561 615 1599 Nam
669 1562 929 1612 percommode
985 1575 1064 1600 cum

405 1619 612 1667 Schweigh.
643 1618 826 1667 intelligas
856 1618 939 1656 licet
961 1621 1070 1669 myrti

408 1687 543 1713 ramum
553 1688 565 1719 ;
581 1674 888 1724 quemadmodum
899 1687 942 1712 ex
951 1675 1068 1724 Agra-

407 1732 561 1781 gantino
582 1732 619 1768 in
638 1731 759 1768 Sicilia
779 1731 879 1767 fonte
891 1731 1067 1779 liquidum

408 1789 574 1825 bitumen
596 1786 733 1824 incolas
761 1787 978 1824 arundinum
998 1800 1067 1838 pa-

408 1844 557 1891 niculis,
597 1843 768 1880 citissime
804 1844 856 1880 sic
892 1843 1070 1882 adhaere·

412 1913 516 1937 scens
529 1930 539 1947 ‚
570 1899 739 1947 colligere
760 1898 895 1936 Plinius
916 1905 1072 1937 testatur

411 1957 463 1994 H.
495 1956 543 1993 N.
578 1954 719 1992 XXXV
743 1955 861 2002 (15),
894 1958 970 2003 51,
1009 1957 1072 1993 ubi

412 2013 522 2050 etiam
555 2012 603 2050 de
623 2011 829 2061 Zacyntleio
855 2012 994 2061 liquido
1016 2013 1072 2049 bi-

412 2069 569 2116 tumine,
608 2069 708 2118 quod
727 2068 840 2104 situlis
869 2081 898 2105 s.
919 2068 1072 2121 ampho-

414 2126 463 2162 ris
482 2138 577 2162 nunc
596 2125 730 2161 hauriri
749 2125 922 2163 scribunt.

471 2183 544 2231 τῆς
564 2183 758 2232 Πιερικῆς
777 2180 934 2232 πίσσης]
957 2181 1073 2229 „Asia

415 2237 502 2275 olim
518 2236 634 2274 Plinio
659 2242 808 2275 auctore
833 2237 882 2274 H.
907 2238 955 2275 N.
974 2237 1074 2285 XIV,

418 2297 467 2334 21
495 2295 607 2343 picem
632 2294 781 2331 Idaeam
806 2294 960 2332 maxime
989 2307 1075 2345 pro-

419 2350 531 2387 babat
549 2379 561 2396 ‚
635 2352 790 2387 Graecia
855 2350 1074 2388 Piericam.“

423 2405 601 2442 Wessel.
661 2408 756 2443 Add.
806 2406 988 2456 Didymus
1037 2408 1074 2444 in

419 2462 615 2513 Geoponn.
636 2463 708 2508 Vl,
739 2463 763 2502 5
788 2476 824 2512 p.
849 2466 938 2504 152.
983 2459 1074 2502 λα’κ-

417 2532 488 2565 κος
508 2519 636 2555 dicitur
653 2518 759 2568 palus
774 2518 901 2568 fossa,
933 2525 973 2557 ut
995 2521 1075 2567 Vll,

421 2576 512 2616 119.
549 2574 606 2611 Ad
623 2575 776 2612 sormam
797 2570 1075 2627 ὀρωρυγμένον

420 2632 515 2668 conf.
534 2631 666 2668 Matth.
689 2631 751 2667 Gr.
768 2631 834 2668 Gr.
856 2645 890 2681 p.
907 2635 1002 2673 307.

476 2684 581 2725 οὕτω
618 2681 675 2726 ὧν
714 2686 781 2725 καὶ
813 2685 860 2725 ta*
892 2711 942 2718 —
977 2685 1072 2738 ἀλη-

418 2743 536 2797 θηΐῃ]
570 2744 592 2780 i.
612 2757 642 2781 e.
670 2743 732 2780 Ita
755 2745 872 2792 igitur
893 2747 997 2781 etiam
1019 2758 1074 2792 ea,

420 2812 510 2849 quae
537 2800 580 2836 de
614 2800 734 2837 insula
765 2800 831 2837 illa
862 2801 911 2837 ad
935 2801 1074 2852 Libyae

418 2868 515 2892 oram
545 2858 616 2892 sita
654 2860 851 2893 narrantur
882 2857 957 2906 (de
984 2871 1073 2894 auro

417 2912 626 2962 scil.,quod
647 2927 667 2950 e
684 2914 785 2951 fonte
802 2915 960 2962 virgines
985 2927 1074 2963 ege-

838 1098 1028 1153 Λέγουσι
1066 1100 1112 1144 δὲ
1156 1101 1230 1144 καὶ
1266 1097 1367 1142 τάδε
1405 1098 1722 1155 Καρχηδόνιοι·

1118 1279 1220 1329 runt)
1239 1282 1315 1317 veri
1339 1280 1474 1317 similia
1498 1282 1603 1326 sunt,
1646 1292 1674 1315 s.
1698 1290 1780 1314 vera

1119 1350 1189 1374 esse
1205 1338 1412 1387 probantur.
1443 1336 1517 1373 Ubi
1530 1349 1610 1374 cum
1627 1339 1780 1373 recentt.

1121 1395 1207 1432 edd.
1226 1395 1373 1445 reposui
1392 1389 1530 1432 οἰκότα
1548 1405 1614 1443 pro
1633 1388 1780 1431 εἰκότα.

1291 1450 1404 1501 Cap.
1443 1448 1613 1487 CXCVI.

1180 1505 1355 1558 Λέγουσι
1375 1504 1417 1545 δὲ
1437 1505 1503 1544 καὶ
1525 1501 1617 1544 τάδε
1637 1520 1671 1543 κ.
1685 1519 1717 1542 τ.
1730 1503 1779 1553 λ.]

1126 1564 1234 1600 Conf.
1256 1568 1347 1600 nott.
1367 1564 1413 1599 ad
1439 1563 1500 1610 lV,
1526 1564 1616 1602 191.
1650 1561 1784 1598 Eusta-

1126 1620 1222 1656 thius
1245 1620 1291 1656 de
1311 1620 1460 1655 Seribus
1488 1619 1556 1666 (de
1583 1619 1714 1667 quibus
1735 1617 1784 1654 cf.

1124 1675 1305 1712 Ammian.
1324 1674 1487 1712 Marcell.
1508 1674 1643 1721 XXlll,
1671 1676 1695 1713 6
1716 1674 1785 1710 ibi-

1125 1744 1197 1781 que
1216 1733 1327 1767 citata
1349 1731 1397 1768 Τ.
1423 1731 1455 1767 11
1489 1743 1526 1781 p.
1548 1731 1601 1771 47
1626 1729 1783 1778 Wagn.)

1124 1787 1253 1825 similia
1265 1787 1413 1824 tradens
1424 1787 1676 1824 Herodoteam
1692 1786 1787 1824 hanc

1125 1845 1245 1893 attigit
1279 1844 1549 1890 narrationem,
1596 1855 1705 1893 quam
1737 1842 1786 1879 ad

1127 1901 1395 1949 Senegambiae
1442 1900 1611 1948 regiones
1650 1898 1786 1936 retule-

1127 1962 1215 1994 runt
1242 1956 1514 1994 Schlichthorst.
1554 1969 1590 2007 p.
1627 1957 1706 1996 167
1743 1967 1786 1992 ac

1127 2013 1282 2051 Rennel.
1302 2026 1337 2062 p.
1357 2012 1438 2054 705
1451 2041 1461 2059 ,
1500 2012 1601 2062 quod
1624 2024 1698 2048 non
1716 2011 1787 2048 nisi

1128 2082 1151 2107 a
1185 2070 1334 2107 meridie
1370 2070 1594 2107 desertorum
1625 2068 1788 2105 Saharae

1130 2138 1257 2163 aurum
1274 2126 1475 2163 inveniatur
1492 2127 1529 2163 in
1547 2125 1615 2162 hac
1631 2125 1713 2175 ipsa
1726 2137 1786 2162 re-

1129 2183 1257 2232 gione,
1300 2183 1360 2218 ubi
1390 2183 1482 2220 hanc
1506 2181 1676 2220 mercium
1702 2193 1788 2232 per-

1129 2239 1383 2276 mutandarum
1404 2239 1704 2276 consuetudinem
1731 2238 1788 2274 in-

1129 2300 1186 2333 ter
1208 2295 1346 2344 Nigros
1380 2299 1492 2344 atque
1518 2295 1667 2332 Mauros
1692 2305 1786 2330 non-

1131 2353 1217 2388 dum
1256 2351 1454 2389 exolevisse
1492 2355 1648 2389 testatur
1675 2349 1783 2385 Shaw

1128 2409 1252 2445 Itiner.
1271 2408 1285 2444 l
1303 2421 1338 2458 p.
1353 2409 1446 2447 393.
1477 2407 1597 2456 Atque
1614 2405 1672 2442 alii
1690 2418 1785 2442 nunc

1131 2477 1280 2514 quoque
1307 2466 1482 2501 accedunt
1507 2468 1641 2509 testes,
1686 2462 1784 2499 unde

1131 2521 1204 2558 tale
1232 2521 1484 2558 commercium
1515 2519 1710 2556 edocemur
1743 2522 1782 2555 et

1130 2582 1255 2614 vetere
1284 2582 1323 2614 et
1357 2581 1479 2613 nostra
1514 2580 1635 2612 aetate
1664 2587 1784 2624 aeque

1131 2634 1192 2682 agi
1233 2635 1269 2669 in
1306 2632 1412 2681 Nigri
1454 2632 1664 2680 regionibus
1705 2631 1783 2668 auri

1129 2690 1244 2740 plenis
1281 2688 1375 2725 ultra
1422 2688 1568 2724 deserta
1609 2687 1782 2733 Saharae,

1131 2747 1191 2782 ubi
1215 2744 1332 2781 Mauri
1360 2744 1437 2781 loco
1464 2745 1662 2781 constituto
1687 2756 1781 2780 mer-

1131 2814 1190 2839 ces
1210 2802 1395 2851 deponant
1414 2813 1608 2850 earumque
1625 2801 1701 2837 vice
1719 2812 1784 2836 au-

1130 2870 1207 2894 rum
1235 2870 1256 2893 a
1278 2857 1400 2905 Nigris
1433 2856 1578 2893 allatum
1603 2857 1785 2902 auferant,

1130 2914 1275 2951 nemine
1311 2913 1422 2950 ullum
1454 2915 1664 2964 proferente
1703 2924 1783 2950 ver·
