<?xml version="1.0" encoding="UTF-8"?>
<!DOCTYPE html PUBLIC "-//W3C//DTD XHTML 1.0 Transitional//EN"
    "http://www.w3.org/TR/xhtml1/DTD/xhtml1-transitional.dtd">
<html xmlns="http://www.w3.org/1999/xhtml" xml:lang="en" lang="en">
 <head>
  <title>
</title>
<meta http-equiv="Content-Type" content="text/html;charset=utf-8" />
  <meta name='ocr-system' content='tesseract 3.04.00' />
  <meta name='ocr-capabilities' content='ocr_page ocr_carea ocr_par ocr_line ocrx_word'/>
</head>
<body>
  <div class='ocr_page' id='page_1' title='image "./musaeherodoto02hero/musaeherodoto02hero_0543.png"; bbox 0 0 1904 3304; ppageno 0'>
   <div class='ocr_carea' id='block_1_1' title="bbox 0 1612 3 2398">
    <p class='ocr_par' dir='ltr' id='par_1_1' title="bbox 0 1612 3 2398">
     <span class='ocr_line' id='line_1_1' title="bbox 0 1612 3 2398; baseline 0 0"><span class='ocrx_word' id='word_1_1' title='bbox 0 1612 3 2398; x_wconf 95' lang='lat' dir='ltr'> </span> 
     </span>
    </p>
   </div>
   <div class='ocr_carea' id='block_1_2' title="bbox 487 253 1051 293">
    <p class='ocr_par' dir='ltr' id='par_1_2' title="bbox 487 253 1051 293">
     <span class='ocr_line' id='line_1_2' title="bbox 487 253 1051 293; baseline -0.004 -1"><span class='ocrx_word' id='word_1_2' title='bbox 487 253 1051 293; x_wconf 84' lang='lat' dir='ltr'>MELPOMENE.</span> 
     </span>
    </p>
   </div>
   <div class='ocr_carea' id='block_1_3' title="bbox 1113 253 1473 296">
    <p class='ocr_par' dir='ltr' id='par_1_3' title="bbox 1113 253 1473 296">
     <span class='ocr_line' id='line_1_3' title="bbox 1113 253 1473 296; baseline 0.014 -5"><span class='ocrx_word' id='word_1_3' title='bbox 1113 253 1174 293; x_wconf 90' lang='lat' dir='ltr'>IV.</span> <span class='ocrx_word' id='word_1_4' title='bbox 1389 257 1473 296; x_wconf 77' lang='lat'>535</span> 
     </span>
    </p>
   </div>
   <div class='ocr_carea' id='block_1_4' title="bbox 199 361 1528 423">
    <p class='ocr_par' dir='ltr' id='par_1_4' title="bbox 199 361 1528 423">
     <span class='ocr_line' id='line_1_4' title="bbox 199 361 1528 423; baseline -0.002 -15"><span class='ocrx_word' id='word_1_5' title='bbox 199 366 319 423; x_wconf 80' lang='grc' dir='ltr'><em>νήσῳ</em></span> <span class='ocrx_word' id='word_1_6' title='bbox 357 364 426 407; x_wconf 77' lang='grc' dir='ltr'>ἐπὶ</span> <span class='ocrx_word' id='word_1_7' title='bbox 466 367 546 406; x_wconf 86' lang='grc' dir='ltr'>τοῦ</span> <span class='ocrx_word' id='word_1_8' title='bbox 584 361 780 406; x_wconf 81' lang='grc' dir='ltr'><em>οἰκιστέω</em></span> <span class='ocrx_word' id='word_1_9' title='bbox 815 363 939 418; x_wconf 83' lang='grc' dir='ltr'><em>Θήρα</em></span> <span class='ocrx_word' id='word_1_10' title='bbox 975 361 1002 418; x_wconf 82' lang='grc' dir='ltr'><em>ἦ</em></span> <span class='ocrx_word' id='word_1_11' title='bbox 1034 361 1257 418; x_wconf 79' lang='grc' dir='ltr'><em>ἐπωνυμίη</em></span> <span class='ocrx_word' id='word_1_12' title='bbox 1289 362 1470 418; x_wconf 82' lang='grc' dir='ltr'>ἐγένετο.</span> <span class='ocrx_word' id='word_1_13' title='bbox 1484 372 1528 406; x_wconf 89' lang='grc'>75</span> 
     </span>
    </p>
   </div>
   <div class='ocr_carea' id='block_1_5' title="bbox 0 431 1469 562">
    <p class='ocr_par' dir='ltr' id='par_1_5' title="bbox 0 431 1469 562">
     <span class='ocr_line' id='line_1_5' title="bbox 0 431 1469 491; baseline -0.001 -11"><span class='ocrx_word' id='word_1_14' title='bbox 0 460 1 463; x_wconf 39' lang='lat'>¹</span> <span class='ocrx_word' id='word_1_15' title='bbox 54 442 152 488; x_wconf 75' lang='lat'>149</span> <span class='ocrx_word' id='word_1_16' title='bbox 198 436 249 480; x_wconf 86' lang='lat' dir='ltr'>‘O</span> <span class='ocrx_word' id='word_1_17' title='bbox 284 435 330 479; x_wconf 77' lang='grc' dir='ltr'>δὲ</span> <span class='ocrx_word' id='word_1_18' title='bbox 361 439 486 486; x_wconf 78' lang='grc' dir='ltr'><em>παῖς,</em></span> <span class='ocrx_word' id='word_1_19' title='bbox 525 431 581 477; x_wconf 90' lang='grc' dir='ltr'>ου’</span> <span class='ocrx_word' id='word_1_20' title='bbox 610 433 691 489; x_wconf 78' lang='grc' dir='ltr'>γὰρ</span> <span class='ocrx_word' id='word_1_21' title='bbox 723 433 807 489; x_wconf 78' lang='grc' dir='ltr'>ἔφη</span> <span class='ocrx_word' id='word_1_22' title='bbox 835 435 879 477; x_wconf 84' lang='grc' dir='ltr'>οἱ</span> <span class='ocrx_word' id='word_1_23' title='bbox 909 432 1282 489; x_wconf 78' lang='grc' dir='ltr'><em>συμπλεύσεσθαι,</em></span> <span class='ocrx_word' id='word_1_24' title='bbox 1324 451 1469 491; x_wconf 81' lang='grc' dir='ltr'><em>τοιγα-</em></span> 
     </span>
     <span class='ocr_line' id='line_1_6' title="bbox 197 502 1332 562; baseline -0.001 -12"><span class='ocrx_word' id='word_1_25' title='bbox 197 510 289 562; x_wconf 76' lang='grc' dir='ltr'>ρῶν</span> <span class='ocrx_word' id='word_1_26' title='bbox 329 506 412 562; x_wconf 76' lang='grc' dir='ltr'>ἔφη</span> <span class='ocrx_word' id='word_1_27' title='bbox 454 503 592 548; x_wconf 80' lang='grc' dir='ltr'><em>αὐτόν</em></span> <span class='ocrx_word' id='word_1_28' title='bbox 630 507 906 557; x_wconf 78' lang='grc' dir='ltr'><strong><em>καταλείψειν</em></strong></span> <span class='ocrx_word' id='word_1_29' title='bbox 943 503 1013 547; x_wconf 83' lang='grc' dir='ltr'>ὄϊν</span> <span class='ocrx_word' id='word_1_30' title='bbox 1053 504 1100 547; x_wconf 79' lang='grc' dir='ltr'>ἐν</span> <span class='ocrx_word' id='word_1_31' title='bbox 1135 502 1332 549; x_wconf 84' lang='grc' dir='ltr'><em>λύκοισι·</em></span> 
     </span>
    </p>
   </div>
   <div class='ocr_carea' id='block_1_6' title="bbox 1396 506 1464 550">
    <p class='ocr_par' dir='ltr' id='par_1_6' title="bbox 1396 506 1464 550">
     <span class='ocr_line' id='line_1_7' title="bbox 1396 506 1464 550; baseline 0.015 -1"><span class='ocrx_word' id='word_1_32' title='bbox 1396 506 1464 550; x_wconf 72' lang='grc' dir='ltr'>επὶ</span> 
     </span>
    </p>
   </div>
   <div class='ocr_carea' id='block_1_7' title="bbox 193 574 1469 703">
    <p class='ocr_par' dir='ltr' id='par_1_7' title="bbox 193 574 1469 703">
     <span class='ocr_line' id='line_1_8' title="bbox 194 574 1469 636; baseline 0 -15"><span class='ocrx_word' id='word_1_33' title='bbox 194 580 274 621; x_wconf 87' lang='grc' dir='ltr'>τοῦ</span> <span class='ocrx_word' id='word_1_34' title='bbox 310 577 433 627; x_wconf 74' lang='grc' dir='ltr'><em>ἔπεος</em></span> <span class='ocrx_word' id='word_1_35' title='bbox 461 576 622 620; x_wconf 83' lang='grc' dir='ltr'><em>τούτου</em></span> <span class='ocrx_word' id='word_1_36' title='bbox 654 574 824 631; x_wconf 82' lang='grc' dir='ltr'><em>οὕνομα</em></span> <span class='ocrx_word' id='word_1_37' title='bbox 853 580 915 632; x_wconf 79' lang='grc' dir='ltr'>τῷ</span> <span class='ocrx_word' id='word_1_38' title='bbox 943 576 1160 633; x_wconf 80' lang='grc' dir='ltr'>νεηνίσκῳ</span> <span class='ocrx_word' id='word_1_39' title='bbox 1189 575 1332 633; x_wconf 84' lang='grc' dir='ltr'><em>τούτῳ</em></span> <span class='ocrx_word' id='word_1_40' title='bbox 1354 575 1469 636; x_wconf 47' lang='grc' dir='ltr'>ἸὈἰό-</span> 
     </span>
     <span class='ocr_line' id='line_1_9' title="bbox 193 646 1466 703; baseline 0 -12"><span class='ocrx_word' id='word_1_41' title='bbox 193 652 326 698; x_wconf 83' lang='grc' dir='ltr'><em>λυκος</em></span> <span class='ocrx_word' id='word_1_42' title='bbox 361 647 551 702; x_wconf 60' lang='grc' dir='ltr'>ἐγένετο*</span> <span class='ocrx_word' id='word_1_43' title='bbox 596 649 669 690; x_wconf 79' lang='grc' dir='ltr'>καί</span> <span class='ocrx_word' id='word_1_44' title='bbox 705 664 792 698; x_wconf 79' lang='grc' dir='ltr'>κως</span> <span class='ocrx_word' id='word_1_45' title='bbox 830 646 885 691; x_wconf 89' lang='grc' dir='ltr'>ου’</span> <span class='ocrx_word' id='word_1_46' title='bbox 923 646 1094 703; x_wconf 82' lang='grc' dir='ltr'><em>οὕνομα</em></span> <span class='ocrx_word' id='word_1_47' title='bbox 1126 650 1258 690; x_wconf 84' lang='grc' dir='ltr'><em>τοῦτο</em></span> <span class='ocrx_word' id='word_1_48' title='bbox 1289 646 1466 703; x_wconf 77' lang='grc' dir='ltr'><em>ἐπεκρά-</em></span> 
     </span>
    </p>
   </div>
   <div class='ocr_carea' id='block_1_8' title="bbox 166 726 313 776">
    <p class='ocr_par' dir='ltr' id='par_1_8' title="bbox 166 726 313 776">
     <span class='ocr_line' id='line_1_10' title="bbox 166 726 313 776; baseline 0.007 -17"><span class='ocrx_word' id='word_1_49' title='bbox 166 726 188 759; x_wconf 75' lang='lat'><strong>2</strong></span> <span class='ocrx_word' id='word_1_50' title='bbox 197 732 313 776; x_wconf 87' lang='grc' dir='ltr'><em>τησε.</em></span> 
     </span>
    </p>
   </div>
   <div class='ocr_carea' id='block_1_9' title="bbox 135 813 412 819">
    <p class='ocr_par' dir='ltr' id='par_1_9' title="bbox 135 813 412 819">
     <span class='ocr_line' id='line_1_11' title="bbox 135 813 412 819; baseline 0 0"><span class='ocrx_word' id='word_1_51' title='bbox 135 813 412 819; x_wconf 95' lang='lat' dir='ltr'> </span> 
     </span>
    </p>
   </div>
   <div class='ocr_carea' id='block_1_10' title="bbox 132 860 801 2943">
    <p class='ocr_par' dir='ltr' id='par_1_10' title="bbox 132 860 801 2153">
     <span class='ocr_line' id='line_1_12' title="bbox 137 860 801 911; baseline 0 -13"><span class='ocrx_word' id='word_1_52' title='bbox 137 865 231 898; x_wconf 90' lang='lat' dir='ltr'>nert.</span> <span class='ocrx_word' id='word_1_53' title='bbox 250 860 337 897; x_wconf 84' lang='lat' dir='ltr'>VIII</span> <span class='ocrx_word' id='word_1_54' title='bbox 368 873 404 911; x_wconf 92' lang='lat' dir='ltr'>p.</span> <span class='ocrx_word' id='word_1_55' title='bbox 425 863 508 903; x_wconf 85' lang='lat'>489</span> <span class='ocrx_word' id='word_1_56' title='bbox 529 861 598 898; x_wconf 93' lang='lat' dir='ltr'>hoc</span> <span class='ocrx_word' id='word_1_57' title='bbox 618 861 731 898; x_wconf 81' lang='lat' dir='ltr'><strong>refert</strong></span> <span class='ocrx_word' id='word_1_58' title='bbox 752 862 801 898; x_wconf 88' lang='lat' dir='ltr'>ad</span> 
     </span>
     <span class='ocr_line' id='line_1_13' title="bbox 137 917 801 967; baseline -0.003 -12"><span class='ocrx_word' id='word_1_59' title='bbox 137 917 426 955; x_wconf 89' lang='lat' dir='ltr'>Messenicorum</span> <span class='ocrx_word' id='word_1_60' title='bbox 455 918 631 955; x_wconf 83' lang='lat' dir='ltr'>bellorum</span> <span class='ocrx_word' id='word_1_61' title='bbox 658 922 801 967; x_wconf 82' lang='lat' dir='ltr'>tempo-</span> 
     </span>
     <span class='ocr_line' id='line_1_14' title="bbox 136 973 800 1024; baseline 0 -13"><span class='ocrx_word' id='word_1_62' title='bbox 136 987 200 1021; x_wconf 91' lang='lat' dir='ltr'>ra,</span> <span class='ocrx_word' id='word_1_63' title='bbox 231 974 268 1010; x_wconf 89' lang='lat' dir='ltr'>in</span> <span class='ocrx_word' id='word_1_64' title='bbox 296 974 428 1022; x_wconf 89' lang='lat' dir='ltr'>quibus</span> <span class='ocrx_word' id='word_1_65' title='bbox 455 973 527 1010; x_wconf 91' lang='lat' dir='ltr'>Elii</span> <span class='ocrx_word' id='word_1_66' title='bbox 555 987 576 1010; x_wconf 88' lang='lat' dir='ltr'>a</span> <span class='ocrx_word' id='word_1_67' title='bbox 594 974 800 1024; x_wconf 85' lang='lat' dir='ltr'>Spartano-</span> 
     </span>
     <span class='ocr_line' id='line_1_15' title="bbox 136 1030 797 1080; baseline 0.002 -13"><span class='ocrx_word' id='word_1_68' title='bbox 136 1043 215 1067; x_wconf 91' lang='lat' dir='ltr'>rum</span> <span class='ocrx_word' id='word_1_69' title='bbox 260 1030 426 1080; x_wconf 87' lang='lat' dir='ltr'>partibus</span> <span class='ocrx_word' id='word_1_70' title='bbox 463 1034 626 1077; x_wconf 72' lang='lat' dir='ltr'>stantes,</span> <span class='ocrx_word' id='word_1_71' title='bbox 666 1031 713 1068; x_wconf 91' lang='lat' dir='ltr'>ab</span> <span class='ocrx_word' id='word_1_72' title='bbox 742 1031 797 1068; x_wconf 92' lang='lat' dir='ltr'>his</span> 
     </span>
     <span class='ocr_line' id='line_1_16' title="bbox 136 1086 799 1137; baseline 0.002 -14"><span class='ocrx_word' id='word_1_73' title='bbox 136 1087 246 1137; x_wconf 85' lang='lat' dir='ltr'>ipsis,</span> <span class='ocrx_word' id='word_1_74' title='bbox 288 1086 398 1124; x_wconf 91' lang='lat' dir='ltr'>tertio</span> <span class='ocrx_word' id='word_1_75' title='bbox 418 1087 512 1124; x_wconf 87' lang='lat' dir='ltr'>bello</span> <span class='ocrx_word' id='word_1_76' title='bbox 533 1087 659 1135; x_wconf 89' lang='lat' dir='ltr'>finito,</span> <span class='ocrx_word' id='word_1_77' title='bbox 695 1088 799 1124; x_wconf 84' lang='lat' dir='ltr'>auxi-</span> 
     </span>
     <span class='ocr_line' id='line_1_17' title="bbox 135 1142 800 1195; baseline 0.002 -15"><span class='ocrx_word' id='word_1_78' title='bbox 135 1142 173 1180; x_wconf 85' lang='lat' dir='ltr'>lii</span> <span class='ocrx_word' id='word_1_79' title='bbox 222 1142 288 1180; x_wconf 86' lang='lat' dir='ltr'>lati</span> <span class='ocrx_word' id='word_1_80' title='bbox 341 1145 541 1193; x_wconf 87' lang='lat' dir='ltr'>praemium</span> <span class='ocrx_word' id='word_1_81' title='bbox 594 1145 800 1195; x_wconf 86' lang='lat' dir='ltr'>acceperint</span> 
     </span>
     <span class='ocr_line' id='line_1_18' title="bbox 137 1199 798 1249; baseline 0 -13"><span class='ocrx_word' id='word_1_82' title='bbox 137 1211 281 1237; x_wconf 91' lang='lat' dir='ltr'>omnem</span> <span class='ocrx_word' id='word_1_83' title='bbox 294 1199 501 1249; x_wconf 79' lang='lat' dir='ltr'>Minyarum</span> <span class='ocrx_word' id='word_1_84' title='bbox 527 1205 637 1249; x_wconf 85' lang='lat' dir='ltr'>atque</span> <span class='ocrx_word' id='word_1_85' title='bbox 657 1202 798 1238; x_wconf 89' lang='lat' dir='ltr'>Cauco-</span> 
     </span>
     <span class='ocr_line' id='line_1_19' title="bbox 137 1258 798 1307; baseline 0.002 -14"><span class='ocrx_word' id='word_1_86' title='bbox 137 1269 223 1293; x_wconf 89' lang='lat' dir='ltr'>num</span> <span class='ocrx_word' id='word_1_87' title='bbox 253 1260 407 1294; x_wconf 89' lang='lat' dir='ltr'>terram:</span> <span class='ocrx_word' id='word_1_88' title='bbox 447 1270 519 1306; x_wconf 93' lang='lat' dir='ltr'>quo</span> <span class='ocrx_word' id='word_1_89' title='bbox 549 1258 626 1294; x_wconf 86' lang='lat' dir='ltr'>sere</span> <span class='ocrx_word' id='word_1_90' title='bbox 653 1262 798 1307; x_wconf 86' lang='lat' dir='ltr'>tempo-</span> 
     </span>
     <span class='ocr_line' id='line_1_20' title="bbox 137 1312 798 1362; baseline 0 -12"><span class='ocrx_word' id='word_1_91' title='bbox 137 1325 177 1350; x_wconf 87' lang='lat' dir='ltr'>re</span> <span class='ocrx_word' id='word_1_92' title='bbox 199 1313 262 1349; x_wconf 88' lang='lat' dir='ltr'>has</span> <span class='ocrx_word' id='word_1_93' title='bbox 285 1312 491 1362; x_wconf 75' lang='lat' dir='ltr'>Minyarum</span> <span class='ocrx_word' id='word_1_94' title='bbox 511 1314 618 1351; x_wconf 90' lang='lat' dir='ltr'>urbes</span> <span class='ocrx_word' id='word_1_95' title='bbox 640 1314 685 1350; x_wconf 89' lang='lat' dir='ltr'>ab</span> <span class='ocrx_word' id='word_1_96' title='bbox 698 1314 798 1352; x_wconf 88' lang='lat' dir='ltr'>Eleis</span> 
     </span>
     <span class='ocr_line' id='line_1_21' title="bbox 138 1370 797 1420; baseline 0 -13"><span class='ocrx_word' id='word_1_97' title='bbox 138 1382 281 1407; x_wconf 86' lang='lat' dir='ltr'>eversas</span> <span class='ocrx_word' id='word_1_98' title='bbox 304 1382 384 1407; x_wconf 86' lang='lat' dir='ltr'>esse</span> <span class='ocrx_word' id='word_1_99' title='bbox 405 1374 512 1420; x_wconf 82' lang='lat' dir='ltr'>putat</span> <span class='ocrx_word' id='word_1_100' title='bbox 533 1370 715 1410; x_wconf 85' lang='lat' dir='ltr'>Maunert.</span> <span class='ocrx_word' id='word_1_101' title='bbox 747 1370 797 1407; x_wconf 86' lang='lat' dir='ltr'>At</span> 
     </span>
     <span class='ocr_line' id='line_1_22' title="bbox 136 1426 796 1464; baseline 0.002 -1"><span class='ocrx_word' id='word_1_102' title='bbox 136 1426 251 1463; x_wconf 89' lang='lat' dir='ltr'>multo</span> <span class='ocrx_word' id='word_1_103' title='bbox 285 1428 398 1463; x_wconf 89' lang='lat' dir='ltr'>serius</span> <span class='ocrx_word' id='word_1_104' title='bbox 437 1427 506 1464; x_wconf 88' lang='lat' dir='ltr'>hoc</span> <span class='ocrx_word' id='word_1_105' title='bbox 544 1428 679 1464; x_wconf 85' lang='lat' dir='ltr'>factum</span> <span class='ocrx_word' id='word_1_106' title='bbox 716 1440 796 1464; x_wconf 87' lang='lat' dir='ltr'>esse</span> 
     </span>
     <span class='ocr_line' id='line_1_23' title="bbox 135 1482 794 1533; baseline -0.002 -14"><span class='ocrx_word' id='word_1_107' title='bbox 135 1482 325 1520; x_wconf 85' lang='lat' dir='ltr'>contendit</span> <span class='ocrx_word' id='word_1_108' title='bbox 346 1483 563 1520; x_wconf 89' lang='lat' dir='ltr'>Dahlmann.</span> <span class='ocrx_word' id='word_1_109' title='bbox 594 1483 735 1521; x_wconf 90' lang='lat' dir='ltr'>Herod.</span> <span class='ocrx_word' id='word_1_110' title='bbox 757 1496 794 1533; x_wconf 90' lang='lat' dir='ltr'>p.</span> 
     </span>
     <span class='ocr_line' id='line_1_24' title="bbox 136 1534 794 1589; baseline -0.002 -11"><span class='ocrx_word' id='word_1_111' title='bbox 136 1538 188 1579; x_wconf 83' lang='lat'>59</span> <span class='ocrx_word' id='word_1_112' title='bbox 207 1566 218 1585; x_wconf 94' lang='lat'>‚</span> <span class='ocrx_word' id='word_1_113' title='bbox 257 1540 484 1589; x_wconf 86' lang='lat' dir='ltr'>potissimum</span> <span class='ocrx_word' id='word_1_114' title='bbox 517 1539 564 1575; x_wconf 90' lang='lat' dir='ltr'>ob</span> <span class='ocrx_word' id='word_1_115' title='bbox 592 1541 705 1577; x_wconf 83' lang='lat' dir='ltr'>verba</span> <span class='ocrx_word' id='word_1_116' title='bbox 736 1534 794 1579; x_wconf 78' lang='grc' dir='ltr'>ἐπ’</span> 
     </span>
     <span class='ocr_line' id='line_1_25' title="bbox 133 1592 791 1645; baseline 0 -12"><span class='ocrx_word' id='word_1_117' title='bbox 133 1592 246 1645; x_wconf 79' lang='grc' dir='ltr'><em>ἐμέο,</em></span> <span class='ocrx_word' id='word_1_118' title='bbox 283 1596 413 1644; x_wconf 90' lang='lat' dir='ltr'>quibus</span> <span class='ocrx_word' id='word_1_119' title='bbox 436 1595 648 1633; x_wconf 86' lang='lat' dir='ltr'>Herodotus</span> <span class='ocrx_word' id='word_1_120' title='bbox 670 1596 738 1634; x_wconf 90' lang='lat' dir='ltr'>hac</span> <span class='ocrx_word' id='word_1_121' title='bbox 755 1597 791 1633; x_wconf 90' lang='lat' dir='ltr'>in</span> 
     </span>
     <span class='ocr_line' id='line_1_26' title="bbox 133 1651 793 1702; baseline 0.002 -14"><span class='ocrx_word' id='word_1_122' title='bbox 133 1651 341 1690; x_wconf 80' lang='lat' dir='ltr'>narratione</span> <span class='ocrx_word' id='word_1_123' title='bbox 366 1653 414 1689; x_wconf 92' lang='lat' dir='ltr'>ad</span> <span class='ocrx_word' id='word_1_124' title='bbox 442 1652 481 1688; x_wconf 90' lang='lat' dir='ltr'>id</span> <span class='ocrx_word' id='word_1_125' title='bbox 506 1653 672 1702; x_wconf 84' lang='lat' dir='ltr'>proxime</span> <span class='ocrx_word' id='word_1_126' title='bbox 699 1658 793 1691; x_wconf 90' lang='lat' dir='ltr'>tem-</span> 
     </span>
     <span class='ocr_line' id='line_1_27' title="bbox 132 1709 792 1758; baseline 0.005 -15"><span class='ocrx_word' id='word_1_127' title='bbox 132 1720 201 1758; x_wconf 92' lang='lat' dir='ltr'>pus</span> <span class='ocrx_word' id='word_1_128' title='bbox 231 1709 421 1758; x_wconf 81' lang='lat' dir='ltr'>respiciat,</span> <span class='ocrx_word' id='word_1_129' title='bbox 459 1721 532 1757; x_wconf 90' lang='lat' dir='ltr'>quo</span> <span class='ocrx_word' id='word_1_130' title='bbox 571 1709 701 1746; x_wconf 89' lang='lat' dir='ltr'>itinera</span> <span class='ocrx_word' id='word_1_131' title='bbox 738 1710 792 1747; x_wconf 88' lang='lat' dir='ltr'>sa-</span> 
     </span>
     <span class='ocr_line' id='line_1_28' title="bbox 134 1765 792 1816; baseline 0.003 -16"><span class='ocrx_word' id='word_1_132' title='bbox 134 1765 234 1801; x_wconf 89' lang='lat' dir='ltr'>ciens</span> <span class='ocrx_word' id='word_1_133' title='bbox 265 1778 332 1815; x_wconf 87' lang='lat' dir='ltr'>per</span> <span class='ocrx_word' id='word_1_134' title='bbox 365 1766 557 1803; x_wconf 76' lang='lat' dir='ltr'>Graeciam</span> <span class='ocrx_word' id='word_1_135' title='bbox 598 1766 663 1803; x_wconf 87' lang='lat' dir='ltr'>has</span> <span class='ocrx_word' id='word_1_136' title='bbox 695 1766 792 1816; x_wconf 88' lang='lat' dir='ltr'>ipsas</span> 
     </span>
     <span class='ocr_line' id='line_1_29' title="bbox 134 1820 793 1873; baseline 0.003 -16"><span class='ocrx_word' id='word_1_137' title='bbox 134 1820 256 1858; x_wconf 85' lang='lat' dir='ltr'>viserit</span> <span class='ocrx_word' id='word_1_138' title='bbox 302 1823 432 1869; x_wconf 82' lang='lat' dir='ltr'>urbes,</span> <span class='ocrx_word' id='word_1_139' title='bbox 485 1822 531 1859; x_wconf 84' lang='lat' dir='ltr'>ab</span> <span class='ocrx_word' id='word_1_140' title='bbox 573 1822 793 1873; x_wconf 75' lang='lat' dir='ltr'>Olympiade</span> 
     </span>
     <span class='ocr_line' id='line_1_30' title="bbox 135 1875 792 1928; baseline 0.003 -14"><span class='ocrx_word' id='word_1_141' title='bbox 135 1875 343 1924; x_wconf 86' lang='lat' dir='ltr'>LXXVIII,</span> <span class='ocrx_word' id='word_1_142' title='bbox 363 1880 388 1919; x_wconf 80' lang='lat'><strong>4</strong></span> <span class='ocrx_word' id='word_1_143' title='bbox 409 1883 445 1916; x_wconf 91' lang='lat' dir='ltr'>et</span> <span class='ocrx_word' id='word_1_144' title='bbox 464 1891 559 1927; x_wconf 86' lang='lat' dir='ltr'>quae</span> <span class='ocrx_word' id='word_1_145' title='bbox 579 1884 792 1928; x_wconf 84' lang='lat' dir='ltr'>sequuntur,</span> 
     </span>
     <span class='ocr_line' id='line_1_31' title="bbox 136 1933 792 1986; baseline 0.005 -17"><span class='ocrx_word' id='word_1_146' title='bbox 136 1933 193 1971; x_wconf 68' lang='lat' dir='ltr'>vel</span> <span class='ocrx_word' id='word_1_147' title='bbox 233 1946 304 1982; x_wconf 92' lang='lat' dir='ltr'>quo</span> <span class='ocrx_word' id='word_1_148' title='bbox 343 1935 498 1972; x_wconf 80' lang='lat' dir='ltr'>Graecia</span> <span class='ocrx_word' id='word_1_149' title='bbox 542 1935 625 1986; x_wconf 85' lang='lat' dir='ltr'>ipsa</span> <span class='ocrx_word' id='word_1_150' title='bbox 669 1935 792 1973; x_wconf 86' lang='lat' dir='ltr'>relicta</span> 
     </span>
     <span class='ocr_line' id='line_1_32' title="bbox 135 1988 793 2029; baseline 0.002 -2"><span class='ocrx_word' id='word_1_151' title='bbox 135 1988 282 2027; x_wconf 86' lang='lat' dir='ltr'>Thuriis</span> <span class='ocrx_word' id='word_1_152' title='bbox 347 1991 518 2029; x_wconf 82' lang='lat' dir='ltr'>historiae</span> <span class='ocrx_word' id='word_1_153' title='bbox 578 1993 793 2029; x_wconf 86' lang='lat' dir='ltr'>scribendae</span> 
     </span>
     <span class='ocr_line' id='line_1_33' title="bbox 135 2048 794 2099; baseline 0.005 -17"><span class='ocrx_word' id='word_1_154' title='bbox 135 2058 285 2096; x_wconf 84' lang='lat' dir='ltr'>operam</span> <span class='ocrx_word' id='word_1_155' title='bbox 324 2048 490 2093; x_wconf 81' lang='lat' dir='ltr'>dederit,</span> <span class='ocrx_word' id='word_1_156' title='bbox 557 2048 666 2097; x_wconf 83' lang='lat' dir='ltr'>igitur</span> <span class='ocrx_word' id='word_1_157' title='bbox 708 2053 794 2099; x_wconf 87' lang='lat' dir='ltr'>post</span> 
     </span>
     <span class='ocr_line' id='line_1_34' title="bbox 135 2103 654 2153; baseline 0.002 -14"><span class='ocrx_word' id='word_1_158' title='bbox 135 2103 346 2153; x_wconf 76' lang='lat' dir='ltr'>Olympiad.</span> <span class='ocrx_word' id='word_1_159' title='bbox 371 2103 585 2150; x_wconf 85' lang='lat' dir='ltr'>LXXXIII,</span> <span class='ocrx_word' id='word_1_160' title='bbox 615 2104 654 2144; x_wconf 81' lang='grc'>4.</span> 
     </span>
    </p>

    <p class='ocr_par' dir='ltr' id='par_1_11' title="bbox 134 2158 796 2380">
     <span class='ocr_line' id='line_1_35' title="bbox 191 2158 795 2209; baseline -0.002 -12"><span class='ocrx_word' id='word_1_161' title='bbox 191 2158 271 2198; x_wconf 82' lang='grc' dir='ltr'>ἐπὶ</span> <span class='ocrx_word' id='word_1_162' title='bbox 291 2162 363 2199; x_wconf 84' lang='grc' dir='ltr'>τοῦ</span> <span class='ocrx_word' id='word_1_163' title='bbox 377 2159 569 2209; x_wconf 79' lang='grc' dir='ltr'><em>οἰκιστέω]</em></span> <span class='ocrx_word' id='word_1_164' title='bbox 589 2160 673 2197; x_wconf 90' lang='lat' dir='ltr'>Duo</span> <span class='ocrx_word' id='word_1_165' title='bbox 686 2159 795 2197; x_wconf 84' lang='lat' dir='ltr'>codd.</span> 
     </span>
     <span class='ocr_line' id='line_1_36' title="bbox 134 2210 796 2261; baseline -0.002 -7"><span class='ocrx_word' id='word_1_166' title='bbox 134 2210 228 2254; x_wconf 79' lang='grc' dir='ltr'><em>οἷπό.</em></span> <span class='ocrx_word' id='word_1_167' title='bbox 272 2217 381 2254; x_wconf 91' lang='lat' dir='ltr'>Conf.</span> <span class='ocrx_word' id='word_1_168' title='bbox 406 2222 498 2254; x_wconf 88' lang='lat' dir='ltr'>nott.</span> <span class='ocrx_word' id='word_1_169' title='bbox 524 2218 570 2254; x_wconf 90' lang='lat' dir='ltr'>ad</span> <span class='ocrx_word' id='word_1_170' title='bbox 593 2217 654 2261; x_wconf 72' lang='lat' dir='ltr'>lv,</span> <span class='ocrx_word' id='word_1_171' title='bbox 680 2217 733 2257; x_wconf 89' lang='lat'>45</span> <span class='ocrx_word' id='word_1_172' title='bbox 757 2221 796 2253; x_wconf 86' lang='lat' dir='ltr'>et</span> 
     </span>
     <span class='ocr_line' id='line_1_37' title="bbox 134 2270 794 2321; baseline 0.002 -11"><span class='ocrx_word' id='word_1_173' title='bbox 134 2272 172 2319; x_wconf 94' lang='lat'>1,</span> <span class='ocrx_word' id='word_1_174' title='bbox 204 2270 277 2321; x_wconf 83' lang='lat'>14,</span> <span class='ocrx_word' id='word_1_175' title='bbox 310 2274 371 2311; x_wconf 94' lang='lat' dir='ltr'>ubi</span> <span class='ocrx_word' id='word_1_176' title='bbox 391 2275 500 2311; x_wconf 88' lang='lat' dir='ltr'>etiam</span> <span class='ocrx_word' id='word_1_177' title='bbox 518 2274 566 2311; x_wconf 92' lang='lat' dir='ltr'>de</span> <span class='ocrx_word' id='word_1_178' title='bbox 586 2287 674 2311; x_wconf 84' lang='lat' dir='ltr'>voce</span> <span class='ocrx_word' id='word_1_179' title='bbox 693 2272 794 2312; x_wconf 81' lang='grc' dir='ltr'><strong>ἐπω-</strong></span> 
     </span>
     <span class='ocr_line' id='line_1_38' title="bbox 134 2328 270 2380; baseline -0.007 -13"><span class='ocrx_word' id='word_1_180' title='bbox 134 2328 270 2380; x_wconf 87' lang='grc' dir='ltr'><em>νυμίη.</em></span> 
     </span>
    </p>

    <p class='ocr_par' dir='ltr' id='par_1_12' title="bbox 304 2385 622 2437">
     <span class='ocr_line' id='line_1_39' title="bbox 304 2385 622 2437; baseline 0 -13"><span class='ocrx_word' id='word_1_181' title='bbox 304 2386 416 2437; x_wconf 91' lang='lat' dir='ltr'>Cap.</span> <span class='ocrx_word' id='word_1_182' title='bbox 459 2385 622 2424; x_wconf 88' lang='lat' dir='ltr'>CXLIX.</span> 
     </span>
    </p>

    <p class='ocr_par' dir='ltr' id='par_1_13' title="bbox 136 2438 793 2888">
     <span class='ocr_line' id='line_1_40' title="bbox 190 2438 790 2494; baseline 0 -13"><span class='ocrx_word' id='word_1_183' title='bbox 190 2439 234 2480; x_wconf 73' lang='lat' dir='ltr'>‘O</span> <span class='ocrx_word' id='word_1_184' title='bbox 259 2440 303 2481; x_wconf 80' lang='grc' dir='ltr'>δὲ</span> <span class='ocrx_word' id='word_1_185' title='bbox 330 2447 447 2490; x_wconf 85' lang='grc' dir='ltr'><em>παῖς,</em></span> <span class='ocrx_word' id='word_1_186' title='bbox 487 2438 535 2481; x_wconf 81' lang='grc' dir='ltr'>ου’</span> <span class='ocrx_word' id='word_1_187' title='bbox 558 2439 632 2494; x_wconf 72' lang='grc' dir='ltr'>γὰρ</span> <span class='ocrx_word' id='word_1_188' title='bbox 655 2441 731 2493; x_wconf 75' lang='grc' dir='ltr'>ἔφη</span> <span class='ocrx_word' id='word_1_189' title='bbox 757 2457 790 2481; x_wconf 80' lang='grc' dir='ltr'><strong><em>κ</em></strong></span> 
     </span>
     <span class='ocr_line' id='line_1_41' title="bbox 136 2496 794 2547; baseline 0.002 -13"><span class='ocrx_word' id='word_1_190' title='bbox 136 2511 168 2534; x_wconf 91' lang='grc' dir='ltr'>τ.</span> <span class='ocrx_word' id='word_1_191' title='bbox 188 2496 236 2547; x_wconf 84' lang='grc' dir='ltr'>λ.]</span> <span class='ocrx_word' id='word_1_192' title='bbox 267 2499 454 2537; x_wconf 87' lang='lat' dir='ltr'>Orationis</span> <span class='ocrx_word' id='word_1_193' title='bbox 473 2504 690 2537; x_wconf 82' lang='lat' dir='ltr'>structuram</span> <span class='ocrx_word' id='word_1_194' title='bbox 708 2500 794 2535; x_wconf 89' lang='lat' dir='ltr'>atti-</span> 
     </span>
     <span class='ocr_line' id='line_1_42' title="bbox 137 2553 791 2607; baseline 0.012 -18"><span class='ocrx_word' id='word_1_195' title='bbox 137 2554 192 2601; x_wconf 87' lang='lat' dir='ltr'>git</span> <span class='ocrx_word' id='word_1_196' title='bbox 213 2553 345 2593; x_wconf 86' lang='lat' dir='ltr'>Matth.</span> <span class='ocrx_word' id='word_1_197' title='bbox 369 2557 436 2593; x_wconf 93' lang='lat' dir='ltr'>Gr.</span> <span class='ocrx_word' id='word_1_198' title='bbox 458 2557 524 2593; x_wconf 89' lang='lat' dir='ltr'>Gr.</span> <span class='ocrx_word' id='word_1_199' title='bbox 552 2569 638 2607; x_wconf 84' lang='lat' dir='ltr'>pag.</span> <span class='ocrx_word' id='word_1_200' title='bbox 671 2555 791 2597; x_wconf 80' lang='lat'>1295.</span> 
     </span>
     <span class='ocr_line' id='line_1_43' title="bbox 139 2611 791 2664; baseline 0.002 -15"><span class='ocrx_word' id='word_1_201' title='bbox 139 2611 260 2650; x_wconf 80' lang='lat'>1297.</span> <span class='ocrx_word' id='word_1_202' title='bbox 335 2612 518 2650; x_wconf 89' lang='lat' dir='ltr'>Particula</span> <span class='ocrx_word' id='word_1_203' title='bbox 577 2614 791 2664; x_wconf 78' lang='grc' dir='ltr'><em>τοιγαροῦν</em></span> 
     </span>
     <span class='ocr_line' id='line_1_44' title="bbox 137 2666 793 2707; baseline 0.006 -5"><span class='ocrx_word' id='word_1_204' title='bbox 137 2666 374 2704; x_wconf 88' lang='lat' dir='ltr'>concludendi</span> <span class='ocrx_word' id='word_1_205' title='bbox 400 2669 472 2706; x_wconf 77' lang='lat' dir='ltr'>vim</span> <span class='ocrx_word' id='word_1_206' title='bbox 496 2669 531 2706; x_wconf 90' lang='lat' dir='ltr'>h.</span> <span class='ocrx_word' id='word_1_207' title='bbox 555 2668 576 2706; x_wconf 90' lang='lat' dir='ltr'>I.</span> <span class='ocrx_word' id='word_1_208' title='bbox 606 2682 793 2707; x_wconf 83' lang='lat' dir='ltr'>assumere</span> 
     </span>
     <span class='ocr_line' id='line_1_45' title="bbox 136 2722 794 2774; baseline 0.006 -16"><span class='ocrx_word' id='word_1_209' title='bbox 136 2722 302 2760; x_wconf 80' lang='lat' dir='ltr'>videtur:</span> <span class='ocrx_word' id='word_1_210' title='bbox 332 2725 461 2773; x_wconf 79' lang='lat' dir='ltr'>itaque.</span> <span class='ocrx_word' id='word_1_211' title='bbox 508 2726 618 2764; x_wconf 87' lang='lat' dir='ltr'>conf.</span> <span class='ocrx_word' id='word_1_212' title='bbox 640 2726 794 2774; x_wconf 88' lang='lat' dir='ltr'>Hooge-</span> 
     </span>
     <span class='ocr_line' id='line_1_46' title="bbox 136 2779 792 2834; baseline 0.009 -20"><span class='ocrx_word' id='word_1_213' title='bbox 136 2791 241 2816; x_wconf 82' lang='lat' dir='ltr'>veen.</span> <span class='ocrx_word' id='word_1_214' title='bbox 262 2779 390 2817; x_wconf 89' lang='lat' dir='ltr'>Doctr.</span> <span class='ocrx_word' id='word_1_215' title='bbox 410 2781 563 2818; x_wconf 89' lang='lat' dir='ltr'>Particc.</span> <span class='ocrx_word' id='word_1_216' title='bbox 586 2796 665 2834; x_wconf 88' lang='lat' dir='ltr'>cap.</span> <span class='ocrx_word' id='word_1_217' title='bbox 684 2781 792 2834; x_wconf 50' lang='lat'>535</span> 
     </span>
     <span class='ocr_line' id='line_1_47' title="bbox 137 2833 597 2903; baseline 0 -29"><span class='ocrx_word' id='word_1_218' title='bbox 137 2833 162 2874; x_wconf 85' lang='lat'>4</span> <span class='ocrx_word' id='word_1_219' title='bbox 183 2848 285 2885; x_wconf 89' lang='lat' dir='ltr'>seqq.</span> <span class='ocrx_word' id='word_1_220' title='bbox 306 2849 392 2901; x_wconf 77' lang='lat' dir='ltr'>pag.</span> <span class='ocrx_word' id='word_1_221' title='bbox 412 2836 490 2877; x_wconf 87' lang='lat'>751</span> <span class='ocrx_word' id='word_1_222' title='bbox 517 2850 597 2903; x_wconf 55' lang='lat' dir='ltr'>seq.</span> 
     </span>
    </p>

    <p class='ocr_par' dir='ltr' id='par_1_14' title="bbox 194 2889 794 2943">
     <span class='ocr_line' id='line_1_48' title="bbox 194 2889 794 2943; baseline 0.005 -13"><span class='ocrx_word' id='word_1_223' title='bbox 194 2889 540 2943; x_wconf 78' lang='grc' dir='ltr'><em>συμπλεύσεσθαι]</em></span> <span class='ocrx_word' id='word_1_224' title='bbox 587 2895 609 2932; x_wconf 92' lang='lat' dir='ltr'>i.</span> <span class='ocrx_word' id='word_1_225' title='bbox 645 2909 677 2934; x_wconf 91' lang='lat' dir='ltr'>e.</span> <span class='ocrx_word' id='word_1_226' title='bbox 719 2908 794 2933; x_wconf 87' lang='lat' dir='ltr'>una</span> 
     </span>
    </p>
   </div>
   <div class='ocr_carea' id='block_1_11' title="bbox 847 861 1519 2935">
    <p class='ocr_par' dir='ltr' id='par_1_15' title="bbox 847 861 1519 2935">
     <span class='ocr_line' id='line_1_49' title="bbox 859 861 1518 911; baseline 0.003 -13"><span class='ocrx_word' id='word_1_227' title='bbox 859 874 940 898; x_wconf 88' lang='lat' dir='ltr'>cnm</span> <span class='ocrx_word' id='word_1_228' title='bbox 974 862 1055 911; x_wconf 87' lang='lat' dir='ltr'>ipso</span> <span class='ocrx_word' id='word_1_229' title='bbox 1095 861 1278 911; x_wconf 88' lang='lat' dir='ltr'>proficisci</span> <span class='ocrx_word' id='word_1_230' title='bbox 1314 862 1351 898; x_wconf 90' lang='lat' dir='ltr'>in</span> <span class='ocrx_word' id='word_1_231' title='bbox 1385 873 1518 900; x_wconf 89' lang='lat' dir='ltr'>novam</span> 
     </span>
     <span class='ocr_line' id='line_1_50' title="bbox 857 916 1519 966; baseline 0.005 -13"><span class='ocrx_word' id='word_1_232' title='bbox 857 917 932 955; x_wconf 90' lang='lat' dir='ltr'>scil.</span> <span class='ocrx_word' id='word_1_233' title='bbox 963 916 1141 955; x_wconf 87' lang='lat' dir='ltr'>coloniam</span> <span class='ocrx_word' id='word_1_234' title='bbox 1174 931 1195 955; x_wconf 93' lang='lat' dir='ltr'>e</span> <span class='ocrx_word' id='word_1_235' title='bbox 1224 917 1519 966; x_wconf 87' lang='lat' dir='ltr'>Lacedaemone,</span> 
     </span>
     <span class='ocr_line' id='line_1_51' title="bbox 856 974 1517 1023; baseline 0.002 -12"><span class='ocrx_word' id='word_1_236' title='bbox 856 974 932 1012; x_wconf 84' lang='lat' dir='ltr'>sive</span> <span class='ocrx_word' id='word_1_237' title='bbox 951 975 998 1011; x_wconf 88' lang='lat' dir='ltr'>ad</span> <span class='ocrx_word' id='word_1_238' title='bbox 1019 987 1132 1011; x_wconf 80' lang='lat' dir='ltr'>novas</span> <span class='ocrx_word' id='word_1_239' title='bbox 1144 974 1375 1023; x_wconf 85' lang='lat' dir='ltr'>quaerendas</span> <span class='ocrx_word' id='word_1_240' title='bbox 1398 976 1517 1012; x_wconf 89' lang='lat' dir='ltr'>sedes.</span> 
     </span>
     <span class='ocr_line' id='line_1_52' title="bbox 913 1026 1518 1080; baseline -0.003 -10"><span class='ocrx_word' id='word_1_241' title='bbox 913 1027 978 1070; x_wconf 79' lang='grc' dir='ltr'>ὄϊν</span> <span class='ocrx_word' id='word_1_242' title='bbox 999 1029 1042 1069; x_wconf 79' lang='grc' dir='ltr'>ἐν</span> <span class='ocrx_word' id='word_1_243' title='bbox 1063 1026 1232 1080; x_wconf 67' lang='grc' dir='ltr'><em>λύκοισι]</em></span> <span class='ocrx_word' id='word_1_244' title='bbox 1251 1031 1430 1068; x_wconf 89' lang='lat' dir='ltr'>Referunt</span> <span class='ocrx_word' id='word_1_245' title='bbox 1448 1031 1518 1068; x_wconf 92' lang='lat' dir='ltr'>huc</span> 
     </span>
     <span class='ocr_line' id='line_1_53' title="bbox 855 1087 1516 1137; baseline 0.002 -13"><span class='ocrx_word' id='word_1_246' title='bbox 855 1087 955 1137; x_wconf 89' lang='lat' dir='ltr'>apud</span> <span class='ocrx_word' id='word_1_247' title='bbox 974 1087 1200 1137; x_wconf 75' lang='lat' dir='ltr'>Evangelist.</span> <span class='ocrx_word' id='word_1_248' title='bbox 1220 1087 1355 1125; x_wconf 77' lang='lat' dir='ltr'>Matth.</span> <span class='ocrx_word' id='word_1_249' title='bbox 1377 1087 1424 1133; x_wconf 91' lang='lat' dir='ltr'>X,</span> <span class='ocrx_word' id='word_1_250' title='bbox 1445 1089 1516 1128; x_wconf 88' lang='lat'>16:</span> 
     </span>
     <span class='ocr_line' id='line_1_54' title="bbox 857 1140 1516 1197; baseline -0.002 -14"><span class='ocrx_word' id='word_1_251' title='bbox 857 1142 911 1190; x_wconf 76' lang='grc' dir='ltr'>ὥς</span> <span class='ocrx_word' id='word_1_252' title='bbox 947 1140 1129 1196; x_wconf 82' lang='grc' dir='ltr'><em>πρόβατα</em></span> <span class='ocrx_word' id='word_1_253' title='bbox 1156 1143 1198 1183; x_wconf 83' lang='grc' dir='ltr'>ἐν</span> <span class='ocrx_word' id='word_1_254' title='bbox 1229 1142 1334 1197; x_wconf 79' lang='grc' dir='ltr'><em>μέσῳ</em></span> <span class='ocrx_word' id='word_1_255' title='bbox 1361 1140 1516 1193; x_wconf 84' lang='grc' dir='ltr'><em>λύκων,·</em></span> 
     </span>
     <span class='ocr_line' id='line_1_55' title="bbox 855 1200 1517 1251; baseline 0.003 -14"><span class='ocrx_word' id='word_1_256' title='bbox 855 1201 903 1237; x_wconf 90' lang='lat' dir='ltr'>ad</span> <span class='ocrx_word' id='word_1_257' title='bbox 928 1214 1036 1249; x_wconf 88' lang='lat' dir='ltr'>quem</span> <span class='ocrx_word' id='word_1_258' title='bbox 1065 1201 1181 1238; x_wconf 90' lang='lat' dir='ltr'>locum</span> <span class='ocrx_word' id='word_1_259' title='bbox 1205 1200 1311 1251; x_wconf 90' lang='lat' dir='ltr'>plura</span> <span class='ocrx_word' id='word_1_260' title='bbox 1332 1201 1517 1239; x_wconf 86' lang='lat' dir='ltr'>dederunt</span> 
     </span>
     <span class='ocr_line' id='line_1_56' title="bbox 855 1257 1515 1308; baseline 0.003 -15"><span class='ocrx_word' id='word_1_261' title='bbox 855 1258 1053 1294; x_wconf 84' lang='lat' dir='ltr'>doctissimi</span> <span class='ocrx_word' id='word_1_262' title='bbox 1071 1259 1301 1308; x_wconf 81' lang='lat' dir='ltr'>interpretes.</span> <span class='ocrx_word' id='word_1_263' title='bbox 1338 1257 1436 1294; x_wconf 86' lang='lat' dir='ltr'>Hinc</span> <span class='ocrx_word' id='word_1_264' title='bbox 1455 1258 1515 1295; x_wconf 87' lang='lat' dir='ltr'>vix</span> 
     </span>
     <span class='ocr_line' id='line_1_57' title="bbox 855 1314 1515 1364; baseline 0.002 -14"><span class='ocrx_word' id='word_1_265' title='bbox 855 1327 966 1364; x_wconf 92' lang='lat' dir='ltr'>opus,</span> <span class='ocrx_word' id='word_1_266' title='bbox 999 1315 1047 1352; x_wconf 93' lang='lat' dir='ltr'>de</span> <span class='ocrx_word' id='word_1_267' title='bbox 1067 1314 1173 1351; x_wconf 87' lang='lat' dir='ltr'>huius</span> <span class='ocrx_word' id='word_1_268' title='bbox 1192 1314 1276 1351; x_wconf 86' lang='lat' dir='ltr'>dicti</span> <span class='ocrx_word' id='word_1_269' title='bbox 1297 1326 1406 1351; x_wconf 89' lang='lat' dir='ltr'>sensu</span> <span class='ocrx_word' id='word_1_270' title='bbox 1431 1314 1515 1364; x_wconf 92' lang='lat' dir='ltr'>plu-</span> 
     </span>
     <span class='ocr_line' id='line_1_58' title="bbox 854 1370 1510 1421; baseline 0.003 -15"><span class='ocrx_word' id='word_1_271' title='bbox 854 1371 953 1407; x_wconf 90' lang='lat' dir='ltr'>ribus</span> <span class='ocrx_word' id='word_1_272' title='bbox 973 1384 1167 1421; x_wconf 83' lang='lat' dir='ltr'>exponere.</span> <span class='ocrx_word' id='word_1_273' title='bbox 1215 1370 1273 1408; x_wconf 91' lang='lat' dir='ltr'>De</span> <span class='ocrx_word' id='word_1_274' title='bbox 1295 1370 1445 1419; x_wconf 73' lang='lat' dir='ltr'>Oeolyco</span> <span class='ocrx_word' id='word_1_275' title='bbox 1465 1371 1510 1408; x_wconf 92' lang='lat' dir='ltr'>cf.</span> 
     </span>
     <span class='ocr_line' id='line_1_59' title="bbox 854 1427 1481 1473; baseline -0.003 -8"><span class='ocrx_word' id='word_1_276' title='bbox 854 1427 964 1465; x_wconf 88' lang='lat' dir='ltr'>etiam</span> <span class='ocrx_word' id='word_1_277' title='bbox 986 1428 1146 1465; x_wconf 88' lang='lat' dir='ltr'>Pausan.</span> <span class='ocrx_word' id='word_1_278' title='bbox 1168 1427 1241 1473; x_wconf 91' lang='lat' dir='ltr'>III,</span> <span class='ocrx_word' id='word_1_279' title='bbox 1268 1427 1331 1467; x_wconf 91' lang='grc'>15.</span> <span class='ocrx_word' id='word_1_280' title='bbox 1361 1427 1424 1473; x_wconf 92' lang='lat' dir='ltr'>IV,</span> <span class='ocrx_word' id='word_1_281' title='bbox 1445 1429 1481 1467; x_wconf 88' lang='lat'>7.</span> 
     </span>
     <span class='ocr_line' id='line_1_60' title="bbox 910 1479 1511 1534; baseline -0.002 -12"><span class='ocrx_word' id='word_1_282' title='bbox 910 1484 978 1522; x_wconf 83' lang='grc' dir='ltr'>καί</span> <span class='ocrx_word' id='word_1_283' title='bbox 999 1479 1407 1534; x_wconf 70' lang='grc' dir='ltr'>κως-ἐπεκράτησε]</span> <span class='ocrx_word' id='word_1_284' title='bbox 1439 1484 1461 1519; x_wconf 93' lang='lat' dir='ltr'>i.</span> <span class='ocrx_word' id='word_1_285' title='bbox 1479 1497 1511 1521; x_wconf 91' lang='lat' dir='ltr'>e.</span> 
     </span>
     <span class='ocr_line' id='line_1_61' title="bbox 853 1540 1509 1590; baseline 0.002 -13"><span class='ocrx_word' id='word_1_286' title='bbox 853 1540 960 1590; x_wconf 75' lang='lat' dir='ltr'>idque</span> <span class='ocrx_word' id='word_1_287' title='bbox 989 1553 1108 1577; x_wconf 72' lang='lat' dir='ltr'>nomen</span> <span class='ocrx_word' id='word_1_288' title='bbox 1130 1540 1211 1590; x_wconf 79' lang='lat' dir='ltr'>fere</span> <span class='ocrx_word' id='word_1_289' title='bbox 1239 1540 1395 1577; x_wconf 74' lang='lat' dir='ltr'>invaluit</span> <span class='ocrx_word' id='word_1_290' title='bbox 1419 1540 1509 1587; x_wconf 86' lang='lat' dir='ltr'>sive,</span> 
     </span>
     <span class='ocr_line' id='line_1_62' title="bbox 849 1596 1510 1634; baseline -0.002 0"><span class='ocrx_word' id='word_1_291' title='bbox 849 1602 889 1634; x_wconf 90' lang='lat' dir='ltr'>ut</span> <span class='ocrx_word' id='word_1_292' title='bbox 908 1596 1011 1633; x_wconf 76' lang='lat' dir='ltr'>Valla</span> <span class='ocrx_word' id='word_1_293' title='bbox 1041 1597 1224 1634; x_wconf 88' lang='lat' dir='ltr'>reddidit:</span> <span class='ocrx_word' id='word_1_294' title='bbox 1273 1600 1307 1632; x_wconf 80' lang='lat' dir='ltr'>et</span> <span class='ocrx_word' id='word_1_295' title='bbox 1331 1596 1370 1633; x_wconf 72' lang='lat' dir='ltr'>id</span> <span class='ocrx_word' id='word_1_296' title='bbox 1388 1609 1510 1633; x_wconf 76' lang='lat' dir='ltr'>nomen</span> 
     </span>
     <span class='ocr_line' id='line_1_63' title="bbox 848 1653 1512 1703; baseline -0.002 -13"><span class='ocrx_word' id='word_1_297' title='bbox 848 1654 1073 1703; x_wconf 85' lang='lat' dir='ltr'>(cognomen</span> <span class='ocrx_word' id='word_1_298' title='bbox 1100 1654 1174 1690; x_wconf 86' lang='lat' dir='ltr'>scil.</span> <span class='ocrx_word' id='word_1_299' title='bbox 1208 1666 1229 1690; x_wconf 92' lang='lat' dir='ltr'>a</span> <span class='ocrx_word' id='word_1_300' title='bbox 1261 1657 1370 1702; x_wconf 83' lang='lat' dir='ltr'>patre</span> <span class='ocrx_word' id='word_1_301' title='bbox 1392 1653 1512 1690; x_wconf 90' lang='lat' dir='ltr'>disce-</span> 
     </span>
     <span class='ocr_line' id='line_1_64' title="bbox 849 1709 1510 1758; baseline -0.002 -11"><span class='ocrx_word' id='word_1_302' title='bbox 849 1711 962 1747; x_wconf 85' lang='lat' dir='ltr'>dente</span> <span class='ocrx_word' id='word_1_303' title='bbox 972 1710 1130 1747; x_wconf 89' lang='lat' dir='ltr'>inditum</span> <span class='ocrx_word' id='word_1_304' title='bbox 1140 1709 1229 1758; x_wconf 86' lang='lat' dir='ltr'>filio)</span> <span class='ocrx_word' id='word_1_305' title='bbox 1239 1709 1349 1746; x_wconf 79' lang='lat' dir='ltr'>alteri</span> <span class='ocrx_word' id='word_1_306' title='bbox 1359 1710 1510 1755; x_wconf 82' lang='lat' dir='ltr'>(nomini</span> 
     </span>
     <span class='ocr_line' id='line_1_65' title="bbox 850 1766 1511 1816; baseline 0 -13"><span class='ocrx_word' id='word_1_307' title='bbox 850 1766 923 1804; x_wconf 85' lang='lat' dir='ltr'>scil.</span> <span class='ocrx_word' id='word_1_308' title='bbox 936 1794 947 1813; x_wconf 91' lang='lat'>‚</span> <span class='ocrx_word' id='word_1_309' title='bbox 984 1779 1057 1816; x_wconf 92' lang='lat' dir='ltr'>quo</span> <span class='ocrx_word' id='word_1_310' title='bbox 1078 1766 1232 1804; x_wconf 88' lang='lat' dir='ltr'>antehac</span> <span class='ocrx_word' id='word_1_311' title='bbox 1253 1766 1428 1816; x_wconf 89' lang='lat' dir='ltr'>appellari</span> <span class='ocrx_word' id='word_1_312' title='bbox 1449 1778 1511 1803; x_wconf 90' lang='lat' dir='ltr'>so·</span> 
     </span>
     <span class='ocr_line' id='line_1_66' title="bbox 850 1822 1509 1873; baseline 0 -13"><span class='ocrx_word' id='word_1_313' title='bbox 850 1823 933 1860; x_wconf 89' lang='lat' dir='ltr'>litus</span> <span class='ocrx_word' id='word_1_314' title='bbox 949 1825 1048 1871; x_wconf 83' lang='lat' dir='ltr'>erat)</span> <span class='ocrx_word' id='word_1_315' title='bbox 1060 1823 1277 1873; x_wconf 77' lang='lat' dir='ltr'>praevaluit.</span> <span class='ocrx_word' id='word_1_316' title='bbox 1310 1822 1410 1860; x_wconf 89' lang='lat' dir='ltr'>Idem</span> <span class='ocrx_word' id='word_1_317' title='bbox 1428 1835 1509 1860; x_wconf 88' lang='lat' dir='ltr'>ver-</span> 
     </span>
     <span class='ocr_line' id='line_1_67' title="bbox 848 1878 1509 1931; baseline -0.002 -14"><span class='ocrx_word' id='word_1_318' title='bbox 848 1881 933 1918; x_wconf 88' lang='lat' dir='ltr'>bum</span> <span class='ocrx_word' id='word_1_319' title='bbox 968 1878 1192 1931; x_wconf 76' lang='grc' dir='ltr'><em>ἐπικρατεῖν</em></span> <span class='ocrx_word' id='word_1_320' title='bbox 1227 1879 1357 1917; x_wconf 89' lang='lat' dir='ltr'>eodem</span> <span class='ocrx_word' id='word_1_321' title='bbox 1399 1892 1509 1917; x_wconf 88' lang='lat' dir='ltr'>sensu</span> 
     </span>
     <span class='ocr_line' id='line_1_68' title="bbox 849 1934 1510 1986; baseline 0 -14"><span class='ocrx_word' id='word_1_322' title='bbox 849 1937 951 1986; x_wconf 87' lang='lat' dir='ltr'>apud</span> <span class='ocrx_word' id='word_1_323' title='bbox 970 1937 1101 1976; x_wconf 91' lang='lat' dir='ltr'>Athen.</span> <span class='ocrx_word' id='word_1_324' title='bbox 1124 1935 1212 1973; x_wconf 93' lang='lat' dir='ltr'>XIII</span> <span class='ocrx_word' id='word_1_325' title='bbox 1232 1949 1268 1986; x_wconf 89' lang='lat' dir='ltr'>p.</span> <span class='ocrx_word' id='word_1_326' title='bbox 1292 1934 1373 1976; x_wconf 87' lang='lat'>578</span> <span class='ocrx_word' id='word_1_327' title='bbox 1392 1936 1434 1975; x_wconf 92' lang='grc' dir='ltr'>Ε.</span> <span class='ocrx_word' id='word_1_328' title='bbox 1472 1940 1510 1973; x_wconf 89' lang='lat' dir='ltr'>et</span> 
     </span>
     <span class='ocr_line' id='line_1_69' title="bbox 849 1990 1509 2041; baseline -0.002 -11"><span class='ocrx_word' id='word_1_329' title='bbox 849 1992 1007 2041; x_wconf 85' lang='lat' dir='ltr'>Diogen.</span> <span class='ocrx_word' id='word_1_330' title='bbox 1026 1993 1148 2030; x_wconf 89' lang='lat' dir='ltr'>Laert.</span> <span class='ocrx_word' id='word_1_331' title='bbox 1169 1992 1240 2039; x_wconf 89' lang='lat' dir='ltr'>Ill,</span> <span class='ocrx_word' id='word_1_332' title='bbox 1271 1990 1311 2031; x_wconf 80' lang='grc'>4.</span> <span class='ocrx_word' id='word_1_333' title='bbox 1359 1991 1410 2038; x_wconf 88' lang='lat' dir='ltr'>V,</span> <span class='ocrx_word' id='word_1_334' title='bbox 1432 1993 1509 2032; x_wconf 86' lang='lat'>38:</span> 
     </span>
     <span class='ocr_line' id='line_1_70' title="bbox 850 2047 1510 2097; baseline -0.002 -12"><span class='ocrx_word' id='word_1_335' title='bbox 850 2062 944 2097; x_wconf 85' lang='lat' dir='ltr'>quae</span> <span class='ocrx_word' id='word_1_336' title='bbox 969 2049 1094 2085; x_wconf 81' lang='lat' dir='ltr'>laudat</span> <span class='ocrx_word' id='word_1_337' title='bbox 1112 2048 1287 2086; x_wconf 88' lang='lat' dir='ltr'>Valcken.</span> <span class='ocrx_word' id='word_1_338' title='bbox 1324 2047 1391 2085; x_wconf 83' lang='lat' dir='ltr'>Cr.</span> <span class='ocrx_word' id='word_1_339' title='bbox 1423 2048 1510 2086; x_wconf 92' lang='lat' dir='ltr'>citat</span> 
     </span>
     <span class='ocr_line' id='line_1_71' title="bbox 850 2104 1508 2155; baseline -0.002 -14"><span class='ocrx_word' id='word_1_340' title='bbox 850 2105 969 2155; x_wconf 86' lang='lat' dir='ltr'>Toup.</span> <span class='ocrx_word' id='word_1_341' title='bbox 997 2106 1045 2142; x_wconf 84' lang='lat' dir='ltr'>ad</span> <span class='ocrx_word' id='word_1_342' title='bbox 1071 2104 1228 2154; x_wconf 87' lang='lat' dir='ltr'>Longin.</span> <span class='ocrx_word' id='word_1_343' title='bbox 1258 2109 1345 2141; x_wconf 89' lang='lat' dir='ltr'>sect.</span> <span class='ocrx_word' id='word_1_344' title='bbox 1374 2104 1444 2140; x_wconf 94' lang='lat' dir='ltr'>XV</span> <span class='ocrx_word' id='word_1_345' title='bbox 1470 2117 1508 2154; x_wconf 90' lang='lat' dir='ltr'>p.</span> 
     </span>
     <span class='ocr_line' id='line_1_72' title="bbox 850 2159 1509 2210; baseline -0.011 -8"><span class='ocrx_word' id='word_1_346' title='bbox 850 2163 931 2202; x_wconf 83' lang='lat'>313</span> <span class='ocrx_word' id='word_1_347' title='bbox 953 2161 1031 2208; x_wconf 90' lang='lat' dir='ltr'>(ed.</span> <span class='ocrx_word' id='word_1_348' title='bbox 1052 2162 1173 2198; x_wconf 75' lang='lat' dir='ltr'>Oxon.</span> <span class='ocrx_word' id='word_1_349' title='bbox 1198 2159 1349 2210; x_wconf 81' lang='lat'>1778),</span> <span class='ocrx_word' id='word_1_350' title='bbox 1378 2160 1440 2197; x_wconf 91' lang='lat' dir='ltr'>ubi</span> <span class='ocrx_word' id='word_1_351' title='bbox 1460 2161 1509 2196; x_wconf 88' lang='lat' dir='ltr'>si-</span> 
     </span>
     <span class='ocr_line' id='line_1_73' title="bbox 850 2216 1508 2255; baseline -0.003 0"><span class='ocrx_word' id='word_1_352' title='bbox 850 2217 944 2255; x_wconf 89' lang='lat' dir='ltr'>milis</span> <span class='ocrx_word' id='word_1_353' title='bbox 978 2217 1076 2255; x_wconf 92' lang='lat' dir='ltr'>Iocus</span> <span class='ocrx_word' id='word_1_354' title='bbox 1112 2231 1133 2255; x_wconf 90' lang='lat' dir='ltr'>e</span> <span class='ocrx_word' id='word_1_355' title='bbox 1166 2216 1319 2254; x_wconf 89' lang='lat' dir='ltr'>Philone</span> <span class='ocrx_word' id='word_1_356' title='bbox 1355 2216 1508 2254; x_wconf 87' lang='lat' dir='ltr'>affertur</span> 
     </span>
     <span class='ocr_line' id='line_1_74' title="bbox 850 2274 1506 2324; baseline 0 -13"><span class='ocrx_word' id='word_1_357' title='bbox 850 2275 992 2311; x_wconf 74' lang='lat' dir='ltr'>adv.ers</span> <span class='ocrx_word' id='word_1_358' title='bbox 1011 2274 1180 2311; x_wconf 84' lang='lat' dir='ltr'>Flaccum</span> <span class='ocrx_word' id='word_1_359' title='bbox 1199 2287 1234 2324; x_wconf 91' lang='lat' dir='ltr'>p.</span> <span class='ocrx_word' id='word_1_360' title='bbox 1247 2275 1348 2314; x_wconf 76' lang='lat'><strong>520·</strong></span> <span class='ocrx_word' id='word_1_361' title='bbox 1389 2275 1506 2312; x_wconf 84' lang='grc' dir='ltr'><em>τοῦτο</em></span> 
     </span>
     <span class='ocr_line' id='line_1_75' title="bbox 849 2326 1470 2386; baseline -0.002 -17"><span class='ocrx_word' id='word_1_362' title='bbox 849 2328 924 2384; x_wconf 67' lang='grc' dir='ltr'>γαρ</span> <span class='ocrx_word' id='word_1_363' title='bbox 942 2326 1158 2386; x_wconf 72' lang='grc' dir='ltr'><em>κεκράτηκε</em></span> <span class='ocrx_word' id='word_1_364' title='bbox 1180 2345 1266 2376; x_wconf 84' lang='grc' dir='ltr'>πως</span> <span class='ocrx_word' id='word_1_365' title='bbox 1281 2326 1470 2380; x_wconf 74' lang='grc' dir='ltr'><em>τοῦνομα.</em></span> 
     </span>
     <span class='ocr_line' id='line_1_76' title="bbox 908 2383 1506 2438; baseline -0.003 -12"><span class='ocrx_word' id='word_1_366' title='bbox 908 2383 972 2426; x_wconf 80' lang='grc' dir='ltr'>ἐπ’</span> <span class='ocrx_word' id='word_1_367' title='bbox 997 2388 1045 2426; x_wconf 85' lang='grc' dir='ltr'>οὑ</span> <span class='ocrx_word' id='word_1_368' title='bbox 1074 2387 1257 2438; x_wconf 80' lang='grc' dir='ltr'><em>Αἰγεῖδαι</em></span> <span class='ocrx_word' id='word_1_369' title='bbox 1279 2385 1506 2436; x_wconf 81' lang='grc' dir='ltr'><em>καλευνται]</em></span> 
     </span>
     <span class='ocr_line' id='line_1_77' title="bbox 848 2443 1506 2513; baseline -0.003 -32"><span class='ocrx_word' id='word_1_370' title='bbox 848 2443 880 2481; x_wconf 89' lang='grc' dir='ltr'><em>Ε</em></span> <span class='ocrx_word' id='word_1_371' title='bbox 899 2444 1088 2490; x_wconf 82' lang='lat' dir='ltr'>Mediceo,</span> <span class='ocrx_word' id='word_1_372' title='bbox 1130 2443 1368 2513; x_wconf 78' lang='lat' dir='ltr'>Florentino,</span> <span class='ocrx_word' id='word_1_373' title='bbox 1427 2443 1506 2480; x_wconf 87' lang='lat' dir='ltr'>aliis</span> 
     </span>
     <span class='ocr_line' id='line_1_78' title="bbox 848 2496 1507 2567; baseline -0.003 -30"><span class='ocrx_word' id='word_1_374' title='bbox 848 2501 970 2551; x_wconf 86' lang='lat' dir='ltr'>recepi</span> <span class='ocrx_word' id='word_1_375' title='bbox 996 2496 1302 2568; x_wconf 48' lang='lat' dir='ltr'>e&#39;w&#39;0153cuius</span> <span class='ocrx_word' id='word_1_376' title='bbox 1331 2499 1411 2536; x_wconf 88' lang='lat' dir='ltr'>Ioco</span> <span class='ocrx_word' id='word_1_377' title='bbox 1447 2499 1507 2536; x_wconf 87' lang='lat' dir='ltr'>alii</span> 
     </span>
     <span class='ocr_line' id='line_1_79' title="bbox 851 2551 1507 2605; baseline -0.005 -10"><span class='ocrx_word' id='word_1_378' title='bbox 851 2552 927 2595; x_wconf 71' lang='grc' dir='ltr'>ἀπ’</span> <span class='ocrx_word' id='word_1_379' title='bbox 962 2551 1032 2604; x_wconf 77' lang='grc' dir='ltr'>οὗ,</span> <span class='ocrx_word' id='word_1_380' title='bbox 1071 2556 1130 2593; x_wconf 88' lang='lat' dir='ltr'>alii</span> <span class='ocrx_word' id='word_1_381' title='bbox 1153 2552 1232 2595; x_wconf 76' lang='grc' dir='ltr'>ἄπο</span> <span class='ocrx_word' id='word_1_382' title='bbox 1263 2558 1358 2605; x_wconf 83' lang='grc' dir='ltr'><em>τοῦ,·</em></span> <span class='ocrx_word' id='word_1_383' title='bbox 1398 2568 1507 2605; x_wconf 85' lang='lat' dir='ltr'>quam</span> 
     </span>
     <span class='ocr_line' id='line_1_80' title="bbox 847 2611 1509 2663; baseline -0.005 -12"><span class='ocrx_word' id='word_1_384' title='bbox 847 2613 1037 2651; x_wconf 88' lang='lat' dir='ltr'>lectionem</span> <span class='ocrx_word' id='word_1_385' title='bbox 1058 2614 1242 2663; x_wconf 83' lang='lat' dir='ltr'>vulgatam</span> <span class='ocrx_word' id='word_1_386' title='bbox 1269 2611 1509 2651; x_wconf 88' lang='lat' dir='ltr'>recentissimi</span> 
     </span>
     <span class='ocr_line' id='line_1_81' title="bbox 849 2644 1508 2719; baseline -0.005 -11"><span class='ocrx_word' id='word_1_387' title='bbox 849 2670 1006 2708; x_wconf 90' lang='lat' dir='ltr'>editores</span> <span class='ocrx_word' id='word_1_388' title='bbox 1037 2644 1276 2708; x_wconf 54' lang='lat' dir='ltr'>retinouerunt.</span> <span class='ocrx_word' id='word_1_389' title='bbox 1334 2669 1392 2707; x_wconf 92' lang='lat' dir='ltr'>De</span> <span class='ocrx_word' id='word_1_390' title='bbox 1426 2669 1508 2719; x_wconf 86' lang='lat' dir='ltr'>ipsa</span> 
     </span>
     <span class='ocr_line' id='line_1_82' title="bbox 848 2726 1509 2776; baseline -0.005 -12"><span class='ocrx_word' id='word_1_391' title='bbox 848 2727 1070 2775; x_wconf 67' lang='lat' dir='ltr'>Aegidarum</span> <span class='ocrx_word' id='word_1_392' title='bbox 1114 2731 1226 2776; x_wconf 86' lang='lat' dir='ltr'>gente</span> <span class='ocrx_word' id='word_1_393' title='bbox 1273 2726 1509 2771; x_wconf 86' lang='lat' dir='ltr'>nobilissima,</span> 
     </span>
     <span class='ocr_line' id='line_1_83' title="bbox 848 2781 1507 2830; baseline -0.003 -11"><span class='ocrx_word' id='word_1_394' title='bbox 848 2783 938 2820; x_wconf 90' lang='lat' dir='ltr'>alios</span> <span class='ocrx_word' id='word_1_395' title='bbox 968 2788 1010 2820; x_wconf 91' lang='lat' dir='ltr'>ut</span> <span class='ocrx_word' id='word_1_396' title='bbox 1033 2788 1196 2830; x_wconf 88' lang='lat' dir='ltr'>taceam,</span> <span class='ocrx_word' id='word_1_397' title='bbox 1237 2783 1333 2819; x_wconf 86' lang='lat' dir='ltr'>conf.</span> <span class='ocrx_word' id='word_1_398' title='bbox 1362 2781 1507 2818; x_wconf 82' lang='lat' dir='ltr'>Miiller.</span> 
     </span>
     <span class='ocr_line' id='line_1_84' title="bbox 850 2836 1508 2891; baseline -0.006 -15"><span class='ocrx_word' id='word_1_399' title='bbox 850 2840 1068 2877; x_wconf 89' lang='lat' dir='ltr'>Orchomen.</span> <span class='ocrx_word' id='word_1_400' title='bbox 1088 2853 1176 2891; x_wconf 86' lang='lat' dir='ltr'>pag.</span> <span class='ocrx_word' id='word_1_401' title='bbox 1199 2840 1279 2880; x_wconf 77' lang='lat'>329</span> <span class='ocrx_word' id='word_1_402' title='bbox 1306 2851 1409 2888; x_wconf 90' lang='lat' dir='ltr'>seqq.</span> <span class='ocrx_word' id='word_1_403' title='bbox 1434 2836 1508 2886; x_wconf 88' lang='lat' dir='ltr'>(cui</span> 
     </span>
     <span class='ocr_line' id='line_1_85' title="bbox 851 2893 1509 2935; baseline -0.006 -2"><span class='ocrx_word' id='word_1_404' title='bbox 851 2895 881 2934; x_wconf 88' lang='lat' dir='ltr'>C</span> <span class='ocrx_word' id='word_1_405' title='bbox 887 2909 914 2933; x_wconf 87' lang='lat' dir='ltr'>r.</span> <span class='ocrx_word' id='word_1_406' title='bbox 937 2897 1040 2934; x_wconf 88' lang='lat' dir='ltr'>addit</span> <span class='ocrx_word' id='word_1_407' title='bbox 1049 2896 1168 2935; x_wconf 86' lang='lat' dir='ltr'>Tafel.</span> <span class='ocrx_word' id='word_1_408' title='bbox 1179 2895 1360 2933; x_wconf 91' lang='lat' dir='ltr'>Dilucidd.</span> <span class='ocrx_word' id='word_1_409' title='bbox 1375 2893 1509 2932; x_wconf 89' lang='lat' dir='ltr'>Pindd.</span> 
     </span>
    </p>
   </div>
   <div class='ocr_carea' id='block_1_12' title="bbox 1521 438 1804 676">
    <p class='ocr_par' dir='ltr' id='par_1_16' title="bbox 1521 438 1804 676">
     <span class='ocr_line' id='line_1_86' title="bbox 1527 438 1804 473; baseline 0.011 -9"><span class='ocrx_word' id='word_1_410' title='bbox 1527 438 1659 473; x_wconf 71' lang='lat'>000100</span> <span class='ocrx_word' id='word_1_411' title='bbox 1682 439 1804 467; x_wconf 80' lang='lat' dir='ltr'>&#39;lherne</span> 
     </span>
     <span class='ocr_line' id='line_1_87' title="bbox 1545 472 1785 500; baseline 0.01 -2"><span class='ocrx_word' id='word_1_412' title='bbox 1545 472 1607 498; x_wconf 84' lang='lat' dir='ltr'>liiol</span> <span class='ocrx_word' id='word_1_413' title='bbox 1626 476 1785 500; x_wconf 48' lang='lat' dir='ltr'>numni·-</span> 
     </span>
     <span class='ocr_line' id='line_1_88' title="bbox 1521 510 1801 540; baseline 0.007 -8"><span class='ocrx_word' id='word_1_414' title='bbox 1521 514 1728 540; x_wconf 66' lang='grc' dir='ltr'><em>ςειι5,3ι]ιιο</em></span> <span class='ocrx_word' id='word_1_415' title='bbox 1712 510 1801 534; x_wconf 73' lang='lat' dir='ltr'>er-</span> 
     </span>
     <span class='ocr_line' id='line_1_89' title="bbox 1545 539 1759 574; baseline 0.005 -9"><span class='ocrx_word' id='word_1_416' title='bbox 1545 539 1634 574; x_wconf 80' lang='lat' dir='ltr'>giaed</span> <span class='ocrx_word' id='word_1_417' title='bbox 1644 560 1651 572; x_wconf 84' lang='lat'>‚</span> <span class='ocrx_word' id='word_1_418' title='bbox 1681 544 1708 566; x_wconf 87' lang='grc' dir='ltr'>ιι</span> <span class='ocrx_word' id='word_1_419' title='bbox 1712 541 1759 566; x_wconf 81' lang='lat' dir='ltr'>inb</span> 
     </span>
     <span class='ocr_line' id='line_1_90' title="bbox 1523 573 1800 606; baseline 0.004 -7.004"><span class='ocrx_word' id='word_1_420' title='bbox 1523 573 1600 606; x_wconf 76' lang='lat' dir='ltr'>Spar</span> <span class='ocrx_word' id='word_1_421' title='bbox 1588 577 1652 599; x_wconf 80' lang='lat' dir='ltr'>ruta</span> <span class='ocrx_word' id='word_1_422' title='bbox 1657 581 1690 600; x_wconf 71' lang='grc' dir='ltr'><strong>ε</strong></span> <span class='ocrx_word' id='word_1_423' title='bbox 1718 573 1785 601; x_wconf 84' lang='lat' dir='ltr'>del</span> <span class='ocrx_word' id='word_1_424' title='bbox 1777 583 1800 601; x_wconf 92' lang='grc' dir='ltr'>ι-</span> 
     </span>
     <span class='ocr_line' id='line_1_91' title="bbox 1542 606 1784 646; baseline 0.005 -13"><span class='ocrx_word' id='word_1_425' title='bbox 1542 606 1784 646; x_wconf 80' lang='lat' dir='ltr'>brumDirarmu</span> 
     </span>
     <span class='ocr_line' id='line_1_92' title="bbox 1522 640 1771 676; baseline -0.004 -8"><span class='ocrx_word' id='word_1_426' title='bbox 1522 640 1588 668; x_wconf 85' lang='lat' dir='ltr'>Laii</span> <span class='ocrx_word' id='word_1_427' title='bbox 1581 641 1771 676; x_wconf 74' lang='lat' dir='ltr'>uietoedpi.</span> 
     </span>
    </p>
   </div>
   <div class='ocr_carea' id='block_1_13' title="bbox 361 714 1523 776">
    <p class='ocr_par' dir='ltr' id='par_1_17' title="bbox 361 714 1523 776">
     <span class='ocr_line' id='line_1_93' title="bbox 361 714 1523 776; baseline -0.001 -14"><span class='ocrx_word' id='word_1_428' title='bbox 361 717 592 762; x_wconf 82' lang='grc' dir='ltr'><em>Ὀϊολύκου</em></span> <span class='ocrx_word' id='word_1_429' title='bbox 620 717 666 761; x_wconf 73' lang='grc' dir='ltr'>δὲ</span> <span class='ocrx_word' id='word_1_430' title='bbox 695 720 861 774; x_wconf 72' lang='grc' dir='ltr'><em>γίνεται</em></span> <span class='ocrx_word' id='word_1_431' title='bbox 880 717 1060 774; x_wconf 79' lang='grc' dir='ltr'><em>Αἰγεύς·</em></span> <span class='ocrx_word' id='word_1_432' title='bbox 1099 716 1172 762; x_wconf 71' lang='grc' dir='ltr'>ἐπ’</span> <span class='ocrx_word' id='word_1_433' title='bbox 1192 714 1249 762; x_wconf 79' lang='grc' dir='ltr'>οὗ</span> <span class='ocrx_word' id='word_1_434' title='bbox 1268 721 1467 776; x_wconf 80' lang='grc' dir='ltr'><em>Αἰγεῖδαι</em></span> <span class='ocrx_word' id='word_1_435' title='bbox 1479 728 1523 762; x_wconf 90' lang='grc'>80</span> 
     </span>
    </p>
   </div>
  </div>
 </body>
</html>
