1904 3304
589 200 944 241 THALIA.

1004 200 1065 238 111.
1372 199 1456 239 239

191 314 375 369 τετάρτῳ
407 313 453 357 δὲ
482 314 566 357 ἔτεϊ
596 310 885 368 Πολυκράτης
916 312 1036 355 δυῶν
1065 307 1302 352 ταλάντων.
1344 307 1514 351 οὕτωδο

161 387 270 443 4μὲν
312 383 489 428 ἀπίκετο
531 385 573 436 ἐς
605 385 685 442 τήν
722 385 889 440 Σάμον.
949 382 1037 426 Καὶ
1074 378 1160 424 ἀπὸ
1190 378 1350 423 τούτου
1379 382 1459 422 τοῦ

187 456 349 512 ἀνδρὸς
383 455 466 500 οὐκ
494 455 648 512 ἥκιστα
667 459 968 512 Κροτωνιῆται
986 453 1127 510 ἰητροὶ
1150 449 1456 507 εὐδοκίμησαν·

185 528 350 584 ἐγένετο
380 527 463 584 γὰρ
495 522 558 571 ὦν
586 532 717 572 τοῦτο
749 527 818 572 ὅτε
853 531 1018 582 πρῶτοι
1048 524 1125 580 μὲν
1155 525 1459 578 Κροτωνιῆται

185 601 324 657 ἰητροὶ
356 600 554 655 ἐλέγοντο
585 598 668 643 ἀνὰ
697 599 776 656 τὴν
802 598 984 643 Ἑλλάδα
1016 595 1149 640 εἶναι·
1182 593 1378 648 δεύτεροι
1402 592 1514 644 δὲ,ΰὸ

187 675 445 728 Κυρηναῖοι.
507 671 615 714 κατὰ
646 670 725 714 τόν
754 668 890 714 αὐτὸν
913 669 965 725 δὴ
995 666 1156 725 χρόνον
1186 667 1259 711 καὶ
1276 663 1459 720 Ἀργεῖοι

130 814 278 850 omnino
313 812 372 849 illa
405 815 547 854 aetate,
589 810 662 847 scil.
706 814 793 847 ante

131 870 224 907 bella
254 870 420 914 Persica,
450 869 487 904 in
520 867 792 904 Atheniensium

130 927 309 964 aerarium
338 931 440 962 tauta
468 924 656 960 devenerit
682 937 793 973 pecu-

130 984 213 1020 niae
242 984 314 1029 vis,
345 986 383 1018 ut
411 981 607 1031 peregrino
636 980 792 1026 medico,

130 1052 238 1088 quem
259 1040 306 1076 ad
325 1051 400 1075 rem
421 1038 530 1074 fuisse
549 1035 655 1074 valde
674 1042 792 1074 atten-

129 1101 206 1133 tum
236 1095 334 1132 haud
367 1106 477 1143 aegre
505 1094 679 1140 concedo,
709 1098 792 1130 tan-

130 1157 208 1189 turn
230 1152 399 1188 salarium
418 1163 575 1186 annuum
595 1150 791 1199 adsignare

131 1208 327 1258 potuerint.
360 1208 466 1251 Quae
485 1219 594 1255 quam
615 1219 700 1244 vere
720 1206 794 1242 sint

132 1264 337 1314 disputata,
368 1264 426 1300 vix
448 1264 484 1299 in
511 1263 661 1299 dubium
691 1274 795 1299 revo-

134 1322 205 1358 cari
218 1321 374 1371 poterit3
393 1332 438 1357 ne
450 1332 536 1356 vero
555 1319 672 1368 ipsum
687 1318 793 1356 incri-

133 1377 309 1414 minemur
327 1376 561 1414 Herodotum
580 1375 667 1412 talia
690 1387 795 1413 enar-

132 1438 272 1470 rantem
289 1434 363 1469 sive
385 1431 630 1482 ampliantem,
661 1432 795 1477 obstat,

133 1489 232 1538 quod
261 1501 282 1525 a
303 1488 534 1525 Dahlmanno
558 1487 793 1537 probabiliter

132 1545 308 1595 disputari
338 1546 385 1581 ad
419 1545 486 1589 ΙΙΙ,
522 1547 594 1584 121
628 1545 795 1590 diximus,

130 1601 360 1639 Herodotum
382 1601 454 1638 scil.
477 1602 512 1637 in
525 1601 664 1649 Magna
677 1602 794 1637 Grae-

132 1658 187 1696 cia
208 1658 254 1695 ab
280 1658 381 1707 ipsis,
411 1659 510 1707 quod
537 1658 728 1708 suspiceris
753 1657 795 1694 li-

132 1718 211 1760 cet,
241 1714 463 1751 Crotoniatis
490 1714 577 1751 talia
597 1715 794 1765 accepisse,

132 1770 391 1820 quipopularis
410 1772 464 1807 sui
482 1783 628 1818 nomen,
641 1776 679 1807 ut
701 1770 795 1808 cele-

134 1828 294 1872 brarent,
313 1828 463 1876 eiusque
480 1826 586 1865 laude
607 1827 714 1864 nimis
731 1840 795 1864 au-

135 1888 207 1927 cta,
238 1883 290 1919 uti
311 1883 387 1919 fieri
409 1883 514 1929 solet,
543 1883 796 1932 gloriarentur,

136 1937 222 1975 talia
244 1939 421 1988 sparsisse
442 1941 594 1989 putandi
614 1941 698 1977 sint.

195 1995 304 2033 δυῶν
322 1990 539 2045 ταλάντων]
566 1996 625 2032 Ad
645 1997 798 2033 formam

138 2050 247 2089 δυῶν
265 2048 336 2103 (ita
356 2052 450 2089 enim
471 2052 614 2102 plurimi
632 2048 731 2105 libri)
752 2053 797 2090 cf.

136 2106 269 2145 Matth.
297 2109 362 2145 Gr.
386 2108 452 2145 Gr.
475 2107 512 2159 ἓ.
537 2111 626 2149 138.

195 2166 474 2214 Κροτωνιῆται
499 2187 544 2192 -
581 2160 798 2216 εὐδοκίμη-

137 2220 224 2270 σαν]
257 2221 490 2258 Florentinus
509 2221 619 2259 liber:
643 2217 713 2272 οὐχ
732 2220 796 2271 ήκ.

138 2278 210 2334 Ιξρ.
225 2276 351 2328 ἰητροὶ
373 2276 551 2330 ἐλέγοντο
567 2273 646 2317 α’νᾶ
660 2276 796 2330 τήνἙ.

138 2336 256 2381 εἰναι,
299 2335 428 2372 mediis
467 2336 689 2372 intermissis.
763 2335 796 2372 E

137 2389 319 2427 Sancrosti
341 2390 433 2427 libro
447 2396 635 2429 enotatur:
668 2389 797 2442 ἰητροὶ

140 2440 221 2483 ειῖδ.
246 2445 313 2485 καὶ
342 2442 419 2486 civo}
449 2450 583 2487 πᾶσαν
612 2445 687 2499 τήν
718 2447 795 2486 Ἑλ.

142 2496 428 2552 εὐφημίζοντο,
466 2517 540 2542 non
576 2505 672 2543 male
710 2504 797 2541 illud

139 2558 298 2606 quidem,
326 2559 541 2611 wesseling.
567 2562 699 2608 iudice,
731 2561 797 2599 sed

140 2613 240 2661 quod
270 2627 312 2652 ex
342 2615 454 2654 critici
473 2618 797 2669 interpretamento

141 2672 266 2706 natum
291 2671 464 2710 videatur.
512 2674 571 2711 Ad
597 2687 795 2724 argumen-

141 2728 217 2761 tum
249 2726 345 2763 idem
376 2727 639 2779 lVesselingius
675 2731 797 2769 Cleri-

140 2792 222 2818 cum
250 2781 346 2819 Hist.
374 2783 474 2822 Med.
498 2786 552 2833 11,
580 2790 606 2827 2
632 2800 717 2838 pag.
741 2789 795 2828 79

139 2838 350 2887 conferens,
379 2839 624 2882 Democedem
644 2848 681 2883 et
702 2844 797 2882 Cro-

849 809 1009 847 toniatas
1064 807 1225 845 medicos
1273 805 1360 842 dicit
1407 803 1514 854 plura

849 865 993 903 scholae
1018 864 1162 901 Italicae
1182 863 1296 899 videri
1323 861 1512 899 debuisse:

850 923 959 959 affert
976 922 1061 958 dein
1079 921 1329 969 Pythagoram
1350 919 1515 955 Crotone

849 984 936 1015 tunc
964 978 1140 1028 temporis
1170 978 1374 1019 docentem,
1402 973 1514 1010 Milo-

849 1048 933 1072 nem
964 1033 1184 1072 Democedis
1210 1045 1372 1070 socerum
1401 1031 1516 1078 (infra

852 1093 952 1139 137)
974 1097 1010 1128 et
1029 1091 1205 1128 illustrem
1227 1091 1263 1126 in
1282 1088 1517 1137 Pythagorae

850 1149 962 1186 rebus
1023 1147 1234 1185 memoriam
1294 1145 1515 1183 Democedis

850 1205 950 1254 apud
963 1204 1195 1241 lamblichum
1208 1204 1281 1240 Vit.
1302 1202 1411 1252 Pyth.
1435 1213 1515 1250 cap.

852 1261 904 1301 35
930 1259 965 1311 ἓ.
989 1261 1070 1302 257
1100 1275 1136 1310 p.
1160 1262 1241 1300 207
1271 1260 1380 1297 Kust.
1414 1257 1517 1307 [„ubi

851 1318 963 1355 miror
983 1317 1244 1366 Kiesslingiurn
1265 1329 1302 1367 p.
1319 1316 1401 1356 506
1420 1315 1518 1352 inta-

852 1379 947 1411 ctum
985 1374 1172 1423 reliquisse
1209 1367 1516 1423 Δημοκλήδους,

851 1444 932 1468 cum
959 1430 1126 1467 meliores
1150 1430 1229 1467 libri
1258 1442 1341 1466 mss.
1369 1427 1517 1466 exhibe-

851 1491 917 1524 ant
944 1482 1236 1537 Δημοκήδους,
1268 1490 1307 1524 et
1335 1486 1388 1523 ita
1416 1484 1518 1522 haud

851 1544 962 1580 dubie
989 1545 1098 1581 etiam
1129 1557 1210 1580 cum
1242 1542 1433 1591 Scaligero
1461 1541 1514 1578 le-

851 1605 948 1638 ctum
970 1600 1081 1637 voluit
1102 1599 1352 1648 Wesseling.“
1374 1598 1405 1636 C
1411 1597 1456 1647 r.]

908 1655 975 1695 καὶ
994 1651 1159 1709 Ἀργεῖοι
1180 1653 1348 1707 ἤκουον]
1381 1654 1519 1703 Attigit

851 1713 1066 1751 Eustathius
1107 1715 1154 1750 ad
1187 1713 1342 1763 Dionys·
1372 1712 1517 1760 Perieg.

852 1769 947 1810 419.
977 1770 1083 1808 Hanc
1099 1784 1186 1808 vero
1205 1769 1422 1819 Argivorum
1440 1768 1520 1804 lau-

854 1828 937 1864 dern
958 1827 1006 1863 ad
1025 1828 1211 1864 tibicinum
1232 1831 1347 1864 artem
1369 1824 1521 1877 potissi-

853 1896 950 1920 mum
982 1884 1202 1933 pertinuisse
1228 1884 1356 1920 statuit
1387 1883 1430 1919 C.
1467 1881 1517 1920 Ο.

854 1939 997 1977 Miiller.
1018 1939 1107 1978 Dor.
1135 1940 1169 1977 ΙΙ
1193 1953 1278 1990 pag.
1304 1941 1399 1981 332.
1421 1938 1520 1980 338.

855 1995 960 2042 544,
999 2009 1078 2033 cum
1108 1996 1164 2034 vel
1197 1997 1369 2033 tibiarum
1405 2007 1522 2044 genus

855 2051 1041 2101 quoddam
1068 2054 1155 2090 inde
1176 2052 1350 2101 Argivum
1371 2052 1522 2089 dicatur.

855 2107 1005 2145 Laudat
1032 2109 1129 2147 idem
1169 2109 1324 2146 artifices
1365 2107 1521 2157 Argivos

856 2164 1081 2215 complures,
1113 2165 1320 2211 Suadam,
1352 2165 1413 2215 qni
1443 2176 1522 2201 car-

854 2221 954 2258 mina
981 2222 1028 2258 ad
1053 2223 1178 2260 tibiam
1206 2221 1372 2260 canenda
1391 2221 1523 2258 fecerit

854 2278 1007 2328 ipseque
1044 2280 1214 2316 cecinerit
1246 2279 1339 2316 circa
1370 2277 1521 2328 Olymp.

853 2334 929 2381 48,
958 2334 1168 2382 Hieracem,
1197 2335 1410 2373 harmoniae
1440 2347 1522 2372 mu-

854 2391 971 2438 sicae,
1001 2393 1050 2429 ad
1074 2405 1182 2441 quam
1204 2392 1293 2429 tibia
1322 2391 1522 2429 accedente

853 2447 962 2496 Argis
982 2450 1153 2486 cantabat
1170 2450 1207 2486 in
1229 2450 1322 2486 festo
1345 2447 1518 2485 Sthenio-

853 2516 957 2551 rum,
997 2510 1204 2552 auctorem,
1234 2505 1451 2550 Aristonem,
1481 2508 1519 2541 et

854 2561 972 2610 ipsum
1001 2563 1188 2600 tibicinem
1217 2563 1388 2612 priscum,
1416 2560 1516 2598 cuius

854 2618 991 2654 mentio
1011 2619 1203 2668 aliquoties
1221 2619 1275 2656 fit.
1298 2639 1350 2646 ——
1377 2617 1442 2655 Cr.
1466 2617 1517 2653 ad

853 2673 888 2711 h.
908 2673 931 2710 l.
958 2676 1178 2713 excitaverat
1198 2675 1385 2712 Iablonski
1406 2673 1439 2711 V
1442 2686 1517 2710 occ.

853 2731 1030 2782 Aegyptt.
1040 2745 1076 2782 p.
1087 2734 1140 2772 36
1152 2732 1335 2781 seqq.‚qui
1347 2728 1521 2778 eergy-

854 2788 974 2837 ptiaco
1005 2801 1174 2826 sermone
1199 2792 1371 2839 repetens
1392 2797 1519 2823 vocem

845 2840 992 2896 ’Ἀργος
1005 2843 1053 2882 M
1052 2847 1183 2883 usicum
1203 2844 1409 2894 significare
1430 2853 1518 2879 con-
