1904 3304
24 1019 88 1064 89

458 272 1017 311 MELPOMENE.
1073 272 1133 311 lV.

172 384 217 428 ἐν
257 382 469 438 προεδρίῃ
513 380 755 437 κατήμενον
767 414 776 432 ,

170 453 448 507 διαβαίνοντα
459 485 467 501 ,

527 456 662 495 ταῦτα
697 451 995 508 γραψάμενος,

156 522 361 577 Ἵ-Ιραιον,
405 522 648 578 ἐπιγράψας
676 522 801 566 τάδε·

1342 275 1424 313 449

825 382 898 424 καὶ
934 380 1012 425 τόν
1059 380 1245 434 στρατόν
1283 379 1476 424 αὖτοῦΙΟ

1055 449 1235 508 ἀνέθηκε
1281 450 1322 502 ἐς
1370 449 1418 493 τὸ

141 607 162 640 3
299 610 493 657 Βόσπορον
521 611 720 657 ἰχθυόεντα
747 611 962 657 γεφυρώσας
988 609 1150 655 ἀνέθηκε

386 672 653 718 Μανδροκλέης
670 670 763 717 ’Ήρῃ
790 671 1025 715 μνημόσυνον
1054 672 1215 715 σχεδίης·

299 731 400 781 αὐτῷ
420 732 486 778 μὲν
507 733 690 778 στέφανον
709 731 892 775 περιθεὶς,
922 732 1096 774 Σαμίοισι
1116 730 1154 766 δὲ
1174 731 1297 770 κῦδος,

384 794 545 838 Δαρείου
565 792 734 839 βασιλέος
753 790 937 832 ἐκτελέσας
957 789 1052 826 κατα
1074 792 1178 826 νοῦν.

1439 791 1481 824 15

140 877 306 916 4ταῦτα
334 873 413 929 μέν
441 888 524 916 νυν
551 875 631 915 τοῦ
664 869 889 924 ζεύξαντος
923 869 1003 927 τήν
1031 869 1234 925 γέφυραν
1261 869 1420 926 μνημό-

169 956 280 987 συνα
309 943 487 1000 ἐγένετο.

280 1019 466 1067 Δαρεῖος
494 1015 539 1056 δὲ
560 1012 863 1070 δωρησάμενος
885 1011 1200 1065 Μανδροκλέα,
1232 1011 1420 1066 διέβαινε

169 1085 212 1136 ἐς
251 1086 331 1141 τὴν
372 1083 615 1140 Εὐρώπην,
654 1089 765 1129 τοῖσι
792 1084 909 1127 Ἴωσι
951 1084 1238 1138 παραγγείλας
1277 1081 1422 1126 πλέειν

169 1155 212 1207 ἐς
248 1155 322 1200 τὸν
351 1156 545 1206 Πόντον,
585 1156 706 1211 μέχρι
731 1155 904 1210 Ἴστρου
932 1157 1154 1210 ποταμοῦ

171 1224 410 1269 ἀπίκωνται
440 1227 480 1277 ἐς
509 1225 586 1270 τὸν
604 1226 796 1281 Ἴστρον,
848 1226 1041 1269 ἐνθαῦτα
1080 1222 1216 1268 αὐτόν
1254 1225 1418 1280 περιμέ-

171 1313 285 1347 νειν,
330 1297 586 1353 ζευγνύντας
616 1297 693 1341 τὸν
722 1295 932 1352 ποταμόν.
989 1295 1037 1340 τὸ
1078 1295 1160 1352 γάρ
1191 1295 1243 1351 δή
1280 1312 1426 1338 ναυτι-

117 1440 268 1481 mutata,
299 1437 347 1473 sic
364 1437 469 1472 scribi
489 1435 582 1473 vult:
614 1431 689 1475 α’π’
712 1429 768 1475 ὧν

117 1488 464 1542 δ1>,1]ανδροκλέ1]ς
483 1487 664 1542 οἷπαρχήν
678 1493 767 1539 ζῶα,

116 1543 373 1599 γραψάμενος
393 1550 526 1586 πᾶσαν
546 1545 618 1598 τὴν
640 1549 767 1595 ζεῦξιν

115 1624 168 1631 -
201 1599 396 1653 α’νέθηκες
435 1605 534 1652 quod
552 1605 637 1641 inde
658 1606 766 1642 etiam

114 1659 262 1726 probari
301 1661 513 1705 arbitratur,
552 1661 651 1709 quod
683 1666 770 1698 ante

115 1711 288 1765 α’νέθηκε
341 1716 548 1766 simpliciter
586 1723 771 1766 repetatur

114 1774 237 1810 ταῦτα
301 1769 579 1823 Ιραψάιιενος,
649 1785 770 1821 neque

114 1830 238 1866 ταῦτα
265 1829 343 1874 ζωα
368 1824 636 1881 γραψάμενος.
678 1828 769 1865 Mihi

116 1897 218 1922 secus
240 1885 399 1932 videtur,
420 1885 481 1933 qui
499 1886 535 1922 in
555 1885 693 1934 vulgari
714 1885 770 1921 di-

116 1941 304 1977 stinctione
351 1942 646 1989 acquiescendum
689 1954 770 1978 esse

117 2008 328 2047 persuasum
358 1996 487 2034 habeo.
525 1996 575 2034 Et
595 1999 688 2034 conf.
707 2010 769 2033 su-

117 2065 182 2102 pra
213 2052 261 2088 ad
280 2051 352 2099 1V,
378 2054 431 2093 87
456 2057 544 2089 nott.
568 2054 614 2090 de
640 2052 771 2103 duplici

118 2109 345 2155 accusativo,
382 2113 418 2145 et
447 2109 494 2145 ad
521 2109 557 2153 Ι,
593 2111 684 2150 203.
725 2108 770 2155 ΙΙ,

118 2162 144 2202 4
168 2177 203 2213 p.
223 2162 316 2204 483.
335 2166 415 2205 929
443 2165 489 2201 de
507 2164 771 2213 significatione

117 2219 305 2256 locutionis
343 2220 471 2267 allata,
511 2221 556 2258 de
594 2233 664 2269 qua
703 2219 771 2258 Cr.

118 2275 241 2312 laudat
276 2276 404 2325 Zoega
440 2275 521 2313 Lib.
554 2277 773 2313 Bassirilievi

118 2336 193 2368 ant.
213 2332 249 2368 di
267 2331 387 2368 Roma
406 2332 537 2369 Part.1.
568 2332 660 2370 Cum
679 2333 772 2370 enim

121 2389 221 2433 ζῶον
262 2387 420 2437 effigiem
461 2388 658 2437 quamlibet
698 2389 773 2426 sive

120 2444 271 2492 figuram
301 2445 457 2490 indicet,
499 2445 614 2481 omnis
645 2445 774 2481 locutio

122 2499 171 2535 nil
187 2499 280 2535 aliud
302 2513 429 2538 sonare
447 2501 589 2538 videtur
605 2502 672 2537 nisi
686 2501 772 2537 hoc:

123 2553 346 2591 NIandrocles
404 2557 550 2607 pictura
615 2557 773 2594 exhibuit

124 2623 248 2646 omnem
267 2615 400 2659 pontem
425 2626 604 2663 regemque
619 2613 772 2650 Darium

123 2668 161 2702 in
209 2666 293 2702 solio
326 2668 490 2706 sedentem
520 2672 772 2719 exercitumque

125 2724 353 2759 traiicz‘entem
383 2728 414 2760 et
436 2738 509 2762 eam
531 2726 687 2763 tabulam
708 2725 772 2762 Iu-

125 2781 209 2815 noni
234 2778 376 2815 Samiae
407 2779 481 2829 [ubi
511 2784 664 2820 sortasse
692 2782 773 2820 No-

126 2839 217 2880 ster,
257 2846 362 2883 quem
390 2836 488 2873 Sami
515 2839 645 2875 diutius
677 2852 775 2876 com-

126 2894 299 2927 moratum
340 2904 420 2929 esse
456 2894 640 2941 novimus,
685 2896 775 2932 vidit

180 2946 387 2984 Hauonor.
428 2949 471 2986 ΙΙ.

824 1436 984 1485 indeque
1008 1448 1131 1473 ansam
1164 1435 1287 1472 sumsit
1312 1433 1413 1470 huius
1433 1434 1483 1470 rei

825 1490 1064 1541 enarrandae]
1124 1492 1312 1528 dedicavit.
1375 1491 1482 1527 Cor-f.

824 1562 970 1597 quoqne
1000 1548 1139 1584 W'urm.
1179 1548 1214 1584 in
1244 1547 1342 1583 Actt.
1380 1545 1481 1596 phill.

825 1604 988 1640 Mon-ace.
1009 1603 1079 1650 ΙΙΙ,
1108 1603 1133 1644 4
1154 1616 1188 1653 p.
1207 1602 1287 1643 535
1307 1614 1384 1651 seq.

871 1687 913 1726 ἐν
923 1687 1111 1740 προεδρίῃ
1123 1681 1362 1735 κατήμενον]
1373 1685 1482 1729 Quod

825 1745 920 1781 idern
931 1744 1088 1781 Xerxem
1105 1744 1233 1780 fecisse
1245 1743 1373 1778 scimus
1384 1741 1483 1791 Aby-

826 1801 864 1837 di
893 1814 936 1837 ac
960 1799 1158 1837 Salamine.
1202 1799 1322 1848 Ipsum
1352 1798 1482 1844 locum,

825 1870 897 1905 quo
930 1856 1058 1893 solium
1087 1857 1156 1892 sibi
1186 1855 1381 1892 collocarat
1405 1854 1483 1891 Da-

825 1913 920 1958 rius,
946 1913 982 1948 in
1013 1925 1100 1949 saxo
1128 1911 1366 1962 promontorii
1386 1911 1483 1948 Her-

825 1970 918 2005 maei
953 1968 1193 2018 prominenti,
1240 1968 1277 2003 in
1316 1967 1484 2016 Europae

825 2025 937 2071 igitur
963 2025 1027 2060 ora
1047 2024 1178 2069 fuisse,
1208 2024 1411 2072 suspicatur
1429 2023 1484 2058 vir

826 2081 975 2125 doctus,
1013 2093 1120 2128 quem
1163 2080 1327 2128 sequitur
1363 2078 1483 2115 Kruse

825 2136 847 2173 l.
868 2136 890 2172 l.
912 2149 995 2186 pag.
1018 2136 1096 2176 114
1115 2148 1192 2183 seq.

888 2214 1061 2269 ἐνέθηκε
1085 2218 1124 2265 ἐς
1142 2214 1393 2269 τόἽίραιον]
1423 2217 1481 2255 De

829 2276 896 2313 hoc
926 2276 1071 2313 Iunonis
1101 2274 1241 2326 templo*
1265 2275 1358 2311 conf.
1388 2278 1481 2311 nott.

830 2333 878 2369 ad
905 2332 976 2379 ΙΙΙ,
1006 2334 1071 2372 60.
1125 2331 1191 2369 Cr.
1221 2331 1375 2368 conferri
1406 2330 1482 2366 vult

829 2389 968 2426 Iacobs.
1000 2387 1216 2426 Reichthum
1244 2388 1310 2424 der
1340 2386 1405 2424 Gr.
1437 2398 1483 2422 an

830 2444 935 2495 plast.
953 2444 1187 2482 Kunstwerk.
1217 2456 1251 2493 p.
1273 2442 1325 2484 14
1347 2455 1423 2492 seq.
1448 2446 1485 2480 et

831 2502 878 2538 de
902 2501 1118 2552 scriptione,
1156 2512 1250 2549 qnae
1280 2500 1316 2536 in
1342 2499 1484 2536 duobus

828 2556 927 2594 libris
950 2558 1053 2594 obvia
1078 2562 1134 2595 est
1153 2555 1328 2606 Ἡραῖον,
1354 2559 1482 2592 notatt.

829 2614 864 2649 in
886 2613 1024 2650 Melett.
1045 2614 1060 2650 Ι
1081 2627 1165 2664 pag.
1187 2615 1251 2653 66.
1292 2611 1349 2649 De
1369 2609 1484 2648 Man-

829 2669 942 2706 drocle
962 2671 1056 2707 conf.
1076 2675 1165 2707 nott.
1182 2669 1230 2704 ad
1248 2668 1308 2710 IV,
1331 2669 1384 2708 87
1404 2666 1483 2704 init.

830 2725 894 2762 Cr.
924 2726 1029 2763 addit
1061 2724 1258 2763 Friederic.
1297 2722 1481 2761 Thiersch.

828 2781 953 2819 Ueber
978 2783 1037 2820 die
1063 2781 1239 2832 Epochen
1258 2780 1324 2817 der
1343 2778 1483 2817 bilden-

830 2838 901 2875 den
928 2838 1049 2876 Kunst
1075 2842 1178 2875 unter
1208 2836 1280 2872 den
1302 2835 1482 2873 Griechen

828 2906 913 2945 pag·
937 2896 1016 2934 180
1035 2907 1137 2944 seqq.
1162 2893 1219 2931 ed.
1237 2891 1338 2929 alter.

1499 1005 1530 1032 1ο
1515 1013 1585 1032 ones
1604 1014 1636 1032 511
1640 1006 1712 1032 111-111·
1716 1007 1736 1033 ti

1481 1039 1512 1065 111
1538 1039 1644 1066 latrum
1673 1040 1753 1067 bidui

1480 1073 1538 1099 iter
1524 1074 1661 1100 riamar
1674 1075 1754 1103 ,ifli-

1499 1106 1585 1133 minis

1500 1144 1569 1166 onte

1480 1207 1554 1234 ciam
1573 1208 1604 1234 it.

1629 1107 1738 1135 collum

1610 1149 1700 1171 ue
1706 1144 1753 1168 t:

1203 1152 1334 1197 &wohl
1365 1154 1431 1197 δε
1424 1147 1551 1200 20Dari
1528 1181 1587 1200 1115
1597 1182 1647 1208 per
1635 1172 1720 1201 lh
1723 1183 1753 1201 a-
