1904 3304
586 250 934 293 THALIA.
994 251 1057 290 ΙΙΙ.

1405 252 1463 293 95

188 367 353 419 ἐπορᾶν
382 380 425 408 τε
465 364 538 407 καὶ
573 363 760 416 διέπειν,
806 361 978 417 πέμψας
1014 360 1058 411 ές
1096 358 1178 416 τήν
1208 359 1461 415 Κέρκυραν,

189 436 394 482 ἀπεκάλεε
425 435 503 480 τόν
521 434 795 490 Λυκόφρονα
826 434 893 476 ἐπὶ
909 432 988 488 τὴν
1008 432 1272 486 τυραννίδα·
1309 431 1357 475 ἐν
1377 430 1461 487 γὰρ

187 509 239 565 δι)
272 513 333 564 τῷ
360 508 636 564 πρεσβυτέρῳ
667 511 756 550 τῶν
793 508 963 549 παίδων
994 502 1077 547 οὐκ
1117 502 1307 556 ἐνεώρα,
1353 501 1462 547 ἀλλά

157 582 237 623 2οἷ
266 582 549 635 κατεφαίνετο
581 578 689 622 εἶναι
720 578 1000 630 νωθέστερος.

1065 573 1089 619 ὁ
1129 574 1175 618 δὲ
1207 574 1462 631 Λυκόφρων

187 648 289 693 οὐδὲ
322 649 575 706 α’νακρίσιος
604 649 758 706 ἠξίωσε
797 647 875 692 τόν
905 647 1099 703 φέροντα
1129 648 1207 704 τὴν
1247 645 1461 702 ἀγγελίην.
1475 655 1520 688 80

189 724 465 776 Περίανδρος
496 723 560 774 δὲ,
604 719 905 776 περιεχόμενος
935 724 1017 762 τοῦ
1046 721 1248 774 νεηνίεω,
1281 717 1464 773 δεύτερα

187 793 405 836 α’πέστειλε
436 791 502 836 ἐπ’
537 792 672 836 αὐτόν
702 791 780 847 τὴν
818 789 1054 847 ἀδελφεὴν,
1097 790 1263 834 ἑωυτοῦ
1299 789 1344 833 δὲ
1385 795 1466 833 θυ-

186 864 370 920 γατέρα,
411 866 576 908 δοκέων
614 881 689 920 μιν
732 861 917 917 μάλπέτα
956 861 1091 918 ταύτῃ
1123 862 1177 904 ἂν
1214 864 1460 905 πείθεσθαι.

158 934 456 992 ὃᾶπικομένης
498 937 541 980 δὲ
583 935 764 991 ταύτης,
816 935 889 977 καὶ
931 932 1162 988 λεγούσης·

1235 928 1322 984 „³52
1363 938 1461 984 παῖ,
1475 940 1519 974 85

187 1006 365 1062 βούλεαι
405 1007 483 1062 τήν
525 1023 569 1049 τε
607 1009 849 1060 τυραννίδα
879 1006 921 1055 ἐς
952 1003 1112 1054 ἄλλους
1154 1005 1344 1053 πεσέειν,
1390 1004 1462 1047 καὶ

186 1079 262 1122 τὸν
292 1077 416 1122 οἶκον
444 1081 524 1121 τοῦ
550 1078 712 1133 πατρὸς
742 1076 1073 1132 διαφορηθέντα
1103 1079 1293 1131 μᾶλλον,
1331 1075 1359 1132 ἢ
1388 1074 1462 1118 αύ-

190 1199 232 1239 ἒν
266 1197 339 1251 γάρ
378 1198 426 1251 δή
458 1203 514 1255 τῷ
544 1200 794 1252 πρεσβυτέρῳ

131 1258 210 1295 τῶν
228 1258 382 1296 παίδων
411 1273 445 1296 κ.
468 1273 499 1295 τ.
520 1257 575 1307 t]
625 1259 716 1295 Eum
740 1260 795 1294 iu-

134 1314 270 1359 dicari,
316 1327 423 1362 quem
464 1314 645 1364 Cypselum
691 1319 796 1351 vocat

133 1370 321 1417 Diogenes
363 1371 486 1416 (conf.
525 1377 617 1408 nott.
650 1373 697 1408 ad
732 1371 797 1417 lll,

135 1428 226 1473 50),
257 1428 432 1476 suspicor.
481 1428 558 1464 Sed
579 1428 795 1465 Aristoteles

134 1483 256 1519 Politt.
284 1484 336 1528 V,
367 1486 417 1524 12
443 1483 517 1532 [V‚
548 1488 572 1525 9
606 1483 640 1534 ᾖ.
663 1489 715 1525 22
737 1485 794 1521 ed.

134 1538 321 1587 Schneid.]
343 1540 424 1576 huic
443 1540 515 1577 filio
532 1554 666 1578 nomen
686 1542 798 1578 fuisse

134 1595 258 1631 scribit
294 1596 473 1641 Gordiae,
535 1598 634 1633 cuius
683 1598 797 1647 ipsius

134 1651 226 1688 filius
266 1653 554 1690 Psammetichus
593 1654 796 1691 Periandro

133 1711 356 1746 successerit.
387 1710 415 1746 Α
439 1723 511 1759 quo
536 1711 698 1747 diversus
719 1711 798 1760 opi-

133 1777 200 1801 nor
223 1766 281 1803 ine
300 1767 459 1815 Gorgias
473 1795 482 1813 ‚
513 1768 704 1804 Periandri
725 1768 798 1803 sra-

134 1825 208 1867 ter‚
251 1824 349 1859 cuius
383 1824 480 1872 apud
501 1824 732 1860 Plutarchum
759 1823 798 1860 fit

134 1879 271 1914 mentio
303 1880 332 1915 ll
356 1893 441 1928 pag.
466 1882 543 1920 160
564 1881 630 1926 C.‚
660 1882 797 1929 quique

135 1934 233 1970 idem
260 1936 304 1971 ab
324 1935 399 1971 aliis
418 1937 675 1984 scriptoribus,
706 1950 798 1984 quo-

136 2002 214 2026 rum
238 1990 334 2027 locos
357 1993 475 2028 attulit
488 1993 744 2041 lVyttenbach.
760 1993 797 2028 in

137 2046 407 2084 Animadverss.
436 2049 483 2084 ad
512 2049 693 2085 Plutarchi
725 2049 747 2084 l.
775 2048 796 2084 l.

134 2115 218 2153 pag.
243 2105 337 2150 979,
372 2105 480 2140 modo
506 2105 662 2152 Gorgias
686 2106 796 2141 modo

139 2158 280 2207 Torgus
300 2162 466 2210 adeoque
480 2162 664 2210 Gargesus
683 2162 798 2198 nomi-

135 2222 268 2263 natur,
307 2219 395 2254 inira
424 2217 648 2255 librariorum
681 2218 797 2266 negli-

135 2274 271 2321 gentia.
332 2275 440 2319 „Sed
471 2275 558 2322 quid
590 2275 618 2310 si
640 2276 797 2322 Gorgias

134 2329 190 2366 vel
214 2330 357 2377 Gorgns
387 2331 585 2376 Plutarchi,
626 2333 688 2380 qui
717 2344 795 2368 cum

135 2388 289 2435 posteris
308 2388 380 2424 suis
399 2393 575 2437 tyrannus
587 2386 797 2424 Ambracio-

133 2448 252 2479 tarum
291 2449 390 2489 erat,
446 2445 593 2480 omuino
629 2445 796 2481 diversus

135 2503 191 2536 est
219 2500 395 2536 aGorslz'a
424 2506 571 2546 nostro,
611 2502 796 2538 Psamme-

136 2554 222 2591 tichi
259 2562 364 2605 patre
410 2563 449 2594 et
490 2558 600 2594 fratre
640 2558 797 2595 fortasse

136 2611 246 2660 ipsius
268 2612 480 2662 Cypseli?“
539 2615 582 2650 C.
600 2616 645 2651 O.
666 2614 798 2652 Mulier

137 2667 173 2702 in
197 2667 379 2716 Aeginett.
409 2683 445 2718 p.
468 2673 521 2711 66
548 2675 626 2710 not.
650 2671 728 2708 coll.
751 2671 796 2707 C.

137 2722 303 2771 Wagner
329 2725 374 2762 de
399 2726 587 2764 Periandr.
612 2740 699 2777 pag.
729 2725 795 2767 24.

136 2779 321 2827 Equidem
345 2781 381 2817 in
401 2786 502 2819 tanta
523 2797 644 2820 rerum
668 2796 711 2820 ac
729 2797 797 2820 no-

137 2836 270 2873 minum
315 2839 525 2876 confusione
571 2840 662 2877 certi
708 2840 797 2889 quid

136 2893 372 2943 pronuntiare
390 2907 465 2931 non
487 2896 616 2934 audeo.

911 1194 985 1238 οὐκ
1014 1194 1177 1249 ἐνεώρα]
1218 1199 1275 1235 Ad
1298 1198 1519 1236 sententiam

853 1258 948 1294 conf.
975 1256 1156 1293 Plutarch.
1191 1255 1222 1291 ll
1253 1268 1340 1305 pag.
1362 1256 1440 1296 175
1462 1255 1519 1302 E.‚

853 1314 915 1350 ubi
929 1312 1188 1362 ll'ytteubach.
1200 1313 1234 1348 in
1247 1312 1518 1349 Animadverss.

853 1384 939 1420 pag.
966 1372 1066 1410 1051
1083 1398 1093 1414 ‚
1134 1369 1338 1406 Herodotei
1358 1368 1424 1405 loci
1444 1382 1520 1405 non

853 1428 1065 1472 immemor,
1121 1431 1283 1462 extrema
1319 1425 1430 1462 verba
1469 1426 1520 1462 sic

856 1483 999 1520 reddit:
1047 1484 1121 1529 „in
1154 1484 1283 1518 maiore
1312 1485 1399 1518 natu
1417 1482 1519 1531 filio-

854 1552 933 1575 ‘rum
954 1552 1021 1574 non
1039 1539 1180 1575 videbat
1200 1535 1273 1587 τήν
1287 1539 1519 1589 τυραννίδα,

854 1610 923 1632 ‘non
955 1597 1167 1643 agnoscebat
1198 1596 1357 1632 idoneum
1392 1599 1520 1645 tyran-

854 1653 951 1689 nidis
973 1665 1207 1689 successorem.
1247 1652 1450 1700 Schweigh.
1471 1652 1520 1688 ad

855 1704 1006 1759 ἐνεώρα
1025 1710 1197 1746 subaudit
1215 1706 1258 1749 w*
1279 1705 1381 1747 εἶναι
1401 1709 1520 1746 δυνα-

854 1763 924 1805 τόν
943 1763 990 1804 τοὶ
1011 1761 1222 1818 πράγματα
1244 1764 1404 1804 διέπειν.
1457 1764 1519 1802 Tu

853 1824 948 1860 conf.
973 1822 1001 1868 I,
1024 1825 1087 1862 89.
1119 1825 1209 1864 123.
1246 1844 1301 1850 —
1341 1823 1385 1858 In
1415 1835 1518 1871 seqq.

854 1877 1100 1927 νωθέστερος
1125 1880 1154 1915 is
1181 1880 1336 1926 dicitur,
1379 1881 1442 1928 ‘qui
1462 1880 1519 1914 in-

853 1938 956 1984 genio
975 1936 1141 1982 tardiori,
1171 1937 1338 1972 hebetior&
1356 1939 1419 1982 est,
1443 1939 1519 1971 stu-

851 1993 968 2042 pidior
987 1993 1093 2029 homo.
1118 2014 1170 2020 —
1201 1993 1370 2038 „Plotia
1392 1992 1455 2038 llI,
1477 1994 1517 2032 8.

856 2051 897 2087 3:
926 2048 967 2087 οἱ
988 2048 1230 2098 νωθέστεροι
1248 2052 1328 2086 τῶν
1346 2049 1517 2086 παίδων.

855 2106 899 2142 cf.
924 2105 987 2150 Ill,
1008 2108 1044 2145 6.
1065 2108 1101 2145 6.
1122 2106 1184 2152 VI,
1208 2108 1244 2144 7.
1276 2107 1370 2146 22.“
1405 2105 1469 2141 Cr.

911 2156 1187 2211 περιεχόμενος
1230 2163 1303 2199 τοῦ
1335 2160 1515 2211 νεηνίεω]

855 2218 874 2253 i.
897 2231 926 2254 e.
958 2230 1125 2265 magnam
1149 2220 1284 2255 invenis
1313 2231 1434 2254 curam
1457 2231 1518 2267 ge-

854 2288 953 2319 rens,
994 2287 1129 2323 magna
1160 2288 1247 2312 cura
1271 2287 1299 2311 s.
1324 2275 1441 2311 studio
1463 2277 1517 2310 iu-

852 2344 969 2367 venem
988 2332 1208 2382 antplectens.
1240 2332 1348 2368 Conf.
1368 2331 1432 2378 ΙΙΙ,
1451 2333 1516 2372 72.

853 2388 951 2434 vlu,
976 2391 1041 2428 60.
1088 2389 1202 2425 Paulo
1233 2393 1319 2425 ante
1351 2401 1431 2425 cum
1460 2401 1518 2425 re-

853 2449 945 2481 cent.
981 2445 1064 2482 edd.
1097 2446 1241 2483 exhibui
1270 2440 1518 2496 οἷνακρίσιος,

855 2506 896 2537 ut
936 2506 1053 2538 exstat
1094 2503 1131 2538 in
1159 2502 1376 2539 Florentino
1413 2501 1516 2538 libro.

854 2557 922 2593 Alii
952 2553 1206 2609 οἷποκρίσιος,
1256 2562 1297 2594 ut
1325 2558 1364 2603 I,
1393 2555 1446 2599 49
1480 2562 1518 2595 et

853 2615 949 2651 forte
972 2616 1103 2664 verius,
1131 2616 1183 2652 ait
1196 2614 1429 2662 Wesseling.,
1450 2615 1517 2651 nisi

854 2668 1091 2721 ὑποκρίσιος
1107 2685 1150 2709 ex
1166 2672 1294 2708 Ionum
1317 2675 1515 2708 consuetu-

853 2727 939 2763 dine
958 2728 1136 2765 malueris.

909 2783 976 2822 καὶ
1005 2781 1070 2824 τὸν
1100 2781 1212 2823 οἶκον
1231 2804 1287 2811 -
1315 2782 1515 2833 διαφορη-

853 2838 993 2890 θέντα]
1033 2838 1100 2880 τὸν
1131 2838 1245 2880 οἷκον
1274 2840 1322 2876 de
1354 2840 1515 2888 paternis

853 2896 960 2933 bonis
980 2911 1008 2934 s.
1042 2898 1088 2936 de
1113 2896 1334 2949 patrimonio
1361 2895 1516 2944 intelligi
