1904 3304
419 257 504 297 480
813 253 1285 293 HERODOTI

86 363 154 390 ruso
182 364 272 399 picti:
308 371 361 399 pa—

85 402 183 424 stores
228 399 289 423 vita
330 401 362 425 et

107 430 318 466 phthirophagi
331 440 338 458 :

100 472 152 490 eos
177 472 235 491 non
263 468 346 491 recte

84 498 217 525 Gelonos
239 499 358 526 vocari:

83 531 238 565 Gelonus,
290 531 360 559 urbs

418 367 472 422 τῇ
503 361 604 407 πόλι
634 362 722 406 ἐστὶ
744 361 965 413 Γελωνός·
1008 366 1089 407 τοῦ
1119 365 1164 408 δὲ
1193 366 1352 422 τείχεος
1381 365 1572 422 μέγαθος
1601 368 1740 409 κοῦ-60

419 440 499 478 λον
538 434 743 482 ἕκαστον,
789 431 1024 490 τριήκοντα
1054 436 1241 478 σταδίων
1270 437 1380 487 ἐστὶ,
1419 435 1592 494 ὑψηλόν
1623 436 1684 489 δὲ,

416 506 489 550 καὶ
519 509 606 548 πᾶν
635 503 836 556 ξύλινον·
878 504 951 547 καὶ
982 505 1116 548 οἰκίαι
1147 506 1292 549 αὐτῶν
1319 507 1509 560 ξύλιναι,
1540 506 1684 551 καὶτὰ

99 565 342 641 Hcgffiatiffijei'iss’
389 575 513 629 35902.
572 575 661 618 ἔστι
708 575 790 630 γὰρ
837 574 889 630 δὴ
939 573 1099 618 αὐτόθι
1134 574 1394 633 Ἑλληνικῶν
1432 583 1552 622 θεῶν
1597 578 1683 633 ἱρὰ,

80 632 212 692 ΒοῗῖἧῗιὟ
237 633 358 698 afflig}
410 648 668 702 Ἑλληνικῶς
696 646 1071 703 κατεσκευασμένα
1099 645 1316 703 ἀγάλμασί
1344 664 1388 690 τε
1407 650 1480 692 καὶ
1497 652 1684 705 βωμοῖσι

81 700 192 725 (ἰτὼ-οἰ
229 700 272 725 ori
299 698 358 733 ine,
479 718 488 733 2
609 721 624 729 ..
783 718 792 733 ,
1039 717 1049 733 ,
1129 721 1146 729 .,
1306 717 1316 732 l
1595 723 1604 736 Ι

80 733 238 792 ὐῗὲιέἒὲιιὲ
253 740 359 792 '35:1⁵1-
388 722 668 776 [huon-myoiffl,
698 718 922 769 ξυλινοισι.
980 734 1054 760 και
1086 734 1144 776 τῳ
1177 722 1383 774 Διονυσῳ
1414 723 1683 776 τριετηριδας
1696 726 1740 760 65

82 800 360 860 ηὲςιίγὸἕιιιιιιῑιξιῑιὺῖο
419 789 654 845 ἀνάγουσι,
682 788 754 830 καὶ
788 787 1064 844 βακχεύουσι.
1123 789 1224 832 Εἰσὶ
1242 788 1326 845 γὰρ
1359 791 1402 832 οἱ
1421 791 1613 835 Γελωνοὶ
1633 791 1682 835 ‘co‘

84 853 228 927 uffffiggg’fl
257 867 341 906 ‘⁰5²⁸
419 859 603 916 ἀρχαῖον
627 859 851 916 ’Έλληνες
903 860 949 905 ἐκ
980 865 1068 904 τῶν
1099 861 1144 905 δὲ
1175 860 1398 916 ἐμπορίων
1428 861 1683 913 ἐξαναστάν-

85 938 117 959 ez
133 900 360 961 testitziilisil'bu¹³

361 1031 473 1086 ¹stath.
501 1033 549 1070 ad
576 1031 732 1079 Dionys.
756 1031 899 1080 Perieg.
929 1031 1024 1069 310.

366 1089 465 1128 Mela
477 1089 504 1137 Ι,
517 1091 581 1136 19,
600 1088 687 1129 140.
706 1087 882 1138 Stephan.
894 1088 984 1135 Byz.
997 1100 1024 1123 s.

366 1160 400 1182 v.
416 1140 599 1191 Γελωνός,
614 1144 680 1181 coll
705 1144 841 1181 Herod.
857 1145 917 1189 lV,
934 1143 1024 1182 123.

366 1202 527 1240 Heeren.
557 1202 669 1238 Ideen
699 1199 737 1246 Ι,
773 1204 799 1241 2
827 1212 913 1250 pag.
944 1197 1024 1239 305

367 1259 461 1295 hanc
485 1258 710 1294 Budinorum
734 1256 860 1293 urbem
887 1255 1025 1305 praeci-

366 1327 475 1365 puam
507 1317 730 1351 mercaturae
759 1313 884 1349 sedem
914 1311 1026 1348 fuisse

366 1371 590 1420 suspicatur,
627 1381 722 1418 quae
752 1368 840 1406 inde
872 1367 1026 1419 pellibus

364 1426 579 1478 praesertim
618 1438 696 1462 cum
732 1425 882 1463 Graecis
918 1423 1027 1460 Ponti

365 1483 496 1521 accolis
534 1482 699 1520 factitata
735 1483 864 1529 fuerit,
924 1481 1026 1517 inde-

365 1553 438 1590 que
467 1539 576 1577 etiam
608 1539 706 1576 urbis
735 1540 909 1576 ambitum
929 1537 1026 1574 haud

364 1596 549 1645 vulgarem
575 1595 744 1645 explicari
761 1608 870 1645 posse
890 1598 1026 1632 censet.

367 1652 435 1690 Cr.
464 1653 513 1688 ad
544 1656 798 1701 argumentum
828 1651 930 1688 huius
962 1649 1026 1686 loci

367 1709 532 1746 adhiberi
553 1708 627 1744 vult
647 1709 868 1745 Brondsted.
891 1707 1028 1745 Reisen

367 1767 404 1802 in
424 1764 630 1803 Griechenl.
647 1765 679 1801 ΙΙ
701 1778 736 1815 p.
759 1764 838 1806 135
857 1777 933 1813 seq.

426 1820 493 1860 καὶ
510 1824 644 1871 νηοῖσι
663 1820 876 1871 ξυλίνοισι]
904 1816 1029 1870 νηούς

369 1879 508 1928 accipio
542 1878 589 1915 de
615 1878 788 1915 aediculis
821 1890 849 1915 s.
879 1877 1032 1923 sacellis,

371 1947 467 1985 quae
504 1934 649 1971 maioris
686 1935 846 1971 ambitus
884 1933 1030 1983 templis

370 1995 616 2042 opponuntur.
648 1991 706 2028 Cf.
729 1991 776 2037 ΙΙ,
802 1992 866 2031 63.
896 1991 1029 2029 Ritter.

370 2047 449 2085 loco
471 2059 580 2097 supra
594 2047 690 2084 laud.
712 2047 913 2097 expressit:
944 2047 1028 2084 Got-

373 2104 614 2140 teshiiuscken.
662 2103 719 2141 De
745 2103 878 2140 Bacchi
905 2104 1030 2150 sacris,

371 2173 467 2210 quae
485 2173 567 2197 mox
586 2161 804 2207 referuntur,
828 2161 920 2196 conf.
939 2164 1032 2196 nott.

371 2218 420 2254 ad
441 2217 512 2264 lV,
546 2218 611 2257 79.
650 2216 708 2254 De
725 2217 966 2254 trz‘eterz'dibus
995 2217 1033 2252 in

370 2273 502 2310 Bacchi
540 2273 716 2310 honorem
747 2275 1034 2322 memoriamque

370 2330 540 2366 institutis
559 2331 681 2376 confi,
712 2343 758 2367 ne
778 2330 911 2375 multa,
939 2329 1032 2366 Dio-

372 2386 452 2423 dor.
473 2385 542 2432 Ill,
573 2385 637 2425 64.
668 2385 730 2433 lV,
761 2388 797 2425 3.
829 2386 946 2423 Cicer.
972 2385 1031 2422 De

371 2446 445 2478 nat.
468 2442 568 2480 deor.
590 2442 639 2478 Ill
653 2471 663 2489 ,
695 2445 747 2483 23
767 2442 889 2492 ibique
909 2441 1031 2479 Davis.

373 2503 411 2536 et
431 2499 603 2537 Creuzer.
623 2512 659 2548 p.
684 2501 777 2539 621.

427 2554 521 2594 Εἰσὶ
542 2552 617 2606 γάρ
639 2554 679 2593 οἷ
698 2553 870 2593 Γελωνοὶ
893 2551 935 2593 τὸ
954 2550 1028 2605 εἷρ-

369 2615 481 2662 χαῖον
505 2607 720 2661 ΗΕλληνες]
770 2612 896 2648 Geloni
934 2614 1030 2648 anti-

371 2670 489 2718 quitus
525 2681 553 2705 s.
595 2669 733 2716 origine
767 2672 849 2704 sunt
888 2669 1030 2714 Graeci,

371 2727 434 2776 qui
458 2738 475 2761 e
503 2726 576 2761 suis
607 2725 777 2769 (Graecis
803 2724 932 2772 igitur)
963 2738 1031 2761 em-

366 2783 478 2833 poriis
490 2782 611 2832 pulsi,
640 2781 690 2818 ad
709 2780 872 2818 Rudinos
891 2781 1031 2818 hahita-

375 2842 447 2875 tum
466 2841 722 2876 concesserunt.-
749 2838 825 2876 sive
847 2844 886 2874 ut
902 2837 1033 2886 Lange

376 2895 567 2935 vernacule
592 2895 787 2946 expressit:
826 2894 957 2942 „Denn
980 2895 1035 2931 elie

1082 1029 1236 1067 Gelonen
1266 1029 1348 1066 sind
1376 1029 1627 1080 urspriinglz'cli
1651 1029 1741 1067 Hel-

1082 1086 1221 1123 lenen.“
1242 1087 1377 1124 Moneo
1389 1087 1436 1123 ob
1448 1088 1592 1133 Ritter„
1609 1088 1670 1137 qui
1691 1087 1744 1123 ita

1082 1143 1243 1179 reddidit
1265 1143 1442 1190 (Vorhall.
1462 1157 1496 1193 p.
1514 1143 1604 1184 154.
1625 1146 1741 1188 161):

1082 1198 1216 1245 „Denn
1246 1199 1302 1235 <lie
1331 1199 1485 1236 Getonen
1521 1199 1604 1236 sind
1645 1200 1742 1236 alt-

1081 1257 1186 1291 mite
1199 1257 1266 1291 ris
1277 1268 1293 1290 c
1307 1255 1329 1291 Ιι
1341 1268 1358 1291 e
1398 1255 1567 1292 Hellenen
1580 1257 1621 1302 ,“
1669 1255 1745 1293 sive

1082 1311 1150 1358 (ib.
1183 1325 1220 1361 p.
1251 1308 1352 1362 458)
1383 1312 1468 1357 „clt'e
1497 1312 1593 1348 alten
1621 1310 1745 1348 Helle-

1082 1369 1202 1412 7zen,“
1232 1367 1255 1404 i.
1287 1381 1321 1405 e.
1358 1369 1417 1415 (ut
1441 1369 1630 1418 Koppenii
1662 1372 1745 1406 utar

1082 1424 1200 1462 verbis
1231 1423 1434 1472 Nordgest.
1462 1425 1498 1461 d.
1521 1424 1629 1462 Pont.
1657 1437 1744 1476 pag.

1086 1478 1156 1531 14)
1201 1481 1286 1527 „die
1324 1482 1421 1518 nicht
1460 1483 1506 1517 im
1533 1482 1651 1518 Geiste
1686 1481 1745 1518 des

1081 1551 1190 1573 neuen
1216 1537 1504 1575 Griechcntlmms
1540 1538 1746 1575 lebendenf‘

1083 1593 1263 1631 Nimirum
1297 1594 1335 1629 id
1362 1594 1528 1631 Ritterus
1562 1594 1583 1631 l.
1608 1594 1631 1632 l.
1663 1594 1744 1631 coll.

1084 1663 1119 1700 p.
1155 1652 1232 1690 183
1265 1649 1411 1688 efficere
1442 1650 1541 1697 vult,
1581 1651 1744 1688 Graecos

1084 1706 1213 1752 hosce,
1243 1707 1304 1755 qui
1324 1707 1550 1756 antiquiores
1571 1711 1745 1744 vocentur

1086 1762 1180 1811 (quo
1207 1762 1281 1799 scil.
1308 1774 1330 1798 a
1349 1763 1499 1800 Graecis
1519 1763 1655 1800 colonis
1678 1777 1746 1813 po·

1088 1825 1185 1856 stera
1205 1823 1326 1856 aetate
1339 1848 1349 1865 ,
1381 1820 1442 1868 qui
1467 1820 1516 1856 ad
1537 1820 1644 1857 Ponti
1662 1832 1743 1857 oras

1089 1876 1332 1921 consederint,
1353 1875 1653 1925 distinguantur),
1671 1889 1746 1913 non

1089 1932 1136 1969 ab
1161 1933 1240 1982 ipsa
1259 1932 1414 1970 Graecia
1433 1932 1501 1969 huc
1522 1933 1745 1982 pervenisse,

1088 1989 1155 2025 sed
1189 2001 1232 2025 ex
1253 1989 1433 2026 interioris
1457 1988 1565 2025 Asiae
1586 1990 1747 2038 regioni«

1091 2045 1170 2092 bus,
1190 2049 1232 2081 ut
1255 2045 1350 2082 adeo
1371 2058 1437 2096 pro
1454 2045 1615 2095 ipsorum
1627 2046 1747 2083 Grae-

1088 2114 1212 2138 corum
1249 2101 1372 2138 abavis
1411 2102 1537 2140 haberi
1574 2102 1745 2140 debeant.

1091 2158 1197 2202 Quae
1217 2158 1266 2194 ita
1284 2158 1487 2208 probantur
1504 2158 1702 2209 Kiippenio
1722 2158 1744 2194 l.

1088 2214 1111 2251 l.
1131 2228 1167 2264 p.
1192 2212 1241 2254 14
1262 2227 1360 2264 seq.‚
1392 2219 1430 2251 ut
1451 2214 1560 2252 hosce
1581 2215 1744 2253 Gelonos

1088 2283 1154 2321 pro
1183 2270 1342 2320 reliquiis
1369 2271 1494 2308 haberi
1517 2270 1604 2307 velit
1629 2271 1745 2308 Grae-

1089 2340 1213 2364 corum
1263 2328 1462 2377 priscorum
1513 2325 1746 2374 (Urliellenen

1088 2385 1238 2432 vocat),
1268 2385 1329 2433 qui
1354 2397 1398 2421 ex
1417 2384 1513 2421 hisce
1529 2384 1677 2421 sedibus
1698 2384 1745 2420 ad

1088 2440 1243 2477 Pontum
1291 2454 1312 2477 a
1352 2440 1523 2477 Barbaris
1573 2441 1746 2490 deinceps

1087 2497 1183 2547 pulsi
1227 2497 1416 2533 maximam
1456 2500 1596 2546 partem
1639 2497 1746 2534 meri-

1089 2554 1186 2590 diem
1213 2565 1336 2589 versus
1367 2553 1636 2601 commigrarint
1664 2565 1746 2591 eam

1089 2611 1124 2646 in
1152 2614 1309 2655 terram,
1339 2622 1450 2658 quam
1469 2610 1661 2647 Graeciam
1680 2622 1745 2646 vo-

1088 2678 1233 2711 camus;
1284 2666 1465 2715 urbesque
1501 2667 1548 2702 ad
1590 2666 1746 2703 Pontum

1089 2722 1171 2759 olim
1197 2722 1361 2759 conditas
1388 2735 1408 2758 a
1431 2721 1580 2759 Milesiis
1608 2727 1746 2759 tantum

1087 2779 1352 2827 redintegratas
1388 2779 1512 2816 fuisse.
1573 2778 1623 2816 At
1661 2791 1746 2816 vero

1089 2836 1178 2872 haec
1208 2836 1328 2872 onmia
1352 2840 1581 2886 quantopere
1601 2835 1647 2872 ab
1672 2835 1747 2873 He-

1090 2892 1209 2929 rodoti
1260 2892 1377 2929 verbis
1421 2897 1518 2931 recte
1559 2891 1747 2930 intellectis
