1904 3304
392 229 477 270 318

783 226 1259 265 HERODOTI

57 346 205 383 Scythae,
240 346 289 380 qui
316 355 334 375 a
363 332 524 382 4οὗτοι
574 335 660 379 dud
707 335 851 391 θήρης
897 334 1082 388 ζώοντες
1120 334 1268 392 τρόπῳ
1317 336 1484 393 τοιῷδε.
1543 338 1662 393 λοχᾷ,

395 406 466 450 ἐπὶ
506 405 714 460 δένδρεον
757 405 941 461 ἀναβάς·
991 406 1066 457 (τοὶ
1099 407 1145 450 δέ
1176 407 1264 449 ἐστι
1293 405 1439 449 πυκνὰ
1470 404 1554 449 ἀντὶ
1584 410 1662 449 πᾶ-

393 489 476 521 σαν
505 475 585 531 τήν
623 475 816 532 χώρην·)
865 477 996 527 ἵππος
1037 476 1083 520 δὲ
1125 477 1314 535 ἑκάστῳ,
1352 478 1661 533 δεδιδαγμένος

391 548 459 591 ἐπὶ
500 548 688 602 γαστέρα
729 552 903 591 κεῖσθαι
942 546 1253 603 ταπεινότητος
1284 549 1449 599 εἵνεκα,
1493 548 1663 604 ἑτοῖμός

394 621 503 670 ἐστι,
542 618 616 662 καὶ
655 616 800 661 κύων·
852 616 985 660 ἐπεάν
1026 618 1072 661 δὲ
1112 616 1246 675 ἀπίδῃ
1283 618 1332 662 τὸ
1375 620 1536 674 θηρίον
1576 617 1660 662 ἀπὸ
1675 626 1719 660 35

393 694 474 734 τοῦ
504 689 737 744 δενδρέου,
783 690 989 742 τοξεύσας
1027 689 1101 732 καὶ
1139 689 1290 747 ἐπιβὰς
1320 689 1390 733 ἐπὶ
1421 689 1500 734 τόν
1528 692 1663 735 ἵππον

73 381 167 416 regiis
199 381 318 409 desece-

76 419 159 442 runt·

336 847 438 883 cuius
482 844 698 882 sententiam
752 843 862 894 paulo
915 846 1002 880 ante

338 902 698 939 commemoravimus
713 930 723 947 ,
765 914 786 937 a
812 900 922 936 fluvio
944 899 1002 935 11·-

338 961 416 1007 gis,
459 959 519 1007 qui
550 958 672 1006 gentis
701 957 888 1005 regionem
918 962 1002 993 tan-

338 1021 413 1065 gat.
459 1014 614 1051 Rennel.
636 1028 670 1064 p.
695 1012 777 1054 437
806 1014 834 1049 si
858 1013 1000 1060 audias,

338 1074 432 1108 intra
464 1073 500 1107 ss.
532 1071 610 1107 laik
649 1074 686 1107 et
717 1069 871 1117 Volgam
909 1070 1001 1106 circa

338 1129 506 1164 Saratow
524 1127 906 1174 consederuutlyrcae
926 1127 1003 1162 sive

339 1185 488 1222 'furcae
531 1185 607 1220 sive
647 1183 886 1230 Torgautae:
930 1194 1002 1230 quo

338 1242 488 1278 nomine
507 1242 704 1276 etiamnum
726 1238 1003 1275 Calmuccorum

337 1298 470 1334 tribum
496 1297 533 1332 in
555 1297 610 1332 his
636 1295 848 1343 regionibus
874 1293 1004 1345 palan-

338 1358 413 1391 tem
432 1353 618 1401 designari
638 1352 766 1388 addit:
797 1352 864 1389 etsi
880 1350 1002 1401 plures

337 1411 408 1447 illic
437 1410 604 1446 nationes
654 1408 830 1445 nomadas
876 1407 1003 1454 fuisse,

338 1479 493 1516 quarum
542 1465 640 1502 nulla
690 1465 738 1501 ad
773 1464 1001 1501 Herodotum

334 1522 543 1574 pervenerit
568 1521 720 1568 notitia,
755 1533 933 1571 perquam
957 1520 1003 1556 sit

338 1578 542 1630 probabile.
588 1578 749 1614 Heeren.
777 1577 909 1624 (Ideen
926 1577 955 1622 l,
977 1579 1003 1616 2

339 1648 425 1687 pag.
452 1636 546 1676 281.
570 1636 672 1682 307)
705 1634 931 1684 potissimum
954 1633 1002 1669 ob

338 1693 451 1730 verba
468 1704 547 1741 cap.
570 1690 636 1732 24.
688 1690 872 1738 Iyrcarum
895 1689 1002 1726 sedes

341 1749 389 1786 ad
434 1746 699 1784 occidentalem
740 1747 873 1783 montis
912 1744 1002 1783 Ural

342 1808 484 1856 partem
525 1803 755 1852 quaerendas
794 1807 915 1848 ratus,
967 1802 1003 1838 in

343 1862 446 1898 huius
469 1860 583 1910 ipsius
602 1860 743 1897 radices
763 1860 811 1895 ad
830 1859 921 1896 fines
945 1859 1004 1894 Si-

341 1917 464 1955 beriae
484 1917 520 1953 in
539 1916 716 1965 gubernio
727 1916 913 1953 Permensi
927 1916 1005 1963 lyr-

341 1987 403 2011 cas
424 1975 635 2011 consedisse
659 1974 855 2009 arbitratur
874 1972 1003 2008 iisdem

340 2031 491 2067 forsitan
508 2031 544 2067 in
566 2030 797 2078 regionibus,
826 2041 917 2077 quas
935 2041 1003 2078 po-

341 2091 422 2124 stea
463 2087 676 2134 occuparint
709 2085 834 2133 Iugrz'i
878 2085 1005 2132 (hodie

338 2148 514 2181 vocantur
556 2142 752 2191 Wogulen,
799 2141 1003 2190 osona-en),

339 2200 407 2237 nisi
437 2200 557 2250 potius
590 2213 657 2249 pro
690 2212 763 2236 una
802 2200 1006 2246 eademque

338 2256 498 2293 habendi
526 2256 596 2292 sint
625 2260 757 2304 gente,
792 2268 886 2304 quae
912 2267 1007 2291 mer-

341 2318 466 2349 catura
488 2312 623 2360 insigni
644 2311 699 2348 vel
719 2312 860 2348 decimo
879 2311 1005 2360 quinto

340 2372 426 2420 post
458 2368 542 2404 Chr.
573 2381 608 2403 n.
642 2367 786 2405 saeculo
814 2369 937 2404 floruit
968 2370 1005 2404 et

340 2424 455 2462 multo
470 2428 580 2462 antea
597 2424 668 2460 iam
686 2424 853 2461 ssoruisse
870 2427 1004 2473 putan-

341 2482 390 2518 da
417 2485 484 2518 est.
528 2479 719 2517 Reichard.
744 2479 765 2516 1.
788 2479 809 2515 l.
838 2492 924 2529 pag.
948 2479 1002 2519 35

340 2538 461 2586 lyrcas
491 2536 528 2573 in
558 2537 686 2573 iisdem
716 2537 829 2573 ferme
856 2536 1003 2572 sedibus

342 2593 516 2640 collocat,
558 2606 647 2642 quas
667 2605 761 2628 nunc
781 2597 907 2629 tenent
928 2593 1004 2628 Iur-

342 2648 720 2700 gusen-lwanowsk‚
761 2649 809 2686 ad
853 2650 1002 2685 fluvium

342 2707 518 2756 lurgusen
546 2707 583 2742 in
612 2706 789 2754 gubernio
816 2705 1003 2742 Permensi

341 2763 390 2800 ad
403 2764 576 2800 orientem
590 2762 748 2811 regionis
761 2761 1000 2809 Tyssowosk,

342 2820 403 2856 ubi
433 2820 529 2857 idem
557 2820 665 2856 sedes
686 2819 1001 2868 Thyssagetarum

343 2880 528 2925 posuerat.
571 2875 712 2919 Quibus
737 2875 807 2913 Cr.
829 2875 917 2913 haee
936 2875 1000 2912 ad-

1060 843 1214 894 scripsit.
1267 842 1377 889 „Pro
1406 838 1551 894 Ἰῦρκαι
1577 844 1724 882 coniicit

1065 900 1217 950 Τῦρκαι
1245 899 1401 937 loannes
1431 900 1566 937 Potdki
1588 900 1722 938 Comes

1059 957 1094 992 in
1117 957 1229 1002 libro,
1264 957 1324 1005 qui
1346 957 1573 993 inscribitur:
1615 957 1719 994 Essai

1059 1013 1246 1050 d’histoire
1277 1013 1487 1050 universelle
1513 1017 1549 1050 et
1576 1014 1720 1051 recher-

1059 1070 1144 1106 ches
1173 1082 1234 1106 sur
1263 1069 1298 1106 la
1329 1070 1528 1116 Sarmatie,
1569 1069 1721 1119 aliisque

1059 1126 1182 1169 libris,
1224 1138 1316 1174 quos
1344 1139 1454 1176 super
1482 1126 1629 1162 historia
1648 1126 1722 1163 Po-

1059 1183 1178 1219 loniae
1203 1181 1431 1231 Russiaeque
1461 1183 1587 1219 edidit.
1635 1183 1719 1219 vid.

1060 1238 1226 1286 Giitting.
1252 1238 1404 1287 gelehrt.
1425 1237 1518 1274 Anz.
1540 1240 1647 1278 1817
1667 1251 1721 1274 nr.

1061 1297 1113 1334 93
1158 1307 1242 1344 pag.
1277 1295 1537 1336 921—923
1578 1295 1721 1343 seqq.“

1060 1351 1141 1388 Nec
1157 1351 1262 1401 pauci
1281 1352 1404 1398 suere,
1434 1352 1495 1400 qui
1515 1351 1601 1388 inde
1628 1350 1721 1387 Tur-

1062 1420 1183 1444 carum
1198 1408 1439 1457 posteriorum
1460 1407 1637 1456 originem
1661 1420 1719 1445 re-

1060 1465 1139 1515 peti
1165 1463 1316 1509 vellent3
1357 1476 1485 1514 parum
1522 1468 1642 1510 recte,
1682 1468 1722 1500 ut

1062 1521 1151 1557 satis
1195 1521 1356 1557 ostendit
1396 1521 1544 1570 copiosa
1581 1521 1628 1557 de
1666 1520 1721 1557 his

1061 1577 1097 1614 T
1101 1577 1283 1613 zschuckii
1311 1577 1511 1626 disputatio
1532 1577 1579 1613 ad
1599 1576 1722 1614 Melae

1060 1633 1082 1670 l.
1105 1635 1127 1670 l.
1148 1633 1183 1669 iu
1207 1637 1299 1669 nott.
1319 1634 1413 1669 critt.
1431 1644 1517 1682 pag.
1533 1632 1625 1672 650.
1639 1632 1719 1669 Vol.

1060 1690 1092 1726 ll
1114 1690 1155 1727 P.
1176 1689 1203 1725 l.

1117 1744 1228 1799 λοχᾷ]
1261 1745 1336 1781 scil.
1359 1742 1382 1783 o‘
1403 1745 1570 1795 θηρῶν,
1603 1750 1644 1781 ut
1664 1757 1721 1782 re-

1060 1807 1119 1840 cte
1151 1802 1291 1839 monuit
1319 1801 1522 1850 Schweigh.
1551 1800 1587 1837 T
1591 1813 1613 1836 u
1646 1801 1721 1837 vid.

1061 1860 1089 1905 1,
1120 1860 1200 1900 132
1230 1858 1316 1906 ibiq.
1345 1863 1437 1894 nott.
1496 1857 1551 1894 Ac
1576 1856 1721 1906 pellium

1061 1928 1190 1961 causa,
1223 1926 1314 1963 quas
1333 1915 1379 1950 ad
1400 1913 1544 1951 Olbiam
1561 1913 1722 1962 aliasque

1063 1973 1286 2008 Graecorum
1325 1970 1485 2007 colonias
1525 1970 1573 2006 ad
1614 1969 1723 2006 Ponti

1062 2041 1162 2065 oram
1185 2027 1422 2074 adveherent,
1455 2027 1552 2064 unde
1574 2027 1609 2062 in
1634 2025 1722 2063 alias

1061 2085 1143 2122 illae
1197 2088 1316 2121 terras
1374 2087 1723 2134 transportarentur,

1062 2142 1155 2178 hanc
1225 2140 1455 2178 venationem
1523 2139 1722 2176 institutam

1062 2199 1194 2245 fuisse,
1235 2201 1332 2234 recte
1368 2201 1546 2233 annotare
1578 2195 1722 2232 videtur

1061 2255 1221 2292 Heeren.
1250 2254 1361 2290 ldeen
1382 2254 1410 2300 Ι,
1430 2257 1455 2293 2
1475 2265 1559 2302 pag.
1581 2249 1673 2291 304.

1119 2305 1275 2359 ἕτοΐμός
1297 2308 1390 2356 ἐστι,
1414 2307 1482 2346 καὶ
1503 2303 1628 2356 κύων]
1648 2308 1721 2344 Ca-

1062 2381 1145 2404 nem
1197 2367 1316 2416 lyrcas
1370 2365 1497 2401 statuit
1546 2364 1720 2414 Repperi.

1060 2422 1321 2471 Nordgestade
1341 2426 1406 2458 etc.
1423 2433 1508 2470 pag.
1521 2420 1573 2460 85
1589 2421 1717 2457 eodem

1061 2480 1231 2517 habuisse
1252 2478 1350 2525 loco,
1388 2489 1462 2526 quo
1493 2489 1589 2513 nunc
1612 2475 1719 2525 vulgo

1061 2549 1126 2586 per
1144 2535 1327 2584 Europam
1341 2534 1438 2570 vitae
1458 2534 1592 2569 socium
1614 2533 1720 2582 quasi

1061 2596 1244 2629 assumant
1265 2602 1411 2636 canem,
1443 2589 1578 2626 animal
1594 2590 1721 2626 dome-

1064 2649 1200 2685 sticum.
1255 2646 1292 2682 ln
1321 2659 1423 2695 seqq.
1455 2647 1566 2683 verba
1596 2644 1663 2684 καὶ
1698 2643 1722 2684 0‘

1059 2701 1170 2744 κύων
1197 2702 1321 2753 ἔχεται
1347 2702 1485 2740 valent:
1538 2704 1638 2739 canis
1659 2704 1716 2738 in-

1059 2762 1177 2798 haeret
1198 2761 1369 2807 vestigiis.
1400 2759 1485 2799 vid,
1508 2759 1537 2806 I,
1558 2758 1637 2799 134
1648 2759 1716 2795 ibi-

1059 2831 1130 2867 que
1143 2821 1235 2853 nott.
1270 2817 1340 2853 Pro
1360 2813 1615 2867 τετραμμένοι
1635 2827 1715 2852 cum

1058 2879 1206 2912 recentt.
1229 2873 1313 2910 edd.
1336 2873 1426 2911 dedi
1448 2868 1715 2911 οἷποκλίνοντι.
