1904 3304
428 228 512 268 320
827 226 1300 266 HERODOTI

115 338 221 365 timos:
264 338 355 366 arbor

93 372 265 400 Ponticum:
305 381 372 399 nuc-

93 414 144 433 cus
164 413 198 433 ex
223 406 287 433 eius
309 406 371 434 sru-

93 442 162 469 ctu,
181 439 291 475 Aschy.

431 336 477 380 δὲ
515 337 588 380 καὶ
618 339 694 391 τῆς
722 336 901 392 τρηχέης
936 340 1082 392 χῶρον
1115 337 1302 390 πολλὸν,
1351 337 1545 381 οἰκέουσι
1576 337 1694 381 ὑπώ-

431 424 537 463 ρεαν
581 406 750 462 οὐρέων
801 407 985 464 ὑψηλῶν
1030 407 1262 461 ἄνθρωποι
1307 407 1532 463 λεγόμενοι
1581 407 1750 452 εἶναι45

428 478 583 529 πάντες
614 478 854 534 φαλακροὶ,
885 477 932 522 ἐκ
958 481 1105 534 γενεῆς
1133 476 1385 534 γινόμενοι,
1419 480 1492 522 καὶ
1523 480 1694 534 ἔρσενες

375 612 525 650 similem
571 611 823 662 Hyperboreis
868 615 1031 660 gentem.

374 670 492 707 Sedes
528 668 594 705 illis
631 681 803 714 nemora,
863 668 1033 705 alimenta

374 727 528 772 baccae,
568 724 717 775 capillus
747 726 846 761 iuxta
867 725 1033 762 foeminis

373 783 531 831 virisque
561 781 597 817 in
619 781 754 831 probro
782 782 1033 818 existimatur:

371 840 461 875 ritus
488 838 695 876 clementes.
753 839 881 886 Itaque
911 849 1033 874 sacros

370 895 495 932 haberi
552 899 703 932 narrant
766 894 1032 943 inviolatosque

371 965 452 989 esse
485 952 593 988 etiam
623 951 708 988 seris
741 950 942 987 accolarum
968 963 1034 999 po-

369 1008 484 1059 pulis:
517 1021 581 1045 nec
601 1008 700 1057 ipsos
725 1008 849 1053 modo,
869 1008 933 1043 sed
951 1006 1032 1042 illos

374 1078 544 1114 quoque,
585 1064 647 1112 qui
674 1064 721 1099 ad
759 1076 822 1100 eos
859 1064 1034 1113 profuge-

373 1122 489 1157 rint.“
529 1121 635 1164 Quae
653 1120 734 1169 ipsa
751 1132 922 1168 magnam
947 1131 1032 1169 par-

374 1182 449 1214 tem
482 1190 525 1214 ex
547 1177 739 1213 Herodoto
764 1177 932 1212 videntur
953 1188 1034 1212 esse

374 1233 517 1270 hausta.
578 1233 736 1276 Quinam
772 1245 859 1268 vero
897 1232 931 1267 hi
965 1232 1034 1280 ipsi

374 1291 446 1326 sint
467 1292 623 1334 montes,
655 1289 702 1325 ad
723 1301 875 1337 quorum
895 1288 1034 1324 radices

373 1346 536 1383 habitare
573 1346 714 1382 dicatur
747 1357 859 1393 gens,
900 1345 1035 1393 Argip-

370 1415 557 1453 paeorum,
616 1402 692 1438 sive
732 1401 1034 1451 Arympleaeorum

371 1461 518 1496 nomine
536 1458 722 1506 insignita,
754 1459 784 1494 si
803 1470 1034 1506 quaeramus,

371 1515 430 1554 De
456 1516 623 1564 Guignes
654 1513 723 1551 1.1.
757 1514 815 1550 hic
845 1515 904 1562 agi
931 1518 1036 1564 putat

372 1573 420 1610 de
439 1572 623 1608 montibus
645 1571 854 1614 altioribus,
893 1571 955 1619 qui
976 1571 1035 1605 Si-

375 1642 461 1666 nam
481 1642 503 1665 a
521 1627 769 1677 septentrione
785 1630 898 1675 atque
915 1627 1036 1663 orien-

376 1689 412 1722 te
431 1686 598 1733 cingant,
628 1696 855 1732 quorumque
872 1683 920 1719 ad
938 1683 1037 1719 radi-

377 1754 437 1779 ces
450 1740 738 1790 Argippaeorum
764 1740 897 1777 suerint
917 1739 1037 1786 sedes,

377 1797 469 1835 ultra
500 1798 645 1834 deserta
668 1796 821 1832 Chamo.
881 1796 928 1832 Et
953 1808 1036 1832 con-

377 1855 499 1891 venire
518 1866 598 1890 cum
616 1852 874 1903 popuioSinae
887 1865 930 1889 ea
949 1852 1038 1888 sub-

379 1911 474 1956 iicit,
519 1923 613 1959 quae
640 1910 850 1946 Herodotus
870 1910 915 1946 de
935 1908 1037 1944 huius

380 1967 500 2016 gentis
525 1966 684 2002 moribus
711 1966 881 2015 victuque
901 1978 1039 2002 memo-

379 2024 454 2060 riae
476 2023 688 2073 prodiderit.
734 2021 866 2071 Neque
884 2035 969 2059 vero
991 2021 1038 2058 de

378 2080 490 2117 Sinae
509 2078 647 2130 popuio
669 2079 727 2115 hic
743 2079 896 2127 cogitari
916 2090 1038 2128 posse,

379 2140 478 2173 recte
517 2140 676 2173 statuere
709 2135 851 2172 videtur
878 2133 1037 2172 Danvill.

377 2194 400 2229 l.
418 2192 439 2229 1.
456 2206 491 2242 p.
517 2192 598 2232 588
621 2205 699 2240 sq.,
733 2192 793 2241 qui
808 2191 1038 2241 Argippaeos

378 2249 588 2286 societatem
623 2249 809 2297 quandam
837 2248 1037 2284 Brachma-

377 2318 463 2341 num
499 2318 525 2341 S.
558 2304 713 2349 Lamas‚
765 2309 806 2341 ut
843 2309 1039 2351 vocantur,

377 2361 488 2398 fuisse
515 2361 728 2410 suspicatur.
790 2361 874 2404 Quo
907 2361 1039 2398 eodem

378 2419 456 2455 sere
480 2418 589 2453 modo
615 2423 739 2453 nostra
763 2422 883 2454 aetate
908 2418 1039 2454 Ritter.

379 2472 584 2510 Erdkunde
613 2472 643 2509 ll
671 2486 707 2523 p.
737 2475 815 2513 691
845 2473 923 2510 coll.
945 2471 1038 2513 765.

381 2532 463 2569 892
483 2529 712 2579 Argippaeos
732 2543 797 2579 pro
811 2530 935 2566 Serica
951 2542 1041 2578 qua-

383 2587 466 2623 dam
487 2587 635 2622 natione
656 2585 786 2631 habet,
826 2598 920 2634 quae
948 2598 1041 2623 mer-

384 2646 531 2680 caturae
570 2642 676 2679 suerit
703 2642 852 2687 dedita,
893 2642 949 2679 vel
974 2655 1040 2692 pro

385 2699 481 2736 tribu
504 2699 660 2748 quadam
684 2697 901 2734 sacerdotali
923 2699 1040 2735 omni-

385 2768 444 2792 um
475 2755 668 2792 iustissima
702 2755 930 2802 maximeque
968 2755 1039 2804 pia.

387 2812 471 2855 Quo
511 2812 664 2860 rectius,
706 2812 858 2860 opinor,
899 2810 957 2847 alii
994 2811 1041 2848 de

388 2868 604 2917 Calmucchv,
636 2881 664 2906 s.
685 2865 869 2916 Mongolis
895 2866 951 2904 hic
980 2880 1042 2904 co-

1089 611 1281 660 gitandum
1308 624 1389 649 esse
1416 616 1591 650 statuunt.
1653 613 1751 651 Inter

1090 680 1183 717 quos
1216 668 1400 705 Gatterer.
1427 669 1506 718 (ap.
1534 669 1751 707 Billerbcck.

1090 723 1209 761 Distic.
1229 724 1290 760 As.
1308 737 1394 774 pag.
1422 727 1488 766 26.
1530 725 1751 764 Commentt.

1090 780 1226 817 Societ.
1264 780 1435 830 Gotting.
1469 781 1553 818 le
1588 795 1676 832 pag.
1714 784 1752 822 6.

1090 834 1164 882 42)
1183 836 1427 887 Argippaeos‚
1466 850 1558 886 quos
1582 851 1648 888 pro
1664 837 1752 875 Cal-

1090 893 1223 929 muccis
1238 893 1349 930 habet
1364 894 1634 943 maioribusque
1646 895 1751 931 Hun-

1091 962 1242 994 norum,
1275 950 1323 986 ad
1343 951 1477 987 montis
1499 950 1597 987 Imaz'
1611 951 1752 989 radices

1091 1006 1379 1056 septentrionem
1414 1020 1540 1044 versus
1579 1007 1615 1044 in
1653 1012 1753 1045 terra

1094 1062 1300 1110 Soongarz'a
1341 1063 1469 1111 (quam
1505 1064 1615 1101 hodie
1646 1077 1753 1100 occu-

1092 1122 1181 1168 pent
1218 1119 1419 1167 Soongari,
1478 1120 1753 1157 Calmuccorum

1092 1187 1183 1223 gens
1197 1175 1228 1222 ,)
1258 1175 1436 1213 insedisse
1454 1177 1592 1213 statuit.
1651 1178 1754 1214 Ren-

1092 1230 1160 1268 nel.
1179 1243 1263 1280 pag.
1287 1231 1369 1271 437
1394 1244 1493 1281 seq„
1522 1233 1630 1270 sedes
1652 1233 1754 1281 genti

1092 1288 1260 1335 assignat
1285 1288 1320 1323 in
1347 1291 1443 1324 terra
1460 1301 1593 1337 magna
1614 1289 1753 1326 hordae

1092 1343 1344 1392 Kirgisorum,
1384 1345 1446 1380 ubi
1477 1345 1650 1382 montium
1679 1348 1754 1382 tra-

1093 1405 1194 1446 ctus,
1232 1401 1380 1437 nomine
1399 1401 1520 1449 Arga,
1556 1402 1593 1438 in
1620 1401 1755 1451 guber-

1093 1457 1153 1493 nio
1175 1457 1394 1505 Oremburg.
1445 1457 1525 1494 Nec
1551 1458 1653 1495 aliter
1678 1459 1754 1496 sere

1091 1513 1253 1549 Heeren.
1282 1514 1396 1550 Ideen
1431 1513 1471 1559 I,
1502 1517 1529 1554 2
1558 1527 1644 1564 pag.
1671 1516 1753 1556 282

1094 1569 1174 1605 coll.
1193 1571 1285 1610 299.
1308 1572 1411 1616 300,
1441 1575 1585 1607 montes
1609 1572 1654 1607 ab
1677 1570 1755 1607 He-

1094 1625 1225 1661 rodoto
1250 1630 1549 1663 commemoratos
1579 1627 1628 1663 ad
1650 1639 1754 1663 mon-

1094 1686 1166 1718 tem
1196 1681 1283 1718 Ural
1318 1686 1484 1731 spectare
1519 1687 1643 1729 ratus,
1684 1683 1755 1719 Ar-

1094 1740 1261 1787 gippaeos
1298 1751 1365 1788 pro
1397 1738 1592 1775 Calmuccis
1632 1739 1754 1783 habet,

1095 1796 1156 1844 qui
1178 1795 1225 1831 ad
1248 1794 1443 1843 Mongolos
1464 1796 1696 1844 pertineant,
1718 1799 1756 1833 et

1094 1850 1334 1900 probabiliter
1348 1851 1383 1887 in
1405 1851 1621 1889 occidentali
1644 1851 1755 1888 Mon·

1095 1907 1213 1955 goliae
1237 1912 1361 1956 parte,
1390 1908 1425 1944 in
1450 1920 1516 1955 ea,
1542 1921 1638 1957 quae
1659 1921 1755 1945 nunc

1094 1964 1326 2011 Kirgisorum
1347 1968 1416 2010 cst,
1433 1966 1597 2014 regione,
1614 1965 1755 2002 habita-

1094 2021 1178 2056 rint.
1226 2019 1325 2057 Nam
1356 2022 1390 2057 in
1415 2033 1478 2058 eos
1510 2034 1602 2058 unos
1624 2034 1756 2059 conve-

1095 2076 1173 2113 nire
1202 2077 1329 2123 addit,
1368 2089 1463 2127 quae
1491 2077 1560 2115 hoc
1591 2077 1672 2115 loco
1709 2078 1756 2114 de

1094 2132 1387 2182 Argippaeorum
1429 2134 1588 2171 moribus
1620 2147 1663 2172 ac
1701 2134 1753 2170 vi-

1095 2190 1205 2227 vendi
1232 2203 1367 2238 genere
1392 2191 1595 2230 tradantur.
1648 2191 1755 2234 Quae

1097 2258 1177 2283 cum
1205 2246 1256 2282 ita
1285 2247 1380 2293 sint,
1417 2247 1569 2284 Bohlen.
1594 2248 1753 2298 (Indien.

1097 2302 1111 2339 l
1140 2315 1224 2352 pag.
1253 2305 1352 2350 100)
1377 2303 1410 2339 h.
1432 2303 1454 2339 Ι.
1485 2304 1522 2339 in
1550 2305 1754 2340 universum

1097 2359 1295 2407 Mongolos
1324 2359 1473 2396 indicari
1503 2359 1599 2395 haud
1624 2359 1755 2396 iniuria

1097 2420 1260 2452 statuere
1291 2415 1444 2452 videtur.
1503 2413 1559 2451 Ac
1598 2416 1755 2465 denique

1097 2471 1290 2508 Reichard.
1321 2471 1343 2507 1.
1377 2471 1398 2509 l.
1429 2483 1513 2520 pag.
1540 2471 1591 2511 35
1622 2472 1755 2522 Argip-

1097 2540 1268 2578 paeorum
1297 2528 1450 2576 vestigia
1478 2528 1676 2565 arbitratur
1695 2541 1757 2565 co-

1099 2584 1224 2632 gnosci
1275 2584 1309 2619 iu
1352 2584 1462 2620 ssuvio
1507 2584 1756 2635 Arcln'powka,

1099 2641 1198 2689 quod
1220 2640 1402 2677 brachium
1424 2653 1502 2677 esse
1525 2642 1638 2678 fertur
1656 2642 1756 2678 fluvii

1100 2696 1404 2746 Tschussowajae
1473 2698 1510 2734 in
1576 2698 1755 2747 gubernio

1098 2752 1216 2790 Perm.

1155 2807 1375 2859 φαλακροὶ,
1414 2807 1456 2849 ἒκ
1481 2813 1620 2861 γενεῆς
1650 2805 1755 2862 γινό-

1099 2864 1226 2918 μενοι]
1278 2866 1418 2903 Eadem
1456 2867 1504 2905 de
1528 2866 1754 2918 Arimphaeis
