1904 3304
607 248 1076 289 THALIA.111.

1390 249 1474 289 189

208 364 256 407 ἐν
283 366 395 406 τοῖσι
417 360 594 418 ’Έλλησι
625 359 869 416 μύρμηκες,
908 359 979 403 καὶ
1009 358 1086 402 τὸν
1117 355 1255 401 αὐτόν
1284 355 1473 412 τρόπον·

209 434 288 477 εἰσὶ
329 434 374 476 δὲ
411 434 482 476 καὶ
524 432 572 476 τό
614 431 728 482 εἶδος
768 431 1033 487 ὁμοιότατοι.
1091 429 1117 485 ἡ
1154 428 1199 472 ὁὲ
1235 428 1411 484 ψάμμος
1451 426 1479 484 ἦ

178 504 520 561 4άναφερομένη
573 504 655 546 ἐστὶ
710 509 914 559 χρυσῖτις.

973 501 1067 544 Ἐπὶ
1106 500 1159 556 δὴ
1197 498 1362 556 ταύτην
1398 499 1480 555 τήν

205 575 385 631 ψάμμον
417 576 662 618 στέλλονται
693 574 734 625 ἐς
764 574 844 631 τήν
876 575 1038 630 ἐρῆμον
1069 576 1112 617 οἱ
1139 572 1291 623 Ἰνδοὶ,
1327 570 1477 624 ζευξάη

204 664 334 703 μενος
364 647 541 697 ἕκαστος
570 645 791 701 καμήλους
814 650 947 700 τρεῖς,
980 643 1249 701 σειρηφόρον
1275 643 1353 698 μὲν
1383 641 1476 685 ἓκα-
1489 647 1534 681 90

204 720 395 774 τέρωθεν
426 719 580 771 ἔρσενα
618 718 862 771 παρέλκειν.
921 717 1088 773 θήλεαν
1129 717 1194 768 δὲ,
1243 714 1285 766 ἐς
1323 712 1476 770 μέσον·

204 791 273 834 ἐπὶ
302 790 465 846 ταύτην
496 791 548 846 δή
582 789 714 841 αὐτὸς
744 788 994 844 ἀναβαίνει,
1041 786 1324 843 ἐπιτηδεύσας
1364 785 1477 835 ὅκως

177 861 294 906 5από
325 864 488 905 τέκνων
519 862 576 913 ὦς
605 860 832 905 νεωτάτων
863 857 1120 909 ἀποσπάσας
1142 856 1276 914 ζεύξῃ.
1322 859 1367 900 αἱ
1394 856 1477 913 γάρ

206 947 286 989 σφι
325 933 507 990 κάμηλοι
549 936 695 976 ἵππων
737 931 817 976 οὐκ
848 930 1031 987 ἥσσονες
1060 929 1102 981 ἐς
1132 928 1347 985 ταχύτητά
1377 931 1476 972 εἰσι·

61 1010 159 1054 103
207 1005 336 1061 χωρὶς
375 1006 440 1056 δὲ,
483 1003 616 1060 ἄχθεα
656 1003 951 1057 δυνατώτεραι
990 999 1153 1044 πολλὸν
1192 1000 1351 1056 φέρειν.

1417 999 1475 1044 T&

204 1077 282 1132 μὲν
313 1075 366 1132 δὴ
399 1074 514 1127 εἶδος
545 1075 698 1122 ὁκοῖόν
727 1093 767 1118 τι
799 1075 881 1129 ἔχει
916 1073 942 1130 ἡ
982 1071 1199 1129 κάμηλος,
1246 1072 1527 1127 ἐπισταμὲ-95

204 1159 320 1190 νοισι
358 1152 472 1190 τοῖσι
504 1147 682 1204 Ἕλλησι
721 1145 775 1190 ου’
818 1143 1082 1200 συγγράφω·
1137 1143 1186 1187 vd
1219 1143 1263 1187 δὲ
1293 1142 1350 1199 μὴ
1383 1142 1479 1186 ἐπι-

177 1220 381 1262 Ξστέαται
421 1217 574 1273 αὐτῆς,
624 1223 754 1261 τοῦτο
795 1217 963 1273 φράσω.

1035 1213 1226 1270 κάμηλος
1275 1213 1322 1257 ἐν
1364 1219 1480 1257 τοῖσι

208 1288 448 1333 ὀπισθίοισι
481 1290 646 1333 σκέλεσι
684 1291 765 1346 ἔχει
804 1287 1008 1341 τέσσερας
1046 1285 1237 1342 μηρούς,
1277 1285 1349 1328 καὶ
1378 1284 1479 1341 γού-

210 1474 282 1514 εἷσὶ
297 1472 338 1513 δὲ
361 1471 486 1514 καὶτὸ
506 1471 609 1521 εἶδος
635 1469 813 1526 ὅμοιότα-

151 1530 227 1581 τοι]
260 1532 311 1568 lta
334 1533 451 1568 Gaisf.
481 1537 627 1569 secutus
657 1546 676 1569 e
705 1532 817 1581 pluri-

150 1589 216 1625 bus
237 1588 333 1624 libris
358 1589 501 1637 scriptis
522 1589 632 1633 edidi,
653 1589 815 1638 proban-

149 1650 187 1682 te
208 1657 359 1682 censore
377 1645 519 1682 lenensi
537 1647 643 1685 1817
660 1658 713 1681 nr.
735 1647 812 1685 163

148 1714 232 1752 pag.
258 1700 362 1748 364,
393 1702 455 1750 qui
480 1701 597 1738 locum
630 1702 679 1738 sic
703 1702 815 1738 inter-

148 1762 330 1808 pretatur:
363 1758 496 1794 bestias
528 1757 606 1794 illas
636 1771 710 1794 non
737 1771 813 1794 mo-

150 1815 198 1850 do
220 1818 351 1850 terram
370 1815 496 1851 fodere
518 1814 619 1850 sicuti
635 1816 814 1861 formicas,

151 1871 216 1907 sed
240 1869 359 1918 forma
389 1883 521 1920 quoque
546 1872 740 1919 persimiles
763 1885 814 1908 es-

153 1939 187 1961 se
204 1925 375 1974 formicis
407 1927 608 1974 Schweigh.
632 1928 813 1964 exhibuit:

154 1981 229 2020 εἰσὶ
251 1979 291 2019 δὲ
314 1980 380 2019 καὶ
406 1978 518 2020 αὐτοὶ
546 1979 649 2029 εἶδος
679 1979 814 2033 ὁμοιό-

151 2053 270 2076 τατοι.
330 2038 448 2086 Vulgo
469 2039 646 2075 omittitur
666 2037 708 2078 τό
728 2045 814 2077 ante

154 2091 258 2140 εἶδος
276 2098 311 2131 et
335 2101 418 2144 post
441 2090 666 2144 ὁμοιότατοι
688 2096 815 2132 inseri-

151 2155 211 2188 tur
234 2146 370 2196 αὐτοί,
401 2152 498 2187 cuius
519 2151 596 2187 loco
624 2153 731 2188 etiam
759 2153 815 2189 in-

149 2208 291 2244 venitur
312 2201 441 2253 οὗτοι,
462 2221 575 2257 parvo
594 2208 814 2255 discrimine,

151 2277 231 2301 cum
252 2265 399 2300 omnino
427 2264 556 2300 similes
580 2265 738 2302 formicis
766 2266 814 2302 ad

148 2321 302 2357 sormam
329 2320 586 2369 designentur,
616 2321 814 2371 interprete

150 2376 390 2425 lVesseling„
431 2378 493 2426 qui
521 2378 675 2414 conferri
713 2379 815 2415 iubet

150 2432 259 2469 Dion.
291 2433 477 2483 Chrysost.
503 2434 568 2470 Or.
594 2434 745 2481 XXXV,
775 2448 813 2484 p.

152 2488 233 2528 436
255 2489 298 2525 Β.
328 2489 448 2526 strab.
478 2490 546 2526 XV
578 2504 613 2539 p.
645 2493 751 2530 1032
785 2503 814 2527 s,

152 2545 243 2584 705.
283 2545 421 2582 Arrian.
450 2546 529 2584 Ind.
559 2547 622 2587 15.
652 2546 814 2584 Lai-che·-

152 2611 212 2635 rus
230 2599 317 2637 Plin.
342 2601 389 2638 H.
410 2602 458 2639 N.
481 2603 543 2648 XI,
569 2605 619 2643 31
646 2602 780 2640 laudat·

211 2654 525 2709 σειρηφόρον
543 2656 814 2710 μὲνὲκατέρω-

153 2714 229 2748 θεν
251 2709 386 2760 ἔρσενα
408 2713 628 2765 παρέλκειν]
647 2715 813 2765 funalem

154 2765 321 2815 intelligit
353 2770 537 2811 camelum.
571 2768 813 2823 σειρηφόρος

155 2823 202 2859 de
213 2836 296 2871 equo
308 2822 437 2872 funali
458 2827 596 2873 dicitur,
626 2828 813 2880 Aristoph.

153 2877 277 2916 Nubb.
311 2881 418 2922 1302
446 2880 512 2932 (al.
539 2885 661 2932 1282)
690 2886 813 2936 ibique

872 1473 992 1511 Schol.
1026 1473 1160 1510 Electr.
1190 1472 1294 1519 715,
1327 1471 1368 1522 [,‚
1380 1472 1438 1509 Cf.
1467 1471 1535 1508 Ez.

872 1530 1071 1579 Spanhern.
1094 1531 1141 1566 ad
1156 1528 1388 1578 Aristopban.
1408 1529 1534 1566 Nubb.

871 1599 923 1622 vs.
950 1589 1027 1627 122
1051 1600 1088 1636 p.
1111 1588 1163 1626 87
1184 1599 1238 1634 sq.
1264 1586 1376 1622 Beck.
1395 1586 1440 1622 ab
1472 1599 1536 1622 eo-

872 1656 942 1691 que
974 1643 1095 1679 laudd.
1126 1641 1292 1691 Aeschyli
1316 1641 1533 1692 Agamemn.

871 1712 922 1736 VS.
943 1699 1038 1740 851.
1057 1697 1354 1749 1649.Euripid.
1370 1699 1534 1748 Iphigen.

870 1755 990 1792 Aulid.
1020 1769 1071 1792 vs.
1094 1758 1176 1795 220
1193 1769 1274 1805 sqq.
1307 1755 1416 1792 alii.“
1445 1753 1531 1806 Cn]

872 1812 961 1849 Inde
988 1826 1115 1850 sensus
1145 1812 1212 1848 loci
1241 1813 1298 1849 hic
1329 1816 1404 1850 cst:
1433 1815 1534 1859 „tres

873 1871 1017 1918 quisque
1039 1870 1184 1905 camelos
1212 1871 1265 1905 ita
1292 1871 1462 1918 iungunt,
1492 1872 1534 1905 ut

870 1938 998 1962 marem
1027 1926 1192 1976 funalem
1224 1927 1390 1974 utrinque
1427 1925 1532 1962 collo-

872 1986 959 2028 cent,
991 1985 1092 2032 quia
1113 1983 1222 2019 latere
1244 1983 1405 2028 trahant,
1426 1982 1535 2032 femi-

870 2051 952 2075 nam
980 2052 1058 2075 vero
1086 2039 1234 2075 mediam
1261 2042 1355 2075 inter
1385 2039 1444 2075 hos
1469 2052 1536 2089 po-

871 2098 984 2138 mut,-
1015 2096 1108 2132 hanc
1125 2108 1203 2131 vero
1229 2097 1301 2144 ipse
1320 2095 1533 2142 conscendit,

873 2165 975 2201 quam
1002 2153 1045 2187 ab
1075 2154 1306 2189 recentissime
1334 2154 1431 2188 natis
1459 2153 1534 2188 suis

872 2208 1033 2244 (ands-am
1061 2213 1100 2245 ut
1127 2211 1280 2257 iungat,
1310 2221 1448 2258 operam
1476 2208 1538 2245 {le-

873 2265 1029 2301 ditf‘-
1048 2264 1109 2302 Ad
1128 2261 1283 2315 θήλεαν
1305 2266 1399 2302 conf.
1421 2266 1536 2302 citatt.

871 2322 920 2358 ad
948 2321 1010 2367 Ill,
1034 2322 1099 2363 85.
1149 2321 1190 2358 In
1214 2322 1287 2359 fine
1307 2334 1384 2372 cap.
1408 2321 1537 2371 reliqui

871 2380 991 2416 πολλ
1005 2374 1071 2425 dv,
1099 2379 1199 2427 quod
1219 2378 1363 2428 plurimi
1383 2378 1462 2415 libri
1483 2378 1539 2414 of-

870 2436 1004 2471 serunt.
1038 2435 1110 2472 Alii
1141 2436 1286 2488 πολλῷ.
1327 2434 1389 2473 Tu
1411 2436 1537 2472 confer

869 2490 950 2538 Vll,
970 2493 1008 2530 7.

1080 2547 1191 2598 Cap.
1233 2547 1330 2584 CIII.

932 2600 985 2643 To*
1017 2601 1058 2643 δὲ
1090 2601 1145 2654 μή·
1169 2602 1416 2653 ἐπιστέαται]
1449 2601 1536 2642 ε’πι-

872 2658 1026 2699 στέαται
1045 2662 1180 2697 dictum
1202 2674 1268 2711 pro
1293 2659 1534 2705 ἐπίστανται,

870 2721 911 2754 ut
931 2718 977 2763 ΙΙ,
1003 2720 1082 2758 142
1106 2716 1303 2755 δυνέαται.

928 2773 1003 2824 ἔχει
1025 2772 1209 2825 τέσσερας
1230 2768 1398 2824 μηροῦς]
1413 2771 1533 2808 Hero-

871 2831 950 2867 doti
970 2830 1003 2866 h.
1025 2830 1045 2867 l.
1067 2835 1225 2878 tangens
1245 2830 1418 2866 Bochart.
1437 2827 1532 2864 Hie-

870 2888 1003 2924 rozoic.
1025 2886 1053 2934 I,
1075 2889 1102 2926 2
1126 2899 1205 2938 cap.
1230 2888 1249 2926 1
1276 2885 1354 2922 init.
1378 2879 1533 2936 μηρούς
