1904 3304
407 255 463 295 72

834 252 1307 292 HERODOTI

410 363 457 407 δὲ
501 361 607 419 μετὰ
647 364 785 404 ταῦτα
832 359 1015 412 καλέσας
1050 359 1201 405 Ἰνδῶν
1242 361 1346 413 τούς
1389 360 1682 418 καλεομένους

412 434 676 484 Καλλατίας,
710 436 753 476 οἳ
773 431 877 483 τούς
902 433 1057 488 γονέας
1083 434 1385 483 κατεσθίουσι,
1415 434 1575 487 εἴρετο,
1605 448 1682 476 πα-

411 502 601 559 ρεόντων
639 509 726 547 τῶν
757 502 974 560 Ἑλλήνων
1010 504 1082 547 καὶ
1122 504 1164 547 δί
1196 504 1400 560 ἑρμηνέος
1429 503 1682 558 μανθανόν-

382 582 500 619 7των
522 575 574 618 τὰ
601 575 823 631 λεγόμενα,
863 575 959 625 „gni
993 577 1079 619 τίνι
1107 573 1296 631 χρήματι
1325 574 1506 626 δεξαίατ’
1537 575 1592 618 ἄν
1620 581 1738 618 *re-25

411 645 664 697 λευτέοντας
701 645 805 697 τούς
843 646 1031 702 πατέρας
1061 647 1310 690 κατακαίειν
1338 647 1487 699 πυρί.“

1549 647 1593 689 οἱ
1622 645 1680 696 δὲ,

382 716 695 774 8ἆμβώσαντες
732 716 862 773 μέγα,
905 716 1139 775 εὐφημέειν
1175 733 1251 773 μιν
1289 716 1500 760 ἐκέλευον.
1555 717 1682 760 Οὕτω

413 787 493 844 μέν
523 804 608 831 νυν
637 792 772 832 ταῦτα
802 788 1074 844 νενόμισται·
1126 789 1199 832 καὶ
1238 787 1387 844 ὀρθῶς
1425 805 1500 844 μοι
1540 787 1681 832 δοκέει
1747 805 1830 846 215

412 860 639 915 Πίνδαρος
667 864 870 917 ποιῆσαι,
924 859 1063 917 νόμον
1100 858 1279 904 πάντων
1321 859 1499 916 βασιλέα
1541 857 1686 915 φήσας

413 928 537 974 εἶναι.

413 1083 507 1132 τούς
553 1081 817 1135 καλεομένους
863 1086 1020 1123 Καλλα-

356 1143 455 1192 τίας]
478 1143 696 1188 Καλλατίας
714 1155 793 1179 cum
812 1141 1019 1190 Schweigh.

358 1205 396 1237 et
409 1200 523 1236 Gaisf.
543 1199 641 1237 edidi
652 1199 875 1235 assentiente
887 1198 1019 1235 Matth.

358 1256 480 1305 Vulgo
511 1255 733 1301 Καλατίας;
761 1254 808 1292 de
836 1267 909 1303 qua
934 1254 1021 1290 scri-

357 1318 465 1363 ptura
493 1311 666 1349 nonnulla
699 1310 919 1358 Wesseling.
960 1310 1022 1346 In-

357 1370 413 1406 sra
445 1368 514 1414 ΙΙΙ,
546 1371 600 1410 97
631 1370 751 1405 exstat
789 1366 1020 1405 Καλαντίαι.

359 1425 465 1469 Quos
475 1425 631 1463 Rennel.
656 1424 678 1462 l.
700 1423 722 1460 l.
743 1435 829 1474 pag.
842 1423 924 1464 522
942 1435 1023 1460 eos-

358 1482 443 1518 dem
471 1493 551 1519 esse
581 1482 784 1531 suspicatur
812 1485 925 1529 atque
948 1478 1023 1516 Pa-

360 1538 484 1584 dae0s‚
515 1538 562 1575 de
592 1538 725 1587 quibus
752 1536 815 1583 Ill,
838 1538 904 1576 99.
946 1536 1024 1573 Sed

359 1594 523 1633 Heeren.
554 1593 679 1632 ldeen.
709 1594 737 1640 1,
774 1596 791 1632 1
827 1606 912 1643 pag.
940 1590 1022 1633 364

360 1664 437 1700 seq.
461 1655 583 1687 monet
608 1651 713 1687 huius
741 1650 860 1697 gentis
888 1661 1020 1686 nomen

360 1708 468 1744 latius
499 1711 627 1756 patere
656 1710 694 1744 et
717 1706 864 1742 omnino
893 1707 941 1742 ad
965 1706 1023 1742 ln-

361 1763 444 1800 diae
473 1762 718 1800 meridionalis
745 1767 883 1799 tractus
912 1762 1023 1811 perti-

361 1832 473 1864 nere,
519 1832 598 1856 cum
626 1820 825 1857 deductum
858 1818 1024 1855 videatur

361 1876 407 1912 ab
432 1875 557 1912 ludica
582 1889 670 1913 voce
694 1875 811 1912 Culler
832 1888 860 1911 s.
885 1874 1025 1920 Caedis,-

364 1931 549 1969 Coulerz'es.
609 1933 650 1969 In
672 1932 727 1969 his
751 1945 836 1968 vero
866 1932 1024 1979 regioni-

363 1989 429 2025 bus
468 2001 614 2026 carnem
652 1989 845 2025 humanam
886 1988 1025 2025 edendi

363 2045 667 2083 consuetudinem
697 2058 842 2095 semper
862 2045 938 2082 fere
958 2045 1025 2081 ob—

362 2102 515 2139 tinuisse
547 2101 649 2138 ldem
678 2106 824 2148 monet,
855 2114 934 2138 cum
971 2100 1025 2137 vel

363 2158 575 2195 recentioris
588 2158 720 2196 aetatis
732 2158 1025 2208 peregrinatores

363 2215 468 2251 istius
496 2214 595 2250 modi
623 2227 767 2252 carnem
792 2215 839 2250 ad
863 2214 1026 2251 venden-

365 2271 451 2307 dum
478 2269 515 2307 in
544 2271 624 2306 soro
654 2270 795 2319 publice
824 2270 1024 2319 expositam

365 2326 532 2371 viderint,
559 2330 606 2372 et,
632 2339 725 2375 quae
746 2326 957 2363 Herodotus
979 2327 1026 2364 de

365 2382 590 2433 parentibus,
605 2394 695 2430 quos
714 2383 923 2428 comedant,
939 2383 1027 2419 scri-

368 2440 444 2484 bat,
466 2437 592 2475 eadem
614 2437 726 2474 multo
749 2443 833 2488 post
860 2452 881 2474 a
901 2437 1027 2476 Marco

366 2494 457 2532 Polo
478 2499 702 2531 enarrentur.
753 2495 862 2544 Apud
881 2500 1027 2542 gentem

367 2550 549 2596 Africam,
589 2563 696 2598 quam
743 2552 850 2598 vulgo
901 2556 1030 2588 vocant

367 2607 644 2652 Hottentotteu,
676 2606 801 2642 similia
824 2606 942 2643 adhue
971 2621 1028 2644 re-

367 2663 477 2714 periri
499 2662 701 2700 Larcherus
721 2663 768 2698 ad
793 2662 854 2709 lll,
873 2664 925 2702 99
947 2665 1032 2700 scri-

369 2720 433 2758 bit.
494 2717 554 2755 Ad
575 2718 788 2767 religionem
809 2724 931 2755 autem
957 2721 1031 2758 sive

370 2775 662 2826 superstitionem
711 2775 895 2823 quandam
935 2775 1031 2813 illum

372 2844 506 2869 morem
534 2832 721 2882 spectasse
751 2844 771 2867 e
796 2831 933 2867 verbis:
967 2828 1030 2870 ευ’-

372 2886 540 2940 φημεέιν
579 2902 646 2939 μιν
681 2885 861 2927 ἐκέλευον
895 2888 1032 2939 colligit

1077 1084 1299 1124 Maltebrun.
1333 1083 1500 1121 Nouvell.
1539 1083 1668 1121 Annal.
1703 1084 1740 1122 d.

1078 1155 1208 1190 voyag.
1230 1141 1263 1177 Il
1291 1154 1326 1190 p.
1346 1141 1441 1181 328.
1481 1140 1579 1177 Infra
1605 1141 1667 1187 lv,
1687 1140 1740 1180 25

1078 1199 1209 1235 similia
1236 1198 1311 1234 sere
1335 1197 1383 1233 de
1402 1197 1637 1234 Issedonibus
1659 1210 1742 1233 nar-

1076 1259 1226 1299 rantur,
1256 1265 1351 1302 quae
1380 1254 1511 1290 eadem
1546 1254 1743 1290 etiamnum

1077 1311 1113 1347 in
1135 1308 1251 1346 insula
1273 1309 1446 1345 Sumatra
1470 1310 1568 1358 apud
1594 1314 1743 1359 gentem

1079 1367 1209 1404 Battas
1230 1365 1384 1402 inveniri
1411 1365 1584 1404 scribunt.
1635 1365 1742 1403 cons.

1079 1423 1240 1461 Heeren.
1260 1422 1281 1458 l.
1299 1421 1323 1458 l.
1343 1421 1371 1468 l,
1392 1426 1418 1463 2
1438 1435 1473 1472 p.
1493 1421 1587 1463 285.
1619 1422 1745 1466 Quare

1080 1492 1155 1516 non
1177 1483 1234 1516 est
1257 1491 1344 1515 sane
1370 1479 1471 1527 quod
1496 1478 1533 1515 in
1555 1478 1743 1515 ridiculum

1080 1535 1167 1573 talia
1206 1534 1408 1572 inconsulto
1457 1539 1575 1572 vertat
1610 1535 1653 1571 A.
1695 1535 1743 1571 G.

1082 1591 1263 1640 Schlegel.
1284 1587 1440 1642 (Berlin.
1466 1590 1743 1628 Taschenbueh.

1082 1650 1189 1690 1829
1210 1660 1295 1698 pag.
1319 1645 1401 1697 16).
1427 1668 1484 1674 —
1513 1647 1570 1684 Ad
1589 1648 1743 1684 sormam

1081 1700 1338 1757 ἀμβώσαντες
1357 1704 1454 1740 conf.
1473 1703 1500 1750 l,
1518 1707 1580 1745 10.
1597 1703 1660 1751 Ill,
1677 1707 1740 1745 14.

1140 1761 1344 1809 Πίνδαρος
1366 1760 1548 1810 ποιῆσαι]
1581 1760 1639 1797 Ad
1660 1773 1743 1798 ver-

1080 1819 1166 1855 bum
1197 1820 1328 1856 ποιεῖν
1358 1818 1454 1853 conf.
1480 1817 1524 1862 ll,
1555 1816 1622 1862 53,
1650 1818 1743 1856 117.

1082 1875 1144 1922 lV,
1170 1872 1232 1913 14.
1252 1874 1297 1920 V,
1323 1873 1387 1913 95.
1417 1873 1568 1910 Pindari
1594 1873 1744 1919 dictum,

1081 1944 1154 1981 quo
1177 1932 1287 1967 utitur
1308 1930 1534 1976 Herodotus,
1561 1929 1668 1967 valde
1689 1933 1746 1967 est

1082 1988 1302 2025 celebratum
1331 1986 1526 2035 multisque
1552 1987 1745 2036 repetitum

1082 2045 1226 2081 serioris
1249 2043 1474 2094 potissimum
1503 2045 1634 2079 aetatis
1659 2042 1746 2079 scri·

1081 2102 1272 2151 ptoribus,
1312 2112 1462 2149 quorum
1497 2098 1594 2136 locos
1621 2099 1744 2136 ‘refert

1084 2158 1294 2195 Schneider.
1321 2157 1369 2193 ad
1400 2156 1547 2193 Pindari
1576 2157 1743 2204 fragmm.

1083 2214 1147 2260 lll,
1180 2216 1198 2252 1
1231 2226 1316 2264 pag.
1337 2215 1391 2253 76
1419 2225 1523 2260 seqq.
1583 2212 1651 2248 Est
1679 2224 1746 2261 po-

1083 2271 1262 2307 tissimum
1285 2269 1444 2305 Platonis
1464 2267 1563 2304 locus
1587 2268 1622 2305 in
1649 2268 1748 2305 Gor-

1084 2328 1142 2376 gia
1159 2339 1244 2376 pag.
1259 2325 1340 2365 484
1352 2325 1393 2361 Β.
1407 2337 1491 2374 pag.
1506 2328 1583 2366 126
1596 2324 1748 2372 Heind.‚

1085 2383 1184 2430 (coll.
1219 2381 1339 2418 Schol.
1380 2381 1427 2417 ad
1460 2381 1563 2417 Pind.
1601 2381 1745 2418 Nemm.

1086 2439 1151 2485 lx,
1173 2438 1225 2478 35
1256 2443 1293 2475 et
1316 2437 1466 2473 Aristid.
1493 2437 1613 2473 Oratt.
1637 2436 1746 2474 Platt.

1085 2496 1116 2532 ll
1138 2509 1173 2545 p.
1187 2497 1259 2541 52)
1280 2494 1341 2542 qni
1360 2494 1453 2529 viros
1470 2494 1597 2529 doctos
1616 2494 1747 2530 adver-

1085 2553 1142 2598 tit,
1175 2552 1311 2601 quippe
1338 2551 1372 2585 in
1404 2562 1476 2598 quo
1507 2549 1746 2599 philosophus

1087 2613 1221 2658 poetae
1243 2608 1379 2643 dictum
1401 2605 1469 2642 alio
1492 2610 1605 2655 atque
1627 2606 1747 2644 Hero-

1088 2665 1196 2700 dotus
1228 2676 1338 2699 sensu
1378 2663 1563 2712 accepisse
1593 2663 1747 2709 videtur,

1089 2720 1298 2758 existimans
1317 2719 1511 2755 Pindarum
1530 2732 1596 2755 nos
1616 2719 1746 2756 edoce-

1089 2790 1127 2813 re
1144 2776 1299 2812 voluisse
1317 2779 1460 2811 aeterna
1479 2775 1555 2823 lege
1574 2777 1750 2812 immorta-

1090 2833 1138 2869 les
1159 2832 1386 2882 mortalesque
1408 2834 1614 2880 constringi.
1669 2829 1749 2868 Nee

1088 2888 1200 2927 multo
1220 2888 1324 2927 aliter
1344 2890 1459 2940 ipsum
1471 2888 1670 2926 Pindarum
1688 2898 1740 2924 ac-
