1904 3304
463 224 546 262 440

878 220 1343 259 HERODOTI

465 329 491 373 ὃ
531 330 584 386 δὴ
621 330 788 382 ἔζευκτο
825 327 852 383 ἦ
889 327 1079 383 γέφυρα,
1125 328 1193 372 ἐπὶ
1231 331 1433 379 σταδίους
1474 330 1608 372 εἴκοσι
1649 329 1774 372 καὶ65

437 400 625 445 4ἑκατόν
663 401 763 443 ἐστι.
821 400 948 441 τείνει
978 397 1018 442 δ’
1050 400 1091 449 ἐς
1120 399 1197 455 τὴν
1229 400 1514 453 Προποντίδα
1551 399 1574 443 ὁ
1608 399 1718 443 Βόσ-

464 488 612 527 πορος.
666 469 723 512 Ἡ
747 470 792 513 δὲ
815 469 1081 524 Προποντὶς,
1111 469 1242 512 ἐοῦσα
1271 464 1398 523 εὖρος
1426 470 1505 525 μὲν
1534 471 1720 513 σταδίων

467 538 786 589 πεντακοσίων,
837 541 973 594 μῆκος
1024 539 1069 582 δὲ
1110 542 1397 593 τετρακοσίων
1443 540 1514 583 καὶ
1560 542 1719 594 χιλίων,

414 711 518 759 VIII,
550 714 575 751 7
594 712 714 762 ibique
731 713 853 752 Davis.
873 727 958 764 pag.
976 713 1066 756 140.

412 767 507 804 Plut.
546 767 674 806 Pericl.
709 772 760 810 19
789 771 868 808 init.
927 771 1066 810 Eodem

414 835 520 861 sensu
543 836 566 861 a
583 825 700 871 Mela,
729 826 867 873 Plinio,
897 827 973 864 aliis
991 840 1068 865 me-

413 881 546 917 morari
568 880 699 931 fauces
728 883 776 919 ad
805 882 924 921 Melae
952 883 1066 921 locum

414 936 450 982 I,
502 938 553 976 19
600 938 740 975 notavit
781 938 817 976 Τ
819 939 996 978 zschucke
1032 941 1068 976 in

415 996 508 1031 nott.
519 1005 649 1043 exegg.
669 993 767 1043 (Vol.
796 994 844 1031 III
868 995 906 1032 Ρ.
929 996 964 1044 I)
982 1009 1068 1046 pag.

416 1049 494 1088 571
522 1048 600 1086 coll.
621 1049 702 1086 Vol.
725 1050 773 1087 IlI
792 1051 832 1088 P.
853 1052 883 1088 Il
905 1065 988 1101 pag.
1003 1054 1068 1093 26.

416 1104 465 1141 Et
508 1110 632 1143 monet
663 1119 810 1155 quoque
839 1107 873 1147 h.
907 1107 929 1144 l.
962 1108 1069 1144 Italus

416 1161 595 1211 interpres
612 1157 739 1211 αὐχήν
759 1163 805 1199 de
823 1168 977 1211 angusto
997 1168 1071 1200 ter-

416 1229 478 1254 rae
505 1218 580 1254 sive
606 1219 714 1254 maris
739 1218 810 1255 dici
829 1223 967 1264 tractu3
1005 1232 1074 1256 un-

417 1273 464 1309 de
477 1273 625 1319 factum,
648 1277 687 1309 ut
699 1286 806 1322 quem
830 1270 987 1324 αὐχένα,
1004 1275 1025 1311 i.
1040 1288 1071 1312 e.

418 1327 562 1375 collum,
590 1329 721 1367 Graeci
746 1329 901 1367 dixerint
926 1331 1073 1380 Bospo-

419 1397 519 1431 rum,
557 1397 638 1422 eum
677 1385 708 1421 T
712 1386 785 1422 urci
822 1387 953 1434 bogaz,
993 1387 1074 1423 Itali

418 1440 539 1488 (quod
568 1441 664 1478 idem
686 1443 762 1480 fere
781 1442 896 1491 valet)
927 1444 954 1480 il
972 1444 1074 1480 brac·

419 1498 471 1533 cio
489 1496 529 1533 di
543 1497 623 1534 San
638 1498 784 1547 Giorgz‘o
804 1500 976 1536 vocarint.
1007 1499 1072 1535 Vi-

419 1553 527 1590 detur
560 1553 692 1591 locutio
727 1555 835 1591 ducta
863 1568 884 1591 a
910 1556 1072 1605 corporis

416 1609 562 1645 humani
584 1609 828 1655 similitudine,
857 1624 964 1659 quam
987 1623 1073 1648 ean-

418 1664 502 1701 dem
542 1670 711 1714 posterae
751 1679 899 1715 quoque
941 1667 1073 1704 aetatis

419 1721 614 1769 scriptores
639 1721 875 1768 adhibentes,
907 1722 1074 1773 Propon-

420 1777 532 1812 tidem
561 1782 734 1814 vocarunt
759 1782 907 1815 ventrem
933 1784 969 1816 et
989 1778 1077 1816 Hel-

421 1831 625 1882 lespontum
642 1836 800 1871 vesicam.
820 1834 966 1872 Monuit
981 1835 1077 1872 Κω-

424 1888 503 1927 sel.
527 1888 549 1928 l.
571 1901 656 1939 pag.
673 1892 737 1930 31.

478 1999 543 2040 ἐπὶ
596 2002 779 2049 σταδίους
832 2002 955 2042 εἴκοσι
1010 2000 1076 2040 καὶ

420 2054 561 2096 ἑκατόν
590 2056 692 2109 ἔστι]
723 2059 764 2095 In
791 2059 857 2096 hac
880 2059 1078 2107 longitudi-

419 2114 474 2150 nis
496 2126 667 2152 mensura
683 2116 899 2166 scriptorum
913 2116 1078 2152 testimo-

420 2170 481 2206 nia
523 2171 636 2208 ferme
683 2172 926 2218 concordant,
984 2183 1079 2220 quae

425 2225 533 2263 etiam
555 2239 629 2263 non
654 2227 720 2263 nisi
741 2229 985 2277 quadraginta
1004 2231 1080 2264 sta-

427 2282 494 2318 diis
514 2282 662 2319 differre
675 2284 820 2321 videtur
835 2285 881 2321 ab
895 2297 951 2331 ea,
972 2296 1080 2332 quam

427 2350 522 2373 nunc
535 2338 696 2375 scribunt
708 2344 844 2376 tractus
865 2353 944 2377 esse
962 2339 1081 2387 longi-

427 2393 602 2432 tudinem.
650 2394 702 2431 Ac
736 2394 814 2431 tolli
845 2395 937 2432 hanc
965 2395 1081 2444 ipsam

428 2448 668 2486 differentiam
681 2477 691 2495 ,
715 2450 743 2486 si
760 2450 945 2500 Bosporus
968 2464 1082 2500 usque

428 2504 477 2540 ad
505 2505 672 2554 Cyaneas
703 2507 926 2556 producatur
948 2507 1081 2543 insulas

428 2572 501 2596 uno
530 2560 692 2597 milliario
723 2562 962 2610 Germanico,
1005 2568 1082 2600 sta-

428 2617 494 2653 tuit
523 2617 642 2654 Kruse
675 2630 758 2667 pag.
790 2618 842 2658 43
866 2632 968 2668 seqq.
1003 2621 1081 2659 119

430 2685 530 2721 seqq.
560 2673 736 2721 Breigero
757 2673 778 2710 l.
797 2673 818 2710 l.
838 2688 921 2723 pag.
944 2677 995 2714 26
1018 2674 1083 2710 ali-

429 2733 519 2776 quot
539 2728 666 2766 saltem
685 2730 809 2766 stadiis
832 2730 865 2765 in
889 2731 1084 2779 longitudi-

431 2797 478 2821 ne
517 2785 726 2822 definienda
765 2798 903 2824 errasse
941 2786 1083 2823 videtur

430 2839 585 2886 Noster,
615 2843 670 2879 cui
687 2843 786 2891 quod
809 2854 1082 2881 succenseamus

1123 727 1203 754 eam
1259 715 1305 752 ob
1355 727 1520 763 causam,
1577 729 1774 766 sanequam

1123 784 1197 809 non
1216 772 1293 809 erit.

1177 825 1223 874 ‘H
1246 824 1288 865 δὲ
1307 825 1543 876 Προποντὶς,
1574 826 1694 866 ἐοῦσα
1717 823 1778 867 εὗ-

1123 899 1191 935 ρος
1215 881 1285 934 μὲν
1307 884 1476 921 σταδίων
1494 883 1778 934 πεντακοσίων]

1127 939 1373 989 Propontidem
1405 953 1499 976 nunc
1534 941 1654 977 vocari
1685 952 1780 978 mare

1126 997 1243 1033 album
1263 1009 1289 1033 s.
1309 1008 1403 1032 mare
1424 996 1464 1032 di
1480 995 1687 1043 BIarmora,
1716 1009 1781 1035 ne-

1126 1065 1185 1090 mo
1223 1053 1358 1097 nescit3
1416 1053 1514 1089 cuius
1551 1052 1780 1090 latitudinem

1126 1109 1283 1145 undecim
1315 1108 1557 1145 milliariorum
1587 1109 1781 1146 Germani-

1132 1178 1254 1202 corum
1281 1177 1363 1201 esse
1389 1177 1467 1200 cum
1485 1165 1654 1211 tradant,
1684 1165 1781 1202 haud

1129 1221 1203 1257 scio
1231 1232 1276 1257 an
1308 1221 1431 1270 lapsus
1462 1220 1570 1256 fuerit
1597 1221 1780 1258 Mannert.

1129 1277 1201 1323 IV,
1235 1288 1320 1325 pag.
1343 1273 1425 1316 594
1448 1276 1673 1314 latitudinem
1693 1277 1784 1313 Pro-

1130 1331 1312 1382 pontidiS‚
1345 1344 1439 1380 quae
1460 1331 1571 1368 decem
1595 1333 1640 1370 sit
1659 1332 1785 1370 millia-

1130 1388 1263 1424 riorum
1294 1387 1642 1437 geographicorum‚
1683 1401 1786 1426 accu-

1131 1448 1208 1481 rate
1236 1456 1419 1481 emensum
1449 1456 1528 1482 esse
1555 1444 1784 1482 Herodotum

1132 1500 1301 1537 scribens.
1342 1500 1399 1537 De
1429 1512 1502 1548 quo
1529 1501 1608 1550 ipse
1639 1501 1784 1540 viderit.

1131 1556 1203 1599 Qui
1232 1556 1326 1592 enim
1357 1556 1551 1604 quingenta
1579 1558 1698 1594 stadia
1727 1557 1785 1604 (id

1130 1615 1185 1649 est
1221 1608 1317 1662 Xllss-
1350 1611 1505 1649 milliarr.
1537 1612 1785 1661 Germanice.)

1130 1667 1239 1704 latam
1256 1679 1335 1703 esse
1348 1666 1609 1717 Propontidem
1629 1670 1785 1719 scripsit,

1133 1724 1161 1760 si
1193 1735 1214 1759 a
1243 1722 1420 1760 Bisanthe
1455 1736 1483 1761 s.
1521 1724 1689 1762 Rodosto
1727 1728 1787 1774 (ut

1134 1792 1227 1816 nunc
1262 1780 1410 1826 vocant)
1455 1780 1711 1830 proficiscaris3
1757 1782 1786 1817 is

1134 1848 1222 1872 sane
1247 1837 1439 1883 sexaginta
1468 1836 1585 1873 stadia
1602 1838 1787 1874 addidisse

1134 1891 1352 1939 minimeque
1378 1892 1491 1940 igitur
1517 1898 1683 1931 accurate
1704 1906 1788 1944 spa-

1134 1949 1223 1984 tium
1268 1947 1447 1985 indicasse
1486 1950 1671 1998 putandus
1710 1950 1788 1987 erit.

1134 2004 1182 2040 At
1219 2004 1379 2041 excusari
1416 2016 1525 2053 posse
1558 2005 1789 2042 Herodotum

1135 2063 1259 2097 censet
1281 2060 1403 2097 Kruse
1424 2059 1446 2096 l.
1469 2059 1492 2098 l.
1512 2073 1597 2110 pag.
1608 2060 1672 2102 47.
1698 2064 1789 2107 120,

1135 2117 1165 2153 si
1178 2115 1405 2153 Herodotum
1424 2128 1498 2153 non
1518 2118 1615 2154 recta
1624 2118 1791 2168 Propon-

1135 2173 1250 2209 tidem
1284 2172 1466 2210 traiecisse
1494 2177 1683 2223 putemus,
1724 2173 1788 2212 sed

1137 2228 1371 2276 navigatione
1386 2232 1529 2278 praeter
1546 2230 1680 2266 insulas
1694 2230 1790 2266 facta

1138 2296 1256 2333 eoque
1283 2284 1392 2320 modo
1422 2284 1570 2322 multum
1603 2280 1789 2335 producta,

1137 2340 1195 2378 vel
1235 2340 1280 2376 ob
1309 2341 1435 2376 fluctus
1463 2341 1618 2391 Bospori
1650 2355 1790 2379 cursum

1137 2401 1274 2434 rectum
1304 2397 1592 2446 praepedientes.
1630 2398 1790 2446 Breiger.

1139 2453 1161 2489 l.
1193 2451 1216 2488 l.
1242 2464 1325 2501 pag.
1344 2451 1398 2490 24
1417 2453 1464 2489 de
1485 2451 1538 2488 his
1558 2455 1793 2503 pronuntiare

1139 2520 1211 2545 non
1250 2508 1380 2554 audet,
1419 2520 1498 2544 cum
1536 2508 1634 2546 haud
1667 2514 1794 2548 tenea-

1138 2576 1217 2601 mus
1237 2562 1346 2608 locos,
1366 2564 1414 2599 ad
1432 2576 1525 2612 quos
1546 2567 1669 2604 referri
1683 2570 1793 2616 queat

1139 2631 1306 2657 mensura
1325 2619 1380 2656 hic
1396 2620 1541 2657 tradita.

1195 2677 1319 2724 μῆκος
1359 2673 1401 2714 δὲ
1438 2678 1698 2728 τετρακοσίων
1724 2675 1792 2715 καὶ

1138 2729 1297 2782 χιλίων]
1331 2731 1541 2770 Accuratius
1565 2735 1602 2771 in
1626 2734 1792 2784 Propon·

1139 2788 1221 2824 tidis
1285 2787 1546 2837 longitudinem
1607 2790 1791 2840 inquirens

1140 2844 1258 2880 Kruse
1280 2843 1299 2880 l.
1322 2845 1344 2881 l.
1365 2857 1449 2895 pag.
1471 2844 1525 2887 48
1543 2859 1645 2897 seqq.
1673 2846 1792 2884 Hero-
