1904 3304
418 268 476 306 90
819 266 1288 306 HERODOTI

418 379 535 430 ραῖοι
571 369 710 431 ἧρξαν
749 375 791 427 ἐς
833 375 969 419 αὐτὸν
997 379 1172 431 πρῆγμα
1204 375 1452 419 ἀτάσθαλον
1481 376 1687 433 ποιήσαν-

289 449 356 494 50
414 463 495 497 τες.
551 444 668 488 Ἐπεί
702 462 745 489 τε
783 445 867 501 γὰρ
909 446 989 502 τήν
1029 446 1197 490 ἑωυτοῦ
1236 453 1423 502 γυναῖκα
1463 449 1688 490 Μέλισσαν

80 514 239 542 Periandri
273 523 356 549 uxor,

80 548 355 583 lilii,socer:Iilius

81 582 177 609 minor
216 590 233 608 a
270 586 357 616 patre

80 615 166 643 domo
185 615 310 643 eiectus.

417 519 696 572 Περίανδρος
727 517 967 569 ἀπέκτεινε,
1002 518 1242 574 συμφορὴν
1269 518 1442 574 τοιήνδε
1477 521 1520 562 οἱ
1551 518 1687 574 ἄλλην

416 590 577 645 συνέβη
596 590 705 642 πρὸς
735 594 787 645 τῇ
817 592 1022 646 γεγονυίῃ
1053 589 1270 645 γενέσθαι.
1326 586 1441 646 ἦσάν
1462 591 1505 633 οἷ
1527 589 1572 632 ἐκ
1595 593 1682 632 Με-
1701 598 1743 630 10

413 663 561 716 λίσσης
593 661 673 704 δύο
705 663 877 713 παῖδες,
917 659 1089 718 ἡλικίην
1119 660 1142 704 ὁ
1175 661 1274 716 μὲν,
1314 661 1619 706 ἑπτακαίδεκα,
1661 658 1684 703 ὁ

384 733 480 785 Ξόὲ,
511 731 807 776 ὀκτωκαίδεκα
837 732 930 776 ἔτεα
959 733 1159 788 γεγονώς.
1216 731 1402 782 τούτους
1422 731 1445 775 ὁ
1469 731 1687 788 μητροπά-

411 819 499 856 τωρ
531 806 752 860 Προκλῆς,
797 804 881 847 ἐών
908 802 1174 859 Ἐπιδαύρου
1203 802 1444 858 τύραννος,
1479 820 1688 861 μεταπεμ-

599 977 708 1026 Cap.
738 976 782 1013 L.

416 1029 524 1071 Ἐπεί
542 1047 581 1070 τε
596 1030 668 1084 γάρ
690 1030 761 1081 τήν
777 1032 931 1072 ἑωυτοῦ
952 1048 1023 1084 yv—

359 1094 478 1129 ναῖκα
505 1089 742 1140 Μέλισσαν]
783 1091 840 1128 De
869 1091 1020 1127 Perian-

359 1149 425 1183 dro
453 1146 613 1192 Proclis,
645 1148 708 1195 qui
740 1148 934 1196 Epidamni
964 1152 1021 1194 ty-

358 1215 493 1240 rannus
513 1211 605 1248 erat,
625 1203 731 1240 filiam
751 1204 964 1253 deperiente
985 1208 1022 1240 et

354 1260 392 1296 in
423 1260 692 1296 matrimonium
731 1261 888 1296 ducente
922 1272 1020 1295 com-

352 1321 529 1367 parentur
548 1316 681 1352 Athen.
712 1316 811 1360 XIII,
832 1319 856 1357 6
878 1329 914 1365 p.
938 1316 1017 1355 589

355 1385 384 1409 s.
416 1374 495 1412 132
527 1373 584 1409 ed.
620 1373 825 1419 Schweigh.
859 1372 1017 1420 Diogen.

356 1428 484 1466 Laert.
518 1428 545 1475 I,
575 1431 628 1469 94
652 1442 728 1478 seq.
760 1429 930 1466 Parthen.
960 1442 1015 1478 cp.

360 1489 422 1526 17.
445 1485 625 1522 Plutarch.
651 1485 736 1536 [ηρ.
768 1486 844 1526 146
869 1486 912 1522 D.
940 1487 1019 1525 150

354 1542 399 1579 Β.
427 1542 610 1580 Herodot.
635 1543 688 1587 Y,
712 1544 766 1583 92
795 1540 832 1591 ᾗ.
852 1546 889 1582 7,
922 1542 1016 1578 Pau-

356 1611 433 1635 san.
455 1598 500 1645 II,
520 1602 587 1644 28,
601 1599 638 1644 4,
668 1599 728 1646 qui
750 1599 920 1635 Melissae
941 1611 1019 1634 mo-

351 1659 569 1692 numentum
594 1656 641 1690 ad
667 1655 892 1704 Epidaurum
920 1669 1018 1692 com-

351 1715 543 1748 memorat.
588 1711 692 1747 Unus
708 1711 1018 1759 DiogenesLaer-

351 1768 424 1804 tius
446 1768 544 1815 quod
567 1767 737 1817 Lysidem
759 1773 876 1814 vocat,
909 1782 1017 1817 quam

352 1823 483 1872 reliqui
511 1823 715 1870 ΒΙΘίίὸ-εαηι,
752 1825 818 1861 hoc
851 1838 931 1861 cum
971 1825 1014 1862 C.

355 1881 405 1917 O.
438 1879 578 1918 Miiller.
608 1881 809 1929 (Aeginett.
840 1895 925 1931 pag.
952 1881 1018 1927 65,

355 1950 464 1986 quem
505 1938 669 1985 sequitur
701 1939 742 1974 C.
768 1938 941 1987 Wagner.
981 1938 1017 1974 in

355 1993 555 2043 scriptione
576 1994 622 2030 de
643 1994 842 2031 Periandro
865 2007 949 2044 pag.
969 1997 1017 2035 19

354 2048 453 2099 seq.)
476 2051 526 2086 ita
548 2050 727 2100 explicare
747 2050 880 2095 malim,
895 2057 932 2086 ut
950 2050 1018 2087 Pe-

354 2107 515 2152 riander,
541 2120 584 2143 ex
610 2121 682 2156 quo
703 2108 839 2144 Proclis
860 2108 966 2143 filiam
984 2108 1018 2143 in

353 2164 623 2200 matrimonium
642 2165 809 2210 duxerat,
829 2164 922 2200 illam
944 2177 1017 2200 non

352 2219 538 2268 Lysidem‚
560 2225 600 2257 ut
620 2225 705 2257 ante
722 2221 932 2265 vocabatur,
953 2221 1019 2257 sed

355 2275 542 2312 Meliss-mn
561 2278 678 2313 vocari
693 2277 858 2323 voluerit,
873 2279 1018 2314 nomine

355 2333 480 2380 utique
509 2333 840 2378 honorificentiore,
867 2335 913 2369 ol)
946 2334 1018 2383 pri-

355 2390 506 2425 marium
518 2389 685 2425 Corinthi
697 2391 939 2425 sacerdotium
951 2390 1017 2425 ad-

354 2445 610 2490 ministratum,
624 2447 737 2481 instar
748 2446 895 2491 reginae
905 2446 1017 2481 Atho-

354 2514 492 2538 narum.
551 2502 722 2550 Namque
744 2501 925 2547 Melissus,
946 2503 965 2538 i.
983 2516 1013 2539 e.

352 2571 447 2607 apes,
474 2559 607 2607 passim
631 2560 854 2604 sacerdotes,
872 2559 1015 2595 Cen—ris

351 2616 578 2665 potissimum
611 2628 652 2650 ac
676 2615 839 2661 Dianae,
870 2621 1016 2651 vocatas

354 2684 434 2708 esse
456 2672 541 2707 satis
561 2676 715 2708 constat.
748 2671 827 2706 Vid.
843 2672 1014 2707 Creuzer.

352 2727 516 2774 Symbol.
542 2728 588 2763 IV
609 2741 645 2777 p.
667 2729 748 2767 382
770 2740 872 2776 seqq.
902 2733 940 2764 et
971 2728 1014 2764 C.

353 2783 531 2833 angner.
553 2783 575 2820 l.
602 2784 624 2820 I.

411 2836 628 2890 ἀπέκτεινε]
652 2841 712 2877 01)
725 2840 920 2878 calumnias
940 2839 1018 2889 pel-

354 2896 473 2946 licum,
493 2910 583 2948 quas
601 2901 732 2948 postea
749 2897 905 2934 certiora
928 2897 1017 2934 cdo-

1079 982 1158 1015 ctus
1186 978 1261 1026 igni
1291 978 1506 1015 cremandas
1535 977 1660 1025 dedit,
1690 977 1743 1013 ira

1079 1035 1253 1084 abreptus
1272 1035 1460 1082 gravidam
1473 1034 1657 1071 mulierem
1671 1033 1744 1070 cal-

1079 1093 1128 1127 cis
1159 1093 1230 1128 ictu
1256 1092 1479 1128 interfecisse
1500 1092 1615 1127 fertur
1641 1091 1743 1128 Peri-

1079 1150 1213 1193 ander,
1244 1153 1391 1185 auctore
1416 1148 1585 1196 Diogene
1614 1146 1740 1183 Laert.

1077 1203 1099 1240 l.
1123 1204 1144 1240 l.
1204 1204 1289 1247 Quo
1319 1205 1413 1241 sacto
1434 1216 1612 1240 summum
1637 1202 1744 1239 dolo-

1077 1273 1151 1297 rem
1173 1274 1214 1296 ac
1234 1274 1434 1298 moerorem
1449 1267 1642 1310 tyrannum
1655 1272 1744 1296 eon-

1077 1317 1219 1366 cepisse
1253 1323 1481 1363 monstrant,
1514 1330 1609 1366 quae
1642 1316 1742 1366 apud

1076 1373 1257 1410 Herodot.
1284 1373 1328 1419 V,
1352 1376 1404 1413 92
1433 1371 1468 1423 ἓ.
1490 1376 1514 1413 7
1545 1373 1742 1409 memoriae

1076 1430 1298 1479 produntur,
1330 1430 1409 1466 coll.
1428 1430 1587 1479 Diogen.
1614 1428 1741 1466 Laert.

1076 1486 1090 1522 l
1123 1485 1159 1536 ἓ
1198 1490 1287 1526 100.
1354 1487 1513 1524 Neronis
1552 1485 1669 1523 scelus
1702 1485 1740 1521 iu

1076 1542 1308 1592 Poppaeam,
1340 1543 1386 1580 de
1416 1556 1488 1592 quo
1513 1543 1634 1580 Tacit.
1664 1542 1742 1578 An-

1076 1599 1158 1635 nali.
1173 1599 1271 1645 XVI,
1292 1601 1330 1644 6,
1351 1605 1388 1636 et
1401 1599 1470 1635 alia
1488 1599 1669 1649 quaedam
1692 1598 1742 1634 si-

1075 1655 1172 1692 milia
1195 1657 1326 1692 excitat
1347 1656 1522 1704 ll'agner.
1546 1656 1598 1692 I.I.
1623 1669 1658 1706 p.
1673 1657 1739 1695 20.

1132 1736 1205 1778 δύο
1225 1738 1378 1790 παῖδες]
1411 1739 1596 1789 Cypselum
1611 1744 1649 1777 et
1659 1739 1739 1790 Ly-

1075 1797 1273 1846 cophronem
1303 1802 1408 1833 vocat
1431 1797 1589 1846 Diogen.
1613 1796 1738 1834 Laert.

1078 1853 1105 1899 1,
1129 1856 1201 1899 94,
1232 1853 1327 1890 illum
1355 1854 1525 1889 maiorem
1556 1857 1643 1890 natu
1663 1858 1740 1889 sto-

1076 1910 1282 1958 lidumque,
1321 1910 1414 1946 hunc
1442 1911 1617 1946 minorem
1650 1922 1738 1959 pru-

1077 1967 1299 2016 dentemque
1324 1967 1436 2003 suisse
1454 1978 1620 2003 narrans.

1135 2051 1341 2101 Προκλῆς]
1384 2050 1489 2087 Unus
1532 2050 1621 2088 liber
1653 2051 1738 2089 Πα-

1076 2110 1267 2158 τροκλῆς,
1298 2120 1391 2156 quae
1424 2107 1530 2144 lectio
1565 2120 1617 2144 ex1
1643 2106 1740 2144 linea

1076 2166 1284 2201 nominibus
1324 2164 1480 2214 propriis
1516 2164 1739 2213 superscribi

1077 2221 1202 2267 solim,
1234 2226 1314 2257 orta
1342 2221 1495 2257 videtur.
1556 2220 1679 2263 Quare
1701 2221 1738 2256 in

1079 2277 1233 2314 Pausan.
1249 2278 1292 2322 II,
1315 2279 1367 2317 28
1382 2275 1453 2327 §.3
1477 2276 1739 2314 Siebelisnunc

1075 2339 1174 2370 recte
1203 2334 1366 2370 exhibuit
1397 2332 1626 2382 Προκλέους
1658 2332 1738 2369 loco

1075 2391 1244 2438 vulgatae
1274 2389 1561 2439 Πατροκλέους.
1611 2389 1670 2427 De
1695 2388 1739 2425 Ii-

1074 2447 1274 2482 brariorum
1317 2446 1384 2481 isto
1427 2459 1550 2482 errore
1590 2450 1739 2496 praeter

1077 2502 1290 2551 wesseling.
1341 2501 1461 2552 plures
1508 2505 1737 2548 monuerunt,

1075 2572 1167 2608 quos
1206 2559 1329 2594 laudat
1369 2559 1486 2594 Marx.
1521 2559 1568 2594 ad
1600 2557 1737 2607 Ephori

1075 2617 1240 2663 sragmm.
1263 2628 1348 2664 pag.
1373 2617 1450 2654 110
1472 2619 1545 2650 not.
1578 2614 1635 2652 De
1656 2615 1737 2663 ipso

1075 2672 1202 2708 Procle
1223 2672 1316 2707 cons.
1342 2671 1519 2707 Plutarch.
1546 2671 1575 2707 II
1599 2685 1634 2720 p.
1654 2672 1736 2710 403

1075 2733 1112 2764 et
1133 2729 1175 2764 C.
1200 2728 1245 2764 Ο.
1271 2727 1412 2764 Miiller.
1435 2729 1470 2763 in
1493 2727 1678 2776 Aeginett.
1699 2739 1736 2776 p.

1075 2784 1129 2824 64
1148 2797 1239 2832 seq,
1260 2784 1314 2820 cui
1339 2789 1496 2832 tyranno
1518 2783 1735 2828 dominatio,

1075 2853 1169 2889 quae
1200 2841 1307 2877 etiam
1333 2841 1534 2889 Aeginetas
1559 2839 1736 2890 Epidauri

1075 2896 1223 2933 colonos
1243 2896 1338 2934 male
1362 2896 1509 2946 habuit,
1530 2897 1579 2934 ad
1606 2895 1650 2934 L.
1676 2893 1734 2932 Ol.
