1904 3304
80 887 178 933 115

627 197 977 240 THALIA.
1034 198 1097 235 III.

1411 196 1496 236 207

199 315 307 371 4τὴν
337 311 479 368 οὐρὴν
509 310 579 355 ἐπὶ
606 310 792 366 ἁμαξίδα
823 307 1008 364 ἑκάστην
1037 305 1331 356 καταδέοντες.
1370 303 1418 348 τὸ
1450 304 1496 347 δὲ
1509 310 1553 345 35

225 386 371 439 ἕτερον
400 384 527 439 γένος
555 386 643 425 τῶν
675 380 781 425 ὀΐων
803 380 880 432 τὰς
910 378 1045 433 οὐρὰς
1063 377 1246 428 πλατέας
1268 375 1495 432 φορέουσι,

223 529 346 583 βρίης
364 525 549 581 παρήκει
578 525 689 579 πρὸς
709 524 898 568 δύνοντα
928 522 1054 579 ἥλιον
1083 519 1110 577 ἡ
1133 520 1344 575 Αἰθιοπίη
1365 519 1496 574 χώρη,

224 597 378 654 ἐσχάτη
417 601 506 640 τῶν
543 596 826 652 οἰκεομένων·

885 595 995 649 αὕτη
1030 594 1075 638 δὲ
1104 591 1267 649 χρυσόν
1296 607 1340 634 τε
1373 590 1495 646 φέρει

223 667 412 719 πολλὸν,
460 668 532 711 καὶ
571 668 808 722 ἐλέφαντας
847 665 1148 721 ἀμφιλαφέας,
1199 664 1273 707 καὶ
1317 662 1553 716 δένδρεα40

223 738 364 782 πάντα
385 738 533 795 ἄγρια,
565 740 637 782 καὶ
667 739 838 795 ἔβενον,
870 737 943 780 καὶ
973 735 1139 792 ἄνδρας
1167 736 1394 791 μεγίστους
1422 733 1495 776 καὶ.

223 812 479 862 καλλίστους
507 812 582 854 καὶ
610 807 1006 867 μακροβιωτάτους.

362 1148 470 1197 Cap.
512 1145 643 1183 CXIV.

222 1202 580 1253 Ἀποκλιυομένης]
658 1202 713 1239 Ita
753 1214 833 1239 cum

171 1259 336 1308 Schwgh.
360 1265 397 1296 et
415 1260 530 1296 Gnisf.
553 1259 716 1305 exhibui,
747 1271 834 1308 pro-

172 1315 286 1352 bante
307 1329 457 1353 censore
475 1316 616 1353 ienens.
650 1318 757 1357 1817
779 1328 832 1351 nr.

176 1371 255 1411 164
281 1385 368 1422 pag.
388 1374 472 1415 372
498 1385 574 1421 seq.
612 1372 672 1409 Cf.
694 1372 755 1418 lv,
778 1375 833 1413 22

171 1429 248 1465 init.
326 1428 443 1477 Vulgo
500 1424 832 1477 οἷποκλιναμένης,

172 1485 271 1532 quod
291 1486 437 1521 retinuit
460 1484 593 1522 Matth.
624 1485 830 1533 Schweigh.

171 1553 251 1577 eam
278 1540 344 1577 sibi
375 1541 479 1589 fingit
510 1542 700 1578 verborum
737 1547 832 1578 stru-

169 1601 328 1634 cturam:
360 1598 604 1648 μεσαμβρίης
619 1595 717 1646 πρὸς
742 1594 830 1636 δύν.

169 1649 232 1703 ἥλ.
262 1654 588 1705 αποκλινομένης.
646 1655 830 1704 Equidem

170 1710 283 1746 verba
303 1707 404 1761 πρός
426 1707 599 1750 δύνοντα
615 1707 730 1762 ἥλιον
752 1724 830 1748 ma-

170 1766 229 1809 lim
244 1768 379 1804 referre
397 1769 445 1805 ad
461 1764 642 1818 παρήκει.
676 1769 830 1805 Censori

171 1823 313 1859 lenensi
333 1823 354 1862 l.
377 1824 398 1860 l.
419 1824 507 1861 haec
526 1825 636 1862 verba
658 1825 704 1861 ad
727 1820 829 1863 α’πο-

171 1877 405 1929 κλινομένης
453 1894 570 1929 aeque
619 1886 730 1930 atque
780 1881 828 1918 ad

171 1930 342 1984 παρήκει
367 1937 556 1974 referenda
578 1938 760 1976 videntur.

229 1988 257 2040 ἦ
288 1991 489 2042 Αἰθιοπίη
520 1990 647 2043 χώρη]
680 1994 737 2031 De
755 1992 830 2031 Ae-

173 2047 357 2097 thiopibus
384 2049 536 2086 diximus
568 2051 616 2086 ad
649 2050 720 2095 ΙΙΙ,
765 2053 827 2090 17.

173 2103 275 2146 Quos
295 2104 418 2141 volunt
439 2106 480 2142 iis
502 2106 536 2142 in
558 2108 645 2142 locis
665 2106 828 2143 habitas-

169 2172 230 2205 se,
269 2173 363 2208 quae
394 2162 430 2198 in
461 2162 570 2198 sacris
605 2163 704 2199 libris
735 2162 831 2200 terra

173 2215 290 2265 Ophir
310 2218 570 2266 designentur3
601 2220 736 2269 quippe
761 2232 829 2256 un-

170 2273 238 2318 de,
279 2286 373 2322 quae
412 2275 469 2311 hic
503 2281 832 2313 commemorantur

170 2327 383 2379 Aethiopiae
425 2332 543 2377 bona,
594 2333 831 2369 arcesseban-

170 2388 253 2430 tur,
283 2392 455 2425 monente
476 2389 635 2426 Heeren.
655 2388 708 2425 Id.
734 2388 771 2434 l,
802 2391 828 2429 2

171 2452 206 2489 p.
230 2443 294 2481 77.
317 2442 411 2491 249,
442 2445 501 2481 ubi
521 2445 655 2483 Ezech.
677 2445 828 2494 XXVII,

175 2497 224 2535 15
247 2498 391 2545 laudat,
431 2502 586 2538 ebenum
607 2506 642 2538 et
661 2502 751 2539 ebur
773 2503 829 2538 in-

171 2556 226 2587 ter
247 2565 382 2592 merces
408 2556 444 2594 Τ
446 2571 547 2606 yrum
571 2559 742 2595 advectas
770 2572 829 2596 re-

172 2614 387 2648 censentem.
428 2614 537 2650 Conf.
557 2615 643 2652 ibid.
668 2614 718 2661 ΙΙ,
743 2617 769 2654 2
790 2628 826 2665 p.

171 2664 254 2704 392
273 2670 309 2701 et
326 2666 371 2712 ΙΙ,
392 2671 411 2707 1
433 2681 470 2718 p.
487 2670 581 2711 461.
610 2670 829 2708 Eerthio-

170 2719 230 2768 pia
250 2721 342 2757 enim
355 2735 419 2772 per
429 2725 634 2776 Aegyptum
653 2740 827 2776 magnam

171 2774 269 2812 illam
302 2778 419 2816 eboris
449 2781 541 2828 vim,
580 2796 653 2832 qua
682 2789 719 2822 et
745 2784 825 2821 He-

170 2831 272 2870 braei
304 2837 339 2870 et
358 2834 492 2874 Graeci
519 2838 567 2875 ad
593 2840 682 2877 artis
711 2853 825 2891 opera

338 877 479 925 Αὖται
509 883 587 938 μέν
617 898 700 925 νυν
728 881 776 924 ἔν
802 896 847 923 τε
875 884 927 937 τῇ
956 878 1069 934 Ἀσίῃ
1090 877 1282 933 ἐσχατιαί
1312 878 1393 919 εἰσι
1423 875 1496 918 καὶ

196 953 277 997 Ξέυ
293 958 347 1010 τῇ
365 952 520 1010 Λιβύῃ.
579 953 688 1008 Περὶ
718 953 764 996 δὲ
793 954 881 995 τῶν
911 950 957 994 ἐν
987 954 1040 1007 τῇ
1060 949 1255 1006 Εὐρώπῃ
1279 951 1366 991 τῶν
1385 946 1494 1001 πρὸς

227 1025 410 1081 ἕσπέρην
453 1023 683 1080 ἐσχατιέων
717 1023 797 1079 ἔχω
837 1022 915 1078 μὲν
957 1021 1041 1066 οὐκ
1079 1020 1290 1075 ἀτρεκέως
1338 1016 1659 1075 λέγειν·45ξ’,ῐι2;,,ῑ8

1572 956 1587 973 o
1611 955 1646 974 a:

1552 948 1748 1008 iibnEridano
1773 980 1829 1006 flu—

84 451 179 496 114
222 458 295 501 καὶ
332 456 400 499 ἐπὶ
440 458 582 510 πῆχυν
620 452 795 504 πλάτος.
851 449 1212 506 ’Λποκλινομένης
1254 448 1300 491 δὲ
1338 459 1496 503 μεσαμ-
1555 453 1828 488 Aethiopiacbona.

1551 880 1758 906 Extremnrnm
1766 878 1827 905 Eu-

1554 922 1644 947 ropae
1679 917 1827 939 tractuum

1683 947 1828 973 electrum

1635 1019 1775 1042 stanuum
1793 1022 1828 1040 ex

1697 1047 1828 1075 Caeuite—

1551 1082 1677 1109 fidibus.

890 1144 945 1181 usi
967 1145 1060 1190 sint,
1103 1142 1249 1181 allatam
1282 1142 1395 1179 fuisse
1426 1155 1554 1180 cense-

890 1215 980 1238 mus.
1020 1202 1104 1245 Qua
1127 1201 1174 1238 (le
1189 1214 1243 1248 re,
1276 1203 1449 1237 monente
1472 1199 1552 1245 Cr„

890 1258 1028 1307 optime
1075 1258 1272 1306 disputavit
1308 1257 1553 1300 Quatremcre

891 1315 938 1351 de
960 1315 1102 1362 Quincy
1128 1314 1166 1349 in
1197 1326 1331 1363 opere,
1373 1313 1473 1362 quod
1497 1313 1554 1348 in-

889 1369 1554 1419 scribiturLeJupiterOlympien.--

888 1427 947 1464 De
977 1428 1093 1465 ebeno
1125 1427 1345 1476 Aethiopico
1378 1425 1553 1476 elephan-

887 1484 1010 1532 tisque
1034 1484 1128 1521 conf.
1152 1496 1261 1533 supra
1281 1483 1344 1529 ΙΙΙ,
1364 1484 1429 1522 97.

947 1535 1232 1590 ἄμφιλαφέας]
1284 1539 1427 1576 Dicitur
1462 1538 1552 1576 haec

887 1610 980 1643 vox,
1010 1610 1105 1646 quae
1132 1597 1262 1633 eadem
1291 1596 1472 1645 reperitur
1491 1596 1553 1642 lV,

887 1655 954 1694 28.
981 1656 1073 1701 172,
1105 1654 1152 1690 de
1171 1653 1297 1703 quavis
1316 1665 1355 1690 re
1376 1652 1497 1702 ampla
1516 1657 1553 1689 et

887 1723 1033 1759 magna.
1097 1710 1244 1747 Monuit
1274 1708 1471 1746 Ruhnken.
1502 1709 1552 1745 ad

887 1767 1031 1804 Timaei
1056 1766 1146 1804 Lex.
1175 1767 1270 1803 Plat.
1293 1780 1329 1816 p.
1350 1769 1416 1807 27.
1466 1765 1548 1803 Alia

887 1824 991 1861 dabit
1020 1823 1140 1862 Tasel.
1167 1823 1351 1860 Dilucidd.
1377 1822 1545 1859 Pindarr.

886 1881 935 1917 ad
953 1880 1099 1930 Olymp.
1121 1880 1185 1926 IX,
1210 1883 1291 1921 122
1314 1891 1399 1929 pag.
1423 1882 1517 1919 362.

944 1935 1107 1986 δένδρεα
1135 1932 1269 1975 πάντα
1297 1933 1437 1988 ἄγρια]
1475 1936 1548 1972 Pro

885 1987 1017 2031 πάντα
1041 1993 1223 2030 Sancrofti
1255 1992 1345 2031 liber
1379 1988 1550 2040 ἅπαντα,

886 2050 987 2097 quod
1015 2049 1135 2099 placet
1157 2049 1354 2086 Schaefero
1383 2049 1429 2085 ad
1457 2049 1550 2086 Dio-

885 2118 965 2155 nys.
1020 2106 1205 2142 Halicarn.

885 2162 1010 2199 verbb.
1040 2174 1126 2214 pag.
1163 2160 1254 2202 124.

1085 2220 1196 2270 Cap.
1239 2217 1350 2255 CXV.

944 2272 1120 2325 ἐσχατιαί
1171 2272 1269 2324 εἰσι]
1328 2274 1424 2311 Tres
1468 2274 1549 2311 libri

889 2329 1066 2381 ἔσχαταί,
1096 2331 1217 2377 utili,
1242 2331 1331 2372 105.
1358 2334 1448 2373 116.
1478 2331 1549 2369 Li-

886 2388 989 2438 byam
1011 2389 1045 2425 h.
1067 2389 1087 2425 Ι.
1104 2388 1221 2425 latiori
1241 2400 1349 2425 sensu
1369 2389 1415 2425 de
1435 2389 1546 2434 omni,

885 2458 993 2493 quam
1011 2446 1124 2492 novit,
1149 2444 1269 2482 Afric&
1298 2444 1396 2481 dixit.
1435 2446 1544 2483 Conf.

883 2506 977 2538 nott.
996 2503 1043 2539 ad
1067 2502 1130 2548 ΙΙΙ,
1151 2503 1216 2542 96.

943 2557 1015 2608 ἔχω
1048 2555 1120 2606 μὲν
1153 2553 1228 2597 ου’ν.
1264 2551 1457 2607 α’τρεκέως
1485 2554 1546 2595 λε’-

885 2614 984 2665 γειν]
1016 2615 1186 2653 Cernitur
1216 2615 1252 2651 in
1282 2613 1337 2649 his
1360 2614 1544 2664 scriptoris

886 2674 924 2708 et
954 2671 1143 2720 diligentia
1171 2675 1208 2708 et
1243 2671 1435 2706 maximum
1467 2670 1544 2707 veri

881 2728 1066 2774 studium3
1102 2731 1144 2765 ut
1162 2728 1224 2777 qui
1243 2728 1290 2764 de
1312 2727 1365 2763 his
1383 2726 1542 2775 regioni-

882 2783 970 2831 bus,
1013 2785 1062 2822 ad
1083 2797 1173 2834 quas
1201 2796 1267 2822 nec
1297 2783 1375 2833 ipse
1396 2796 1463 2820 nec
1484 2782 1540 2818 ul-

880 2839 935 2877 lus
981 2841 1070 2879 alius
1110 2840 1272 2878 Graecus
1309 2840 1418 2877 homo
1453 2842 1539 2875 tunc

1263 2105 1311 2142 de
1358 2106 1547 2155 composit.
