1904 3304
475 264 558 304 196

862 261 1335 303 HERODOTI

471 371 642 428 καρπὸν
682 371 816 426 ε’ίρια,
865 374 1059 429 καλλονῇ
1095 388 1139 416 τε
1177 373 1460 430 προφέροντα
1498 373 1572 417 καὶ
1613 371 1745 431 ἀρετῇ

471 447 559 486 τῶν
589 441 674 486 ἀπὸ
706 446 793 486 τῶν
822 443 957 486 ὀΐων·

1017 443 1090 486 καὶ
1120 443 1270 500 ἐσθῆτι
1304 445 1347 487 οἱ
1373 444 1500 487 Ἰνδοὶ
1531 443 1615 488 οἷπὸ
1646 444 1802 488 τού-40

313 510 414 554 107
471 531 561 558 των
599 518 689 557 τῶν
728 513 947 569 δενδρέων
982 514 1204 570 χρέωνται.
1265 516 1388 568 Πρὸς
1419 513 1460 558 δ’
1500 511 1558 559 αὖ
1585 527 1744 572 μεσαμ-

143 576 229 603 nona
271 575 416 602 Arabiae:

141 610 240 637 thuris
282 609 418 636 collectio

141 643 248 670 sut'titu
291 642 418 677 styracis

141 676 180 703 ad
253 675 417 711 abigendos

142 714 296 745 serpentes
311 710 418 737 alatos.

145 744 182 778 [2
194 764 202 779 ‚
220 744 279 778 st]

477 588 604 642 βρίης
633 584 786 641 ἐσχάτη
816 584 986 642 Ἀραβίη
1015 589 1103 629 τῶν
1132 586 1395 642 οίκεομένων
1423 584 1597 642 χωρέων
1634 586 1743 630 ἐστι’·

476 658 523 701 ἐν
553 656 598 700 δὲ
628 655 764 714 ταύτῃ
794 655 1035 713 λιβανωτός
1074 656 1117 700 τέ
1149 656 1238 700 ἐστι
1274 657 1418 713 μούνῃ
1457 657 1634 713 χωρέων
1663 673 1747 701 πα-

475 727 586 769 σέων
610 725 856 783 φυόμενος,
888 728 961 771 aaz
992 727 1186 784 σμύρνη,
1217 728 1290 771 καὶ
1319 729 1470 784 κασίη,
1502 728 1574 771 καὶ
1601 726 1747 771 κιννά-

475 814 647 854 μωμον,
679 799 751 842 καὶ
770 798 974 855 λήδανον.
1018 804 1155 843 ταῦτα
1184 797 1348 850 πάντα,
1379 799 1491 855 πλὴν
1514 804 1590 856 τῆς
1614 798 1803 856 σμύρ-45

445 875 580 925 Ξνης,
625 870 864 922 δυσπετέως
894 870 1101 914 κτέωνται
1132 872 1176 914 οἱ
1198 868 1410 925 Ἀράβιοι.

475 939 718 994 λιβανωτόν
766 940 1043 998 συλλέγουσι,
1104 941 1182 999 τήν
1232 939 1429 996 στύρακα
1477 945 1747 997 θυμιῶντες,

421 1115 604 1165 copiosius
631 1115 678 1152 de
710 1115 909 1166 gossypio‚
940 1129 984 1154 ex
1011 1127 1084 1164 quo

418 1176 540 1209 vestes
565 1176 750 1221 parantur,
776 1173 944 1210 disseruit
964 1171 1085 1209 wahl.

420 1227 444 1265 l.
470 1227 493 1264 I.
524 1241 610 1277 pag.
632 1230 713 1268 762
734 1241 838 1277 seqq.
874 1228 952 1265 coll.
984 1229 1086 1265 Hee-

420 1296 497 1321 ren.
522 1284 634 1321 ldeen
653 1284 679 1331 Ι,
705 1288 724 1325 1
749 1298 834 1335 pag.
857 1287 948 1326 106.
988 1284 1086 1321 Nam

421 1340 587 1389 gossypii
618 1353 701 1377 usus
732 1342 779 1377 ad
801 1342 1019 1379 vestimenta
1044 1353 1088 1378 ex

419 1397 501 1447 ipsa
533 1396 658 1444 India,
690 1410 787 1446 quae
817 1398 937 1447 patria
968 1397 1087 1433 istius-

418 1453 519 1490 modi
530 1453 826 1491 vestimentorum
838 1454 961 1492 haberi
979 1458 1085 1504 pote-

418 1509 488 1555 rit,
528 1514 670 1547 mature
701 1523 767 1560 per
811 1511 946 1548 Persici
979 1510 1084 1558 regni

418 1565 620 1616 provincias
639 1571 867 1616 propagatus
887 1580 966 1604 esse
986 1568 1086 1603 vide-

419 1628 492 1667 tur,
512 1623 727 1671 praesertim
745 1636 811 1672 per
830 1623 965 1659 insulas
984 1624 1082 1659 sinus

420 1678 570 1723 Persici,
588 1679 650 1715 ubi
672 1679 708 1715 in
731 1679 884 1715 officinis
909 1680 1083 1729 gossypio

423 1735 579 1771 maxime
610 1735 663 1771 usi
689 1735 763 1771 sint
788 1736 836 1771 ad
866 1741 985 1773 vestes
1017 1748 1085 1786 pa-

423 1791 569 1827 randas.
637 1791 693 1827 Ex
726 1791 830 1828 India
866 1805 1014 1841 quoque
1046 1793 1083 1828 in

422 1847 633 1897 Aegyptum
661 1847 781 1897 prisco
802 1848 998 1885 admodum
1022 1860 1085 1886 ae-

420 1916 467 1940 vo
497 1904 661 1949 venisse,
693 1904 755 1941 ubi
777 1904 813 1940 in
844 1905 1084 1942 cadaveribus

423 1960 648 1997 medicandis
669 1960 924 2007 adhibebatur,
938 1966 1085 1998 senten-

422 2017 474 2053 tia
503 2021 558 2053 est
584 2016 626 2053 A.
650 2016 696 2052 G.
719 2017 912 2065 SchIegelii
936 2018 1084 2068 (lndien

422 2073 471 2109 im
501 2072 665 2110 Berliner
688 2072 953 2111 'l'aschenbuch
981 2075 1086 2115 1829

421 2142 458 2179 p.
482 2132 526 2177 7)
554 2129 744 2179 ipsumque
767 2143 902 2167 nomen
924 2130 1086 2167 sindonis

422 2198 444 2221 a
464 2186 572 2222 fluvio
596 2185 755 2233 Simllw,
786 2187 850 2236 qui
876 2192 933 2224 est
957 2187 1086 2234 Indus,

424 2242 628 2278 derivatum
652 2242 742 2279 vult.
766 2267 816 2272 —
846 2243 887 2279 ln
911 2243 982 2280 fine
1005 2257 1085 2293 cap.

422 2311 489 2347 pro
529 2296 719 2348 χρέωνται
769 2312 860 2335 unus
900 2299 1086 2336 Parisinus

423 2352 625 2403 χρέονται,
657 2356 757 2404 quod
778 2355 982 2393 Larcherus
1009 2369 1087 2392 am-

423 2409 604 2459 plectitur.

630 2489 743 2540 Cap.
775 2490 886 2527 Cvn.

479 2552 707 2607 Ἀραβίη-
719 2556 878 2608 χωρέων
899 2556 996 2608 ἐστί]
1013 2572 1086 2607 χω-

425 2610 526 2663 ρέων
556 2626 621 2662 pro
644 2614 800 2664 χωρίων
825 2627 903 2650 cum
935 2618 1084 2651 recentt.

425 2670 508 2706 edd.
532 2669 686 2706 exhibui.
747 2670 805 2706 Ad
832 2676 1084 2718 argumentum

424 2726 530 2762 huius
544 2730 580 2761 et
592 2739 672 2774 sqq.
686 2739 790 2775 capp.
804 2727 1001 2763 tenendum
1017 2731 1085 2771 est,

424 2781 653 2818 Herodotum
675 2782 794 2832 ipsum
822 2783 969 2818 minime
993 2782 1084 2818 Ara-

426 2838 519 2874 biam
545 2838 689 2883 visisse,
724 2843 780 2885 ut,
812 2851 906 2887 quae
941 2838 987 2874 de
1018 2838 1084 2874 hac

424 2899 522 2931 terra
549 2907 628 2946 cap.
650 2894 817 2931 Cvn—
836 2893 955 2931 CXIII
976 2906 1084 2931 enar-

1141 1121 1292 1163 rentur,
1324 1129 1368 1154 ex
1400 1116 1572 1162 aliorum,
1604 1114 1702 1152 haud
1731 1114 1805 1153 scio

1143 1186 1187 1209 au
1218 1173 1377 1222 ipsorum
1403 1172 1564 1210 Arabum
1589 1172 1807 1209 narrationi-

1143 1229 1223 1275 bus,
1254 1242 1347 1278 quos
1369 1231 1443 1267 sive
1461 1230 1497 1266 in
1518 1230 1597 1279 ipso
1620 1227 1805 1278 Aegypto,

1143 1285 1218 1322 sive
1241 1285 1276 1321 in
1299 1286 1507 1334 regionibus
1534 1284 1692 1321 Arabiae
1716 1297 1804 1321 con-

1143 1342 1304 1378 terminis
1325 1342 1549 1387 convenerit,
1572 1341 1718 1378 fluxisse
1739 1353 1807 1391 pu·-

1144 1398 1256 1434 tanda
1277 1398 1358 1434 sint.
1401 1399 1482 1449 Ipse
1507 1397 1644 1435 Noster
1664 1397 1732 1434 hoc
1751 1397 1806 1433 in-

1143 1455 1264 1491 dicare
1282 1455 1426 1492 videtur
1445 1468 1525 1506 cap.
1550 1455 1626 1495 108
1640 1454 1729 1500 init.,
1743 1453 1805 1490 ubi

1142 1511 1264 1547 scribit
1279 1510 1435 1562 λέγουσι
1447 1533 1495 1538 -
1515 1505 1707 1562 Ἀράβιοι,
1725 1508 1804 1546 coll.

1146 1569 1272 1606 111et
1298 1568 1343 1615 ΙΙ,
1367 1569 1433 1608 75.
1463 1567 1558 1606 Add.
1582 1566 1804 1603 Dahlmann,

1141 1623 1178 1659 in
1192 1623 1329 1660 Herod.
1347 1637 1382 1674 p.
1395 1628 1442 1664 71
1461 1629 1499 1661 et
1513 1624 1637 1672 Hcyse
1651 1622 1803 1666 Quaest.

1140 1679 1307 1716 Herodd.
1328 1693 1411 1730 pag.
1429 1683 1494 1721 96.
1517 1682 1581 1720 97.

1198 1746 1240 1786 ἕν
1277 1744 1319 1785 δὲ
1352 1743 1476 1801 ταύτῃ
1512 1741 1734 1797 λιβανωτός
1764 1743 1805 1785 τέ

1142 1802 1234 1853 ἔστι]
1263 1801 1477 1852 λιβανωτὸς
1504 1805 1550 1841 de
1582 1804 1683 1840 {liure
1711 1803 1805 1840 dici-

1141 1865 1220 1906 tur,
1251 1861 1418 1911 λίβανον
1455 1861 1502 1897 de
1542 1861 1672 1897 arbore
1711 1859 1806 1909 ipsa,

1141 1917 1240 1953 unde
1277 1917 1445 1967 provenit
1488 1916 1583 1953 thus.
1661 1914 1806 1952 Monuit

1141 1973 1335 2023 Phrynich.
1359 1987 1445 2022 pag.
1464 1974 1556 2019 188,
1574 1973 1633 2009 ubi
1653 1972 1725 2008 vid.
1748 1971 1807 2008 iu-

1143 2034 1308 2080 terprett.
1338 2030 1396 2067 De
1415 2029 1570 2066 lc'banoto
1588 2030 1740 2065 diximus
1757 2028 1806 2064 ad

1145 2086 1191 2132 II,
1217 2088 1289 2131 863
1322 2086 1368 2124 de
1393 2086 1538 2136 myrrha
1566 2086 1651 2132 ibid.
1696 2084 1805 2122 Adde

1144 2155 1239 2180 nunc
1269 2142 1535 2180 Rosenmiiller.
1564 2140 1805 2189 Archaeolog.

1143 2198 1188 2245 ll,
1208 2202 1226 2238 1
1252 2211 1336 2249 pag.
1360 2200 1437 2239 159
1457 2211 1561 2248 seqq.
1592 2197 1650 2236 De
1670 2197 1805 2234 ladano

1142 2256 1212 2291 vid.
1235 2261 1328 2292 nott.
1349 2256 1396 2291 ad
1417 2255 1480 2301 III,
1503 2258 1593 2296 112.
1625 2253 1683 2291 De
1705 2255 1804 2291 casia

1142 2316 1181 2349 et
1216 2313 1428 2347 cinnamomo
1459 2316 1606 2361 praeter
1634 2310 1803 2347 Eustath.

1142 2368 1190 2404 ad
1222 2367 1372 2417 Dionys,
1409 2367 1587 2415 Perieget.
1619 2368 1699 2406 933
1733 2367 1805 2402 vid.

1141 2428 1234 2460 nott.
1267 2424 1314 2459 ad
1340 2423 1409 2468 III,
1446 2426 1535 2463 110.
1571 2424 1661 2462 111.
1730 2421 1803 2458 Pro

1140 2477 1328 2517 κτέωνται
1348 2491 1437 2515 unus
1452 2478 1633 2514 Parisinus
1653 2475 1748 2517 κτέο
1761 2492 1804 2517 ν-

1141 2551 1216 2583 ται,
1248 2536 1346 2584 quod
1370 2535 1492 2585 placet
1513 2533 1710 2572 Larchem.

1197 2610 1270 2662 τήν
1282 2609 1456 2661 στύρακα
1476 2611 1715 2663 θυμιῶντες]
1728 2615 1805 2651 θυ-

1142 2671 1238 2718 μιᾶν
1268 2675 1321 2705 est
1353 2668 1555 2714 incendere,
1586 2674 1626 2706 ut
1652 2669 1716 2715 IV,
1738 2668 1804 2709 75.

1142 2727 1204 2772 W,
1222 2728 1286 2766 97.
1309 2725 1369 2770 III,
1387 2728 1476 2766 112.
1516 2726 1703 2774 styracem
1722 2737 1804 2763 esse

1141 2781 1315 2819 Nostrum
1329 2782 1464 2818 Sturam
1477 2795 1584 2818 nemo
1595 2782 1720 2818 nescit.
1745 2780 1805 2817 Ad

1142 2842 1396 2886 argumentum
1431 2838 1525 2875 conf.
1561 2837 1651 2874 Plin.
1675 2836 1724 2874 H.
1754 2835 1804 2874 N.

1141 2893 1225 2941 Χιι,
1251 2896 1313 2934 17.

1473 870 1561 912 Τὸν
1591 869 1669 926 μέν
1697 886 1745 926 γε
1810 874 1902 918 251ι
