1904 3304
452 230 536 270 352

841 225 1315 265 HERODOTI

447 335 553 394 ἤδη,
600 335 675 379 καὶ
714 333 877 378 ου’δένα
914 333 1022 378 νόον
1061 334 1237 390 ἔχοντας
1276 333 1616 390 ἐξηγησάμενον·
1673 335 1717 377 οἳ

446 404 661 451 Ὠκεανόν
689 422 733 448 τε
766 406 921 460 ῥέοντα
950 404 1174 461 γράφουσι
1204 406 1326 460 πέριξ
1355 404 1435 461 τὴν
1463 409 1565 462 γῆν,
1614 404 1715 448 έοῦ-

451 491 534 522 σαν
563 477 828 531 κυκλοτερέα
858 476 917 528 ὠς
948 475 1033 519 ἀπὸ
1064 477 1246 530 τόρνου,
1281 477 1354 519 καὶ
1382 476 1461 532 τήν
1487 474 1631 531 Ἀσίην
1662 476 1717 530 τῇ

421 547 653 604 4Ευ’ρω’πῃ
681 547 924 590 ποιεύντων
953 549 1064 603 ἰ’σην.

393 711 441 748 ad
468 710 658 747 veritatem
688 709 855 746 omnibus
882 710 918 747 in
946 709 1053 747 rebus

394 766 644 815 indagandam
663 771 868 816 spectante,
894 765 1055 816 pluribus

400 824 486 860 locis
499 824 568 860 iam
580 824 793 861 monuimus.
811 848 861 851 —
877 823 948 859 Pro
963 818 1058 873 γρά-

400 889 558 930 ψαντας
573 876 744 925 πολλοῦς
765 880 802 915 in
821 879 919 916 Edit.
941 879 1059 915 Gaist'.

400 941 519 974 exstat
542 930 766 987 γράψαντα,
788 949 993 986 operarum,
1021 939 1062 972 ut

399 993 555 1038 videtur,
575 993 672 1029 vitio.
711 992 870 1029 Verbum
890 987 1060 1043 γράφειν

400 1063 475 1086 non
494 1054 569 1086 tam
588 1049 634 1086 de
651 1049 852 1095 scribendo,
882 1061 992 1097 quam
1014 1048 1060 1084 de

396 1106 705 1157 pingendo'accipi
716 1105 829 1142 voluit
839 1105 1061 1150 Gronovius,

401 1175 510 1212 quem
556 1174 690 1210 sequor
738 1173 811 1198 una
851 1174 931 1198 cum
967 1161 1060 1197 Bre-

401 1218 522 1256 dowio
553 1217 576 1254 l.
595 1217 616 1254 l.
634 1230 720 1268 pag.
736 1216 837 1253 XVI.
875 1216 1062 1264 Schweig-

401 1274 596 1312 haeuserus
634 1279 825 1322 utramque
862 1273 968 1310 simul
1006 1273 1062 1309 hic

400 1330 521 1368 valere
543 1330 730 1367 notionem
753 1329 948 1375 existimat,
968 1341 1063 1378 quae

402 1386 626 1424 describendi
643 1386 755 1424 verbo
775 1385 1064 1436 comprehenda-

402 1448 471 1481 tur.
484 1463 539 1471 -—
558 1443 680 1480 Verba
696 1454 799 1491 seqq.
831 1441 898 1480 καὶ
918 1436 1064 1480 ου’δένα

402 1496 497 1539 νόον
519 1498 679 1549 ἔχοντας
699 1493 995 1549 ἐξηγησάμενον
1012 1498 1064 1535 sic

403 1556 584 1604 intelligo:
628 1568 760 1605 „quum
800 1555 926 1591 multos
964 1554 1064 1591 video

404 1635 460 1640 —
484 1612 619 1648 nullam
650 1613 707 1658 (in
732 1611 799 1648 hac
819 1624 867 1648 sc.
887 1615 1063 1648 terrarum

405 1669 503 1705 orbis
524 1668 787 1718 descriptione)
811 1669 981 1704 *rationem
998 1667 1065 1703 (ιά-

406 1725 583 1770 hibentes,
628 1737 716 1774 quae
755 1725 847 1773 ipsos
887 1724 996 1760 ducat
1036 1736 1063 1759 s.

408 1794 513 1832 quam
542 1784 735 1830 sequantur
760 1780 901 1829 ducem,
930 1786 1067 1818 temere

407 1839 519 1887 igitur
548 1851 615 1874 nec
639 1837 709 1874 ulla
737 1837 902 1874 adhibita
925 1838 1067 1874 ratione

408 1898 571 1944 agentes,
629 1893 840 1931 Dobraeum
890 1894 939 1929 ad
988 1893 1069 1930 Ari-

408 1950 528 2001 stoph.
577 1950 663 1987 Pac.
694 1951 775 1990 732
815 1963 882 2000 pro
910 1949 1069 1999 ἔχοντας

409 2007 557 2044 rescribi
573 2006 729 2044 voluisse
747 2002 934 2057 ἐχόντως,
960 2006 1069 2043 Gais-

408 2064 502 2102 ford.
526 2067 640 2099 notat.

467 2119 506 2158 οἳ
530 2114 720 2159 Ὠκεανόν
746 2133 786 2158 τε
810 2116 950 2169 ῥέοντα
972 2115 1069 2170 γρά-

410 2187 534 2225 φουσι
563 2191 597 2214 κ.
626 2191 657 2215 τ.
690 2178 746 2222 λ.]
783 2176 824 2212 ln
858 2176 927 2212 loci
954 2176 1067 2212 inter-

407 2233 605 2283 punctione
653 2232 902 2270 Gaisfordium
956 2231 1068 2268 secuti

412 2301 560 2335 sumus,
598 2289 648 2325 ita
680 2294 719 2325 ut
750 2289 862 2326 verba
887 2284 962 2338 τήν
992 2289 1068 2338 γῆν

410 2345 526 2394 (inter
546 2357 640 2394 quae
655 2345 765 2393 vulgo
785 2344 877 2381 male
896 2344 1069 2381 inseritur

410 2417 430 2440 τ
445 2399 484 2450 ε)
518 2414 597 2438 cuin
620 2402 747 2438 vocula
767 2400 877 2452 πέριξ
898 2401 971 2437 sint
991 2401 1071 2437 iun-

412 2458 545 2506 genda.
578 2457 635 2494 Cf.
653 2457 726 2503 lv,
761 2458 809 2496 15
838 2457 924 2505 ibiq.
948 2461 1040 2493 nott.

469 2512 617 2552 ἐοῦσαν
651 2511 884 2562 κυκλοτερέσι
916 2511 968 2558 ὥς
995 2508 1072 2551 α’πὸ

411 2565 578 2621 τόρνου]
613 2570 634 2606 i.
663 2583 694 2608 e.
719 2569 950 2605 orbiculatam
976 2569 1069 2605 velut

413 2639 455 2663 ex
486 2630 605 2672 torno,
639 2639 717 2662 cum
748 2638 816 2661 vox
837 2625 1070 2674 κυκλοτερέα

413 2695 487 2720 non
513 2683 559 2719 ad
586 2683 685 2731 globi
699 2686 841 2732 spectet
861 2683 1069 2719 rotundita-

412 2743 509 2786 tem,
539 2740 606 2776 sed
634 2739 726 2775 orbis
747 2738 997 2775 rotunditatem
1015 2739 1070 2774 in—

413 2796 527 2841 dicet3
563 2808 670 2844 quam
698 2796 758 2844 qui
784 2801 902 2832 terrae
934 2795 1071 2831 tribue-

414 2857 494 2889 rent
522 2852 681 2901 indeque
712 2857 845 2889 terram
876 2852 913 2887 in
939 2850 1069 2887 tabulis

1123 547 1170 590 ἐν
1201 545 1386 601 ὀλίγοισι
1414 546 1499 602 γάρ
1529 545 1612 601 ἐγώ
1644 547 1715 601 δη-

1112 714 1151 746 ut
1174 709 1308 746 (liscum
1327 707 1545 744 detornatam
1563 707 1774 745 exhiberent

1112 767 1268 817 pictam,
1309 764 1505 813 Asiamque
1540 764 1624 801 hinc
1663 762 1705 812 (i.
1741 774 1774 799 e.

1115 823 1303 859 dimidium
1320 826 1439 858 terrae
1452 820 1631 868 australe)
1653 819 1774 855 Euro-

1115 892 1186 930 pae
1218 879 1261 926 (i.
1292 891 1323 915 e.
1353 877 1504 914 dimidio
1526 875 1682 923 boreali)
1707 887 1775 925 pa-

1117 948 1193 972 rem
1226 936 1410 979 sacerent,
1454 947 1518 971 eos
1548 937 1687 970 tantum
1718 931 1776 967 hic

1119 991 1276 1028 derideri
1296 1003 1316 1026 a
1337 994 1439 1040 patre
1458 989 1628 1026 historiae
1646 987 1776 1026 statui-

1117 1060 1196 1085 mus
1216 1060 1296 1084 cum
1315 1047 1482 1083 Bredow.
1504 1046 1525 1084 l.
1545 1045 1567 1083 l.
1587 1058 1672 1096 pag.
1694 1043 1776 1081 XX.

1117 1104 1179 1140 lll.
1215 1103 1295 1141 coll.
1337 1102 1491 1140 Rennel.
1526 1116 1562 1153 p.
1595 1103 1688 1142 383.
1726 1121 1775 1127 —

1117 1160 1295 1208 Respexit
1344 1159 1558 1196 Herodotea
1607 1155 1775 1194 Eustath.

1116 1216 1165 1252 ad
1197 1215 1350 1263 Dionys·
1383 1214 1525 1264 Perieg.
1560 1216 1577 1252 1
1613 1215 1776 1262 itemque

1118 1272 1242 1308 Strab.
1273 1271 1287 1307 1
1316 1283 1401 1320 pag.
1421 1271 1474 1311 48
1503 1284 1532 1308 s.
1550 1271 1604 1311 83
1627 1270 1670 1305 C.
1717 1268 1778 1306 De

1120 1341 1185 1365 usu
1239 1328 1520 1378 praepositionis
1578 1321 1660 1365 οἷπό
1701 1325 1777 1362 vid.

1119 1384 1252 1421 Matth.
1275 1384 1340 1420 Gr.
1364 1384 1429 1420 Gr.
1453 1396 1536 1434 pag.
1562 1384 1681 1424 1130.

1176 1439 1243 1479 καὶ
1270 1437 1345 1491 τήν
1367 1437 1501 1490 Ἀσίην
1527 1441 1577 1494 τῇ
1598 1433 1778 1492 Εὐρώπῃ

1120 1492 1345 1535 ποιεύντων
1378 1497 1484 1546 ἴσην]
1518 1497 1621 1534 Haec
1633 1501 1779 1532 antece-

1121 1554 1289 1590 dentibus
1309 1553 1461 1603 simplici
1479 1558 1678 1599 commate,
1705 1563 1780 1588 non

1120 1615 1279 1660 puncto,
1313 1615 1352 1646 ut
1380 1610 1464 1646 fecit
1492 1609 1634 1655 Gaisf.‚
1664 1620 1779 1645 anne-

1121 1667 1262 1703 ctenda.
1316 1661 1541 1704 ποιεύντων
1571 1665 1778 1701 Gronovius

1120 1735 1188 1772 pro
1231 1723 1445 1772 imperativo
1496 1722 1610 1771 accipi
1651 1720 1780 1766 voluit,

1123 1784 1161 1815 ut
1192 1779 1287 1816 idem
1318 1780 1364 1816 sit
1390 1785 1503 1828 atque
1529 1777 1782 1822 ποιείτωσαν,

1123 1836 1429 1884 quemadmodum
1478 1829 1669 1886 λεγόντων
1712 1845 1780 1884 pro

1125 1889 1353 1942 λεγέτωσαν,
1374 1891 1443 1928 alia
1463 1893 1500 1927 id
1520 1903 1656 1940 genus-3
1679 1889 1781 1940 quod

1124 1949 1284 1998 probans
1312 1947 1530 1997 wesseling.
1571 1947 1691 1984 locum
1731 1946 1782 1983 sic

1124 2005 1405 2055 interpretatur:
1459 2006 1608 2051 „Asiam
1651 2015 1782 2054 quoque

1117 2060 1265 2111 faciant
1288 2061 1458 2111 Europae
1480 2061 1639 2112 parem.“
1668 2059 1784 2109 Equi-

1125 2118 1207 2155 dem
1254 2131 1334 2154 cum
1373 2118 1575 2167 Schweigh.
1618 2112 1784 2156 ποιεύν-

1124 2189 1203 2212 των
1219 2175 1357 2224 accipio
1377 2187 1444 2225 pro
1463 2175 1620 2224 genitivo
1639 2172 1783 2224 partici-

1125 2232 1175 2282 pii
1207 2231 1374 2269 absolute
1400 2232 1510 2280 positi
1539 2235 1574 2268 et
1600 2231 1647 2267 ad
1676 2242 1783 2279 supe-

1126 2288 1199 2324 rius
1229 2289 1330 2338 γελῶ
1360 2291 1570 2337 spectante,
1601 2282 1681 2323 eum
1707 2288 1783 2323 fere

1126 2344 1163 2380 in
1192 2344 1360 2380 modum:
1407 2343 1552 2389 „rae'tleo‚
1590 2355 1694 2391 quum
1722 2343 1785 2378 isti

1126 2400 1248 2437 Asiam
1299 2399 1477 2449 aequalem
1514 2398 1682 2448 Europae
1716 2397 1784 2448 sa-

1128 2459 1262 2493 ciant.“
1309 2456 1418 2499 Quod
1449 2455 1592 2504 Steger.
1626 2455 1784 2493 Praefat.

1127 2526 1212 2564 pag.
1235 2513 1321 2548 XIV
1344 2512 1550 2561 suspicatur
1572 2514 1785 2557 ποιεῦντας

1129 2564 1206 2615 ὦν,
1244 2568 1372 2604 merito
1402 2568 1526 2604 reiecit
1551 2568 1693 2606 Censor
1720 2567 1785 2605 Li-

1126 2625 1280 2676 psiensis
1305 2626 1409 2665 1829
1428 2637 1482 2660 nr.
1509 2627 1586 2665 136
1607 2639 1642 2676 p.
1665 2626 1782 2665 1087.

1127 2702 1182 2708 -—-
1211 2681 1249 2716 ln
1283 2680 1354 2717 tine
1378 2693 1457 2730 cap.
1481 2694 1560 2718 cum
1580 2679 1783 2729 Schweigh.

1127 2742 1164 2775 et
1202 2737 1320 2775 Gaisf.
1354 2737 1440 2773 dedi
1481 2736 1546 2788 οἵη
1582 2751 1649 2787 pro
1682 2737 1785 2785 vulg.

1129 2790 1227 2842 ὅση,
1260 2793 1357 2842 quod
1388 2794 1539 2832 retinuit
1563 2793 1694 2831 Matth.
1723 2792 1786 2830 Tu

1128 2850 1171 2887 cf.
1197 2849 1263 2896 lv,
1296 2850 1360 2890 40.
