1904 3304
543 275 889 318 THALIA.
948 276 1012 316 111.

115 390 303 440 6πίλους
331 387 484 459 τιάρας
513 387 762 444 φορέοντες.
818 390 956 431 ταῦτα
995 385 1075 443 μέν
1111 401 1194 429 νυν
1231 389 1414 430 τοιαῦτα

175 437 290 474 Q—

1359 278 1415 319 19

141 459 271 504 ἐόντα
301 442 438 504 εἶδον·
489 457 610 503 εἶδον
648 459 693 504 δὲ
732 459 806 503 καὶ
839 457 947 502 ἄλλοι
978 458 1111 513 ὁμοῖα
1140 455 1337 501 τούτοισι
1367 457 1415 502 ἐν

143 531 377 595 Παπρῄέι,
416 535 506 575 τῶν
535 531 626 588 ἅμα
650 529 891 587 Ἀχαιμένεϊ
919 533 981 591 τῷ
999 530 1197 587 Δαρείου
1219 531 1416 586 διαφθα-

142 603 307 659 ρέντων
352 601 438 648 ὑπὸ
477 601 630 660 Ἰνάρω
659 606 742 647 τοῦ
772 603 951 659 Λίβυος.

85 770 127 804 et
146 765 229 803 Vol.
251 765 304 802 lX
326 779 363 817 p.
378 768 473 807 63.“
507 767 570 805 Cr.
592 790 642 795 ——
677 768 749 806 Pro

84 826 383 873 σκιητροφεῐν,
406 825 507 862 cuius
526 824 605 862 Ioco
625 837 748 864 σκια-

81 883 250 931 τραφεῖν
269 879 376 917 Plato
406 881 496 918 dixit
526 882 632 919 Polit.
650 882 749 930 vul,

83 939 109 978 9
135 937 203 983 (de
225 949 298 986 quo
318 937 390 974 vid.
411 936 490 975 Ast.
515 939 563 975 ad
589 939 748 976 Phaedr.

81 1006 119 1044 p.
140 995 224 1033 262
250 998 286 1030 et
305 993 497 1032 Heindorf.
519 995 567 1032 ad
591 995 748 1033 Phaedr.

81 1062 119 1100 p.
138 1050 254 1098 228),
275 1051 480 1100 posteriore
500 1056 623 1090 aetate
644 1064 749 1090 σκιο-

80 1107 462 1158 toacpst‘vdicebatur.
494 1108 602 1145 Conf.
623 1109 749 1146 dehac

82 1163 261 1213 scriptura
281 1164 452 1202 Creuzer.
474 1165 521 1201 ad
540 1165 612 1213 ΟΙ)
615 1166 750 1216 mpiod

81 1219 304 1257 Commentt.
350 1221 387 1257 in
422 1221 515 1259 Plat.
563 1221 675 1259 Alcib.
716 1221 748 1259 II

80 1288 117 1327 p-
137 1278 193 1317 42
214 1280 290 1313 not.
309 1279 375 1341 28

139 1332 281 1379 πίλους
291 1329 664 1384 τιάραςφορέοντες]
681 1332 745 1371 πί-

81 1390 144 1428 λοι
173 1390 323 1438 quaevis
354 1391 523 1427 dicuntur
544 1392 672 1439 capitis
698 1393 747 1426 te-

80 1449 259 1494 gumenta.
298 1446 409 1483 Unde
428 1447 484 1493 fit,
517 1451 555 1483 ut
573 1447 652 1497 ipsa
671 1448 747 1483 tia-

81 1515 137 1549 ra,
150 1515 243 1551 quae
258 1503 306 1539 ad
324 1503 456 1540 Persas
474 1503 638 1553 proxime
659 1516 745 1553 spe-

82 1563 160 1596 ctat
188 1559 305 1607 iisque
328 1559 502 1597 usitatum
521 1560 590 1596 fuit
616 1560 746 1610 capitis

81 1619 351 1664 tegumentum,
385 1616 479 1666 pileo
505 1617 663 1666 (quippe
691 1616 745 1652 la-

81 1671 182 1708 tioris
227 1672 505 1721 significationis
549 1672 747 1721 vocabulo)

81 1728 235 1766 subinde
263 1729 478 1775 denotetur3
509 1742 577 1766 nec
602 1730 746 1776 mirum,

80 1786 181 1835 apud
207 1785 401 1834 Synesium
421 1786 500 1824 Ioco
528 1799 639 1836 supra
668 1785 746 1823 lau·

81 1842 169 1879 dato
195 1842 405 1892 simpliciter
426 1843 577 1880 inveniri
603 1843 746 1889 πίλους

81 1898 159 1936 sine
180 1893 331 1950 τιάρας.
390 1899 477 1936 Fuit
505 1904 628 1937 autem
649 1902 745 1936 tiara

80 1968 259 2006 perquam
281 1955 405 1992 similis
427 1957 470 1993 iis
492 1956 619 2006 pileis,
651 1969 744 2005 quos

81 2012 200 2048 adhuc
226 2025 291 2062 per
316 2013 490 2050 orientem
514 2018 660 2062 gestare
678 2025 745 2049 so-

81 2067 159 2105 lent
193 2068 210 2115 (
227 2067 372 2105 Turban
402 2071 584 2117 vocant),
627 2074 748 2106 erecta

81 2123 139 2161 illa
173 2125 322 2174 quidem
358 2124 573 2175 plerumque
611 2129 649 2162 et
689 2139 747 2172 eo,

81 2182 183 2230 quod
214 2182 260 2219 ab
298 2183 468 2220 inferiore
504 2187 540 2219 et
580 2183 746 2232 superio-

81 2250 121 2276 re
142 2242 247 2288 parte
275 2251 395 2289 aeque
424 2238 495 2276 lata
523 2244 615 2285 erat,
645 2251 666 2275 a
695 2239 744 2276 ci-

81 2294 161 2332 dari
185 2295 221 2331 in
248 2296 388 2345 apicem
419 2300 577 2333 exeunte
601 2295 744 2332 diversa

82 2355 196 2400 atque
216 2364 283 2402 pro
301 2353 471 2389 ordinum
495 2352 669 2401 gradibus
689 2352 744 2388 di-

83 2408 230 2444 stincta.
291 2408 374 2452 Qua
399 2410 491 2445 tiara
513 2410 630 2458 eaque
656 2408 744 2444 varii

82 2465 228 2512 generis
260 2466 380 2502 ornati
417 2464 536 2502 adhuc
566 2465 745 2515 conspici-

82 2525 193 2557 untur
219 2520 354 2559 Persae
382 2522 418 2558 in
446 2522 635 2559 ruderibus
656 2522 745 2559 Per-

83 2578 309 2627 sepolitanis.
365 2577 427 2615 Tu
466 2579 541 2615 vid.
583 2578 745 2627 Mongez

83 2632 195 2670 Mem.
214 2635 261 2672 de
286 2634 426 2671 I’Instit.
448 2635 495 2671 lv
519 2635 618 2684 p.15
641 2647 745 2683 seqq.

83 2689 139 2726 Ex
158 2690 352 2728 Herodoto
379 2691 542 2741 inprimis
562 2691 631 2728 huc
660 2692 746 2727 facit

84 2746 164 2792 VII,
189 2750 265 2792 613
297 2747 364 2783 alia
386 2753 547 2785 veterum
579 2748 746 2784 testimo-

83 2803 145 2840 nia
170 2803 289 2840 attulit
309 2803 471 2841 Brisson.
491 2803 512 2840 l.
534 2804 556 2841 l.
578 2804 625 2850 ΙΙ,
652 2803 743 2845 184.

84 2858 143 2896 Ad
161 2860 392 2897 Herodotum
411 2861 590 2911 respexit,
622 2866 746 2897 aucto-

84 2928 124 2954 re
142 2915 314 2955 Valcken.
345 2915 449 2954 Plato
466 2917 523 2955 De
544 2916 663 2966 Legg.
676 2917 745 2955 XII

1429 649 1473 679 ⁸¹-

806 780 843 818 p.
865 766 947 808 492
966 764 1012 803 D.
1034 785 1089 792 —
1118 764 1180 802 Cr.
1208 765 1315 802 citat:
1358 763 1472 811 „Pla-

806 829 881 861 ton.
902 822 1096 859 Scholiast.
1111 834 1197 871 pag.
1223 822 1302 862 185
1320 821 1470 859 Ruhnk.

806 879 900 917 Astii
934 879 1141 916 Comment.
1176 891 1213 928 p.
1244 878 1339 919 545.
1384 877 1472 915 Val-

1470 365 1621 411 ’ὟΡἿ

1488 538 1622 580 ’ΣΝ

806 934 1150 974 οΙςεΗειΓίῩδεΙΙοΙθε
1183 935 1218 971 in
1253 935 1332 971 Aet.
1369 934 1472 985 Apo·

805 993 898 1030 stoli.
926 992 987 1038 ΙΙΙ,
1015 995 1053 1032 7.
1084 991 1193 1028 Tom.
1219 990 1234 1027 Ι
1262 1005 1298 1041 p.
1322 991 1404 1032 545
1436 997 1473 1029 et

804 1049 933 1087 Iacobs
953 1049 1001 1086 ad
1020 1047 1220 1096 Antholog.
1244 1048 1313 1086 Gr.
1326 1047 1472 1085 V01.1X

805 1120 841 1157 p.
862 1105 983 1146 428⁴<
1007 1129 1057 1133 —-
1077 1105 1134 1142 De
1154 1104 1225 1140 alia
1245 1104 1343 1142 vocis
1364 1104 1470 1141 huius

804 1162 1073 1212 significatione
1095 1162 1255 1203 dicemus
1267 1162 1313 1198 ad
1326 1162 1390 1208 lv,
1404 1163 1470 1202 23.

804 1240 861 1248 --
892 1218 1007 1256 Paulo
1035 1223 1122 1267 post
1155 1230 1236 1254 cum
1266 1217 1470 1267 Schweigh.

805 1280 844 1314 et
856 1275 988 1312 Matth.
1010 1275 1136 1324 reliqui
1159 1270 1298 1321 εἶδον,
1319 1275 1470 1312 aGaisf.

805 1346 825 1370 e
853 1333 946 1368 binis
974 1331 1072 1368 libris
1101 1336 1280 1368 mutatum
1306 1331 1345 1368 in
1368 1331 1470 1370 ἴδον.

803 1388 861 1426 De
891 1388 1059 1439 Papremz'
1083 1388 1179 1425 conf.
1211 1387 1263 1435 II,
1297 1390 1350 1429 63
1380 1388 1469 1438 ibiq.

803 1449 896 1482 nott.

858 1503 939 1540 τῶν
967 1496 1050 1552 ἅμα
1069 1495 1293 1551 Ἀχαιμένεϊ
1313 1502 1371 1555 τῷ
1391 1503 1471 1539 Δοι-

804 1558 914 1609 ρείου
936 1572 970 1596 κ.
990 1573 1021 1596 τ,
1043 1557 1091 1606 λ.]
1124 1557 1279 1594 Hanein
1299 1570 1374 1595 rem
1385 1570 1471 1595 con-

802 1616 966 1652 ferantur
987 1614 1168 1651 Herodot.
1193 1613 1274 1660 VII,
1295 1617 1334 1654 7.
1368 1615 1469 1651 Ctes.

802 1671 988 1721 Excerptt.
1016 1670 1135 1708 Perss.
1166 1672 1236 1718 32,
1268 1671 1348 1718 (ubi
1374 1671 1470 1708 conf.

804 1733 899 1765 nott.
920 1740 1008 1779 pag.
1035 1730 1114 1768 170
1127 1728 1230 1776 sqq.)
1258 1727 1469 1777 Thucydid.

803 1784 833 1832 I,
859 1786 949 1825 104.
978 1786 1069 1825 109.
1100 1782 1252 1830 Inarus,
1284 1797 1304 1821 e
1327 1783 1471 1833 Libyae

802 1854 831 1877 s.
866 1840 1011 1878 Africae
1051 1841 1262 1890 regionibus
1297 1840 1469 1891 Aegypto

802 1897 1056 1935 adiacentibus
1081 1897 1118 1934 in
1147 1897 1239 1934 hanc
1258 1897 1374 1948 ipsam
1396 1904 1470 1934 ter-

802 1967 879 1991 ram
921 1955 1081 2000 irruens,
1121 1954 1157 1990 in
1196 1953 1329 1991 Deltae
1366 1954 1470 2004 palu-

803 2011 909 2048 dibus
936 2011 1152 2060 stagnisque
1179 2015 1304 2048 eontra
1337 2010 1470 2048 Persa-

804 2081 883 2104 rum
915 2068 1040 2117 copias
1069 2080 1109 2104 se
1136 2068 1274 2114 tenuit,
1314 2080 1469 2116 quorum

805 2125 877 2161 dux
900 2123 1160 2170 Achaemenes,
1193 2124 1239 2160 ab
1268 2124 1469 2161 Artaxerxe

804 2193 893 2229 rege
914 2192 956 2216 ac
976 2180 1108 2223 fratre,
1139 2180 1256 2229 primo
1283 2181 1385 2228 regni
1404 2192 1469 2216 an-

804 2250 852 2274 no
884 2238 966 2277 462
997 2249 1029 2272 a.
1053 2236 1140 2273 Chr.
1170 2249 1205 2272 n.
1226 2249 1304 2273 cum
1326 2237 1468 2285 magnis

801 2294 915 2344 copiis
945 2298 983 2329 et
1010 2293 1242 2330 terrestribus
1270 2297 1306 2329 et
1332 2293 1469 2330 navali-

800 2350 868 2387 bus
880 2350 1024 2395 missus,
1039 2349 1181 2386 Inarum
1204 2349 1351 2398 quidem
1370 2350 1467 2396 vicit,

802 2407 867 2444 sed
886 2407 965 2457 ipse
983 2406 1095 2452 obiit3
1126 2406 1175 2442 ita
1199 2412 1236 2442 ut
1263 2406 1402 2452 Inarus,
1421 2407 1467 2443 ab

800 2463 1083 2501 Atheniensibus
1104 2467 1188 2513 post
1210 2463 1468 2508 adiutus,Per-

804 2520 851 2557 sis
874 2520 1041 2558 resistere
1060 2524 1186 2569 posset
1207 2532 1321 2568 usque
1343 2520 1390 2556 ad
1402 2531 1468 2556 an-

803 2590 888 2613 num
914 2577 996 2617 456
1017 2588 1049 2612 a.
1070 2576 1158 2612 Chr.
1180 2589 1230 2622 n.,
1260 2576 1322 2612 ubi
1346 2588 1368 2612 a
1385 2575 1468 2613 Me-

804 2634 947 2682 gabyzo
960 2637 1163 2681 superatur.
1194 2632 1248 2669 Ex
1259 2632 1326 2669 hoc
1346 2636 1466 2670 autem

802 2690 882 2726 loco
912 2688 1164 2726 Dahlmannus
1197 2689 1398 2735 (Herodot.
1427 2701 1465 2738 p.

803 2747 1007 2793 68—70)
1039 2749 1182 2796 tempus
1211 2745 1330 2794 colligi
1357 2757 1467 2796 posse

803 2803 1003 2848 existimat,
1035 2814 1108 2850 quo
1144 2793 1361 2838 Hero‘dotus
1391 2800 1465 2838 Ae-

802 2864 957 2910 gyptum
989 2858 1134 2905 viserit,
1174 2858 1341 2894 nimirum
1381 2861 1467 2908 post

800 2929 885 2955 ann.
898 2915 979 2957 456
993 2928 1025 2953 a.
1038 2914 1123 2951 Chr.
1137 2926 1189 2988 nx
1210 2915 1304 2952 intra
1318 2914 1401 2955 454
1414 2936 1464 2941 -
