1904 3304
258 272 341 312 656
723 268 1185 307 EXCURSUS
1245 268 1293 305 Vl

607 724 1259 772 EXCURSUS
1339 726 1411 773 Vl

376 830 476 868 AD
535 827 1646 876 HERODOT.111,119c011.1V‚129.

494 1044 624 1082 Viro
670 1041 1136 1079 Illustrissimo
1183 1041 1544 1079 Doctisez'mo

721 1120 752 1159 Ι.
803 1120 842 1158 C.
892 1119 934 1157 F.
994 1119 1317 1157 Baehrio

550 1202 601 1247 C.
657 1201 737 1244 Fr.
796 1199 1370 1243 Hermannus
1441 1196 1492 1241 S.

373 1313 624 1362 ,‚Meministi‚
661 1313 726 1350 Vir
759 1312 996 1359 amicissime,
1036 1316 1122 1349 ante
1156 1311 1221 1348 hos
1255 1315 1330 1348 tres
1363 1322 1506 1347 menses
1516 1337 1528 1354 ‚
1570 1321 1682 1358 quum
1713 1307 1774 1347 Tu

261 1389 359 1422 totus
382 1396 480 1421 esses
499 1383 536 1418 in
559 1381 753 1418 Herodoto
773 1379 860 1416 Tuo
881 1380 997 1416 doctis
1019 1380 1110 1416 curis
1131 1379 1366 1426 illustrando,
1397 1390 1466 1427 ego
1488 1376 1680 1426 Sophoclis
1699 1377 1775 1415 An-

261 1452 423 1500 tigonam
442 1448 592 1500 publicis
612 1447 741 1484 scholis
761 1446 976 1497 explicarem
990 1475 1000 1494 ‚
1033 1460 1235 1485 sermonem
1255 1447 1350 1484 inter
1368 1458 1433 1483 nos
1454 1444 1613 1482 incidere
1631 1446 1678 1483 de
1697 1444 1775 1482 loco

260 1518 320 1555 illo
361 1518 449 1555 satis
481 1515 654 1563 notabili,
699 1528 771 1564 quo
801 1515 1058 1552 Herodoteum
1090 1514 1165 1562 ΙΙΙ,
1204 1516 1282 1556 119
1316 1511 1515 1565 Sophocles
1543 1512 1777 1564 expresserit,

260 1586 383 1636 Antig.
405 1598 438 1623 v.
457 1584 540 1626 905
553 1586 719 1625 —9122

528 1669 573 1705 οὐ
592 1669 662 1714 γάρ
679 1667 768 1704 ποτ’
789 1665 875 1703 οὔτ’
897 1664 964 1711 ἂν,
991 1667 1025 1701 εἰ
1040 1666 1175 1701 τέκνων
1190 1666 1308 1710 μήτηρ
1331 1664 1436 1709 ἔφυν,

529 1724 616 1762 οὔτ’
639 1728 674 1761 εἰ
689 1725 798 1766 πόσις
817 1738 880 1769 μοι
899 1722 1100 1759 κατθανών
1121 1721 1280 1768 ἐτήκετο,

530 1785 593 1831 βίᾳ
611 1785 770 1818 πολιτῶν
787 1781 895 1817 τόνδ’
916 1779 962 1816 ἒὶν
983 1779 1125 1827 ᾐρόμην
1142 1780 1271 1815 πόνον.

528 1842 629 1880 τίνος
647 1839 763 1883 νόμου
787 1838 832 1884 δὴ
850 1840 971 1874 ταῦτα
992 1836 1085 1882 πρὸς
1103 1837 1209 1883 χάριν
1226 1837 1338 1882 λέγω,-

527 1896 635 1937 πόσις
653 1897 718 1940 μὲν
737 1894 784 1931 ἅν
803 1909 865 1940 μοι
879 1923 887 1939 ,
912 1893 1189 1938 κατθανόντος,
1215 1891 1323 1934 ἄλλος
1340 1889 1400 1939 ἧν,

529 1954 591 1988 καὶ
609 1957 698 1994 παῖς
716 1952 786 1988 εἶπ’
813 1950 925 1987 ἄλλου
946 1951 1091 1996 φωτὸς,
1118 1953 1152 1986 εἰ
1165 1950 1268 1987 τοῦδ’
1293 1949 1495 1996 ἤμπλακον,

526 2010 666 2056 μητρὸς
686 2010 726 2046 δ’
746 2009 784 2045 ἐν
795 2007 918 2045 ΓἉιδου
938 2010 1001 2044 καὶ
1018 2008 1160 2053 πατρὸς
1181 2008 1421 2045 κεκευθότοιν

531 2067 600 2104 ov’n
620 2066 697 2103 ἔστ’
715 2065 878 2112 ἁδελφὸς
900 2063 999 2107 ὅστις
1021 2063 1067 2100 ἂν
1086 2064 1239 2112 βλάστοι
1255 2065 1359 2104 ποτέ.

265 2169 374 2207 quem
406 2167 517 2205 quum
542 2152 640 2189 haud
664 2151 786 2200 exigui
809 2150 982 2187 momenti
1003 2162 1083 2188 esse
1103 2161 1212 2200 posse
1230 2150 1279 2186 ad
1297 2149 1527 2187 illustrandas
1545 2148 1777 2198 quaestiones

265 2229 322 2261 tot
349 2221 597 2261 recentissimo
627 2224 795 2270 tempore
829 2217 1134 2267 disputationibus
1162 2218 1318 2266 agitatas
1350 2218 1397 2255 de
1418 2217 1587 2255 historiae
1609 2216 1780 2254 Herodo-

266 2297 348 2330 teae
380 2294 503 2329 aetate
533 2292 643 2337 atque
664 2288 805 2336 origine
833 2285 1150 2333 intellexissemus,
1179 2287 1396 2335 flagitabas,
1426 2290 1487 2332 ut,
1517 2296 1613 2335 quae
1637 2296 1708 2333 ego
1730 2283 1778 2321 de

267 2361 310 2398 ea
337 2372 376 2396 re
402 2357 596 2403 sentirem,
626 2356 731 2393 latius
762 2366 872 2405 quam
899 2366 965 2403 per
996 2353 1163 2402 colloquii
1193 2355 1380 2403 angustias
1413 2353 1566 2400 liceret,
1615 2351 1778 2402 exposita

267 2440 334 2480 per
371 2426 492 2463 literas
523 2423 665 2461 Tecum
696 2424 1008 2461 communicarem.
1080 2423 1162 2472 Ego
1190 2436 1276 2459 vero
1305 2421 1391 2459 illud
1417 2422 1484 2459 etsi
1508 2420 1604 2458 haud
1628 2422 1778 2468 gravate

267 2495 493 2545 recepissem,
515 2490 649 2528 diutius
668 2494 790 2527 tamen
808 2491 942 2539 distuli,
962 2492 1095 2529 veritus
1116 2503 1162 2528 ne
1178 2494 1240 2527 aut
1261 2490 1307 2526 ab
1328 2489 1404 2526 aliis
1417 2489 1512 2526 dicta
1530 2499 1778 2536 recoquerem,

269 2567 333 2601 aut
360 2573 455 2598 nova
484 2559 599 2608 magis
631 2570 739 2607 quam
764 2571 851 2595 vera
876 2558 1063 2596 afferrem:
1094 2570 1212 2606 neque
1231 2557 1331 2604 haec,
1353 2569 1448 2607 quae
1467 2557 1537 2593 iam
1557 2555 1604 2592 ad
1622 2554 1676 2592 Te
1696 2566 1780 2605 per-

271 2629 418 2680 scripsi,
447 2628 552 2664 aliter
580 2626 734 2675 accipias
761 2638 868 2674 quam
891 2627 939 2662 ad
968 2626 1163 2663 voluntatis
1192 2638 1295 2662 meae
1321 2624 1614 2662 testificationem
1644 2622 1778 2673 scripta

272 2711 373 2743 esse,
414 2707 565 2746 quorum
597 2705 691 2742 quae
710 2704 797 2730 vera
822 2692 913 2739 sint,
955 2693 1066 2742 longe
1093 2706 1115 2730 a
1144 2693 1203 2730 Te
1231 2691 1356 2729 melius
1382 2691 1643 2736 scriberentur,
1683 2700 1778 2738 quae

271 2778 385 2808 nova,
415 2776 462 2799 ne
483 2765 678 2811 patronum
698 2760 843 2810 quidem
863 2773 1011 2810 sperare
1036 2761 1094 2799 Te
1123 2761 1301 2805 audeant3
1340 2758 1458 2795 officio
1478 2764 1600 2795 tamen
1619 2761 1776 2803 coactus,

272 2832 358 2871 nihil
376 2832 495 2868 dicere
518 2841 625 2878 quam
643 2833 762 2866 tacere
779 2827 897 2865 malui.
956 2829 1003 2865 Et
1024 2829 1090 2866 hoc
1115 2828 1262 2877 quidem
1287 2831 1388 2863 extra
1411 2826 1675 2863 dubitationem
1695 2836 1776 2861 esse

272 2900 441 2947 arbitror,
472 2901 610 2935 tantam
630 2897 818 2947 utriusque
841 2895 909 2934 loci
932 2896 1197 2934 similitudinem
1215 2907 1307 2941 esse,
1337 2898 1466 2931 utnon
1485 2892 1665 2944 prodiisse
1684 2890 1777 2929 alter
