1904 3304
601 241 951 283 THALIA.
1010 242 1073 281 Ill.

1389 243 1470 283 141

1531 357 1578 376 mo
1589 370 1597 385 ,
1613 348 1720 377 suadet
1737 348 1808 378 Ota-

1531 384 1760 450 3311?emocra

203 355 395 411 Μάγοισι
423 354 523 409 περὶ
543 357 631 398 τῶν
659 352 923 410 πρηγμάτων
951 351 1148 396 πάντων·
1198 351 1272 395 καὶ
1304 351 1474 408 ἐλέχθη-

202 439 284 470 σαυ
313 425 437 482 λόγοι
468 425 642 470 ἄπιστοι
670 426 750 482 μὲν
777 425 931 469 ἐνίοισι
955 422 1191 479 Ἑλλήνων,
1232 421 1473 480 ἐλέχθησαν

173 497 246 542 26’
280 493 356 542 ὦν.
412 497 596 554 Ὀτάνης
627 498 706 554 μὲν
737 496 903 541 ἐκέλευε
933 495 976 548 ἐς
1012 495 1146 552 μέσον
1177 494 1370 552 Πέρσῃσι
1400 511 1472 539 κα-

205 680 427 733 ἕλέχθησαν
467 676 509 721 δ’
543 676 630 732 ὦν]
681 676 722 720 δ’
749 674 811 737 οἷν

146 740 242 776 idem
273 741 348 776 fere
374 744 432 776 est
463 740 566 788 quod
593 734 714 777 οὐδὲν
736 738 811 786 ἠσ-

146 808 239 842 σον,
268 796 513 842 niliilomr'nus,
545 801 583 832 nt
604 795 666 844 IV,
684 795 720 835 5.
743 796 808 834 82.

146 853 356 902 Usurpatur
383 853 535 889 formula
564 853 599 888 in
634 863 809 888 enarran-

146 910 202 946 dis
224 910 279 954 iis,
297 921 392 957 quae
411 910 528 946 minus
547 908 731 945 credibilia
751 907 807 944 vel

146 967 286 1003 incerta
320 966 524 1002 videantur.
612 965 674 1001 Sic
708 964 807 1014 apud

145 1022 301 1059 Pausan.
331 1022 357 1068 I,
379 1024 446 1067 30,
477 1020 512 1072 ἓ.
535 1020 561 1062 4
585 1019 742 1073 λέγουσι
768 1015 807 1059 δ’

147 1072 256 1125 οὖν,
287 1078 347 1115 ubi
371 1078 615 1128 praecedebat
639 1076 731 1129 μέν,·
761 1077 808 1123 ll,

148 1137 198 1176 19
219 1135 280 1171 fin.
300 1133 457 1186 λέγουσι
487 1132 537 1173 δὲ
565 1130 710 1185 ὅμως.
748 1134 809 1171 Tu

145 1192 240 1228 conf.
261 1191 396 1228 Matth.
420 1192 484 1227 Gr.
502 1192 565 1229 Gr.
587 1205 671 1241 pag.
688 1189 808 1230 1274.

146 1247 204 1285 De
228 1248 307 1297 ipsa
331 1248 608 1293 deliberatione,
639 1261 734 1296 quae
754 1248 810 1283 in-

147 1308 202 1340 ter
221 1308 359 1354 septem
378 1305 510 1341 Persas
529 1304 736 1341 coniuratos
754 1303 810 1339 hic

146 1360 347 1397 instituitur
369 1361 414 1398 de
433 1361 555 1397 sutura
575 1361 715 1410 imperii
736 1361 811 1396 for-

147 1429 225 1463 ma,
255 1417 291 1453 in
325 1417 509 1454 Ctesianis
537 1417 725 1467 Excerptis
756 1417 811 1452 ni-

147 1473 195 1509 hil
225 1472 376 1510 relatum
403 1474 625 1519 invenimus,
656 1485 810 1522 eamque

145 1529 262 1579 ipsam
282 1531 344 1578 qui
368 1536 546 1578 negarent
567 1530 727 1566 habitam
752 1542 808 1566 es-

147 1598 200 1632 se,
235 1585 318 1623 olim
347 1588 528 1623 exstitisse
557 1587 719 1623 Graecos
742 1585 808 1622 ho-

145 1643 260 1679 mines
279 1643 390 1692 ipsius
408 1643 588 1680 Herodoti
606 1648 738 1690 aetate,
753 1642 809 1679 hic

145 1698 243 1735 locus
263 1699 428 1748 alterque
445 1699 507 1746 VI,
525 1698 578 1740 43
597 1700 685 1736 satis
705 1712 809 1736 mon-

146 1759 263 1792 strare
280 1756 436 1793 videtur.
485 1757 609 1800 Quare
629 1757 698 1793 iam
718 1755 807 1792 Val-

146 1812 250 1849 cken.
264 1813 310 1849 ad
324 1812 355 1848 h.
370 1811 393 1848 l.
409 1813 806 1862 pronuntiaverat‚He-

147 1869 316 1905 rodotum
337 1869 384 1905 de
407 1870 522 1906 tribus
546 1882 664 1907 rerum
687 1869 805 1919 publi-

148 1937 270 1959 carum
299 1925 515 1972 generibus,
545 1939 639 1974 quae
666 1925 806 1975 populi,

149 1993 243 2027 quae
263 1993 471 2029 paucorum,
494 1995 588 2030 quae
612 1982 715 2018 unius
737 1995 806 2031 po-

148 2040 284 2073 testate
320 2042 555 2085 regerentur,
607 2050 650 2074 ea
686 2039 805 2075 facere

149 2092 331 2140 Otanem,
364 2094 623 2143 Megabyzum,
653 2093 805 2130 Darium

148 2148 331 2194 dicentes,
363 2163 458 2199 quae
476 2164 543 2200 pro
566 2150 716 2199 singulis
739 2151 809 2187 dici

147 2218 258 2255 posse
287 2207 512 2254 viderentur,
538 2212 598 2243 aut
636 2220 731 2256 quae
763 2207 808 2243 ab

147 2260 225 2298 aliis
249 2262 343 2299 dicta
364 2264 597 2300 meminisset.
627 2264 719 2300 Cum
746 2276 809 2300 ve-

147 2331 187 2354 ro
208 2317 343 2355 Noster
364 2320 499 2357 diserte
525 2320 694 2366 affirmet,
717 2319 810 2356 hanc

148 2374 444 2413 deliberationem
467 2390 553 2413 vere
578 2377 738 2413 habitam
752 2389 810 2413 es-

149 2443 200 2474 se,
231 2435 269 2467 ut
292 2445 358 2481 pro
382 2433 473 2469 fictis
498 2434 583 2470 inde
608 2434 678 2469 ista
705 2433 810 2469 mini-

148 2499 206 2523 me
223 2486 358 2525 habere
376 2488 494 2536 liceat,
512 2495 809 2538 argumentorum

151 2555 325 2580 summam
357 2551 453 2582 certe
485 2546 585 2582 haud
616 2546 808 2583 confictam

149 2599 263 2635 videri
283 2601 429 2650 verique
447 2602 598 2639 subesse
610 2603 698 2651 quid
712 2602 810 2639 hisce

152 2653 337 2703 colloquiis
350 2659 529 2695 existimat
543 2659 688 2696 Heeren
698 2658 808 2696 ldeen

150 2710 179 2756 I,
202 2712 219 2748 1
245 2711 421 2759 pag.413
442 2727 532 2764 seq„
550 2716 727 2764 quamvis,
749 2716 812 2764 qui

151 2767 374 2804 orientalium
385 2769 566 2808 hominum
576 2776 743 2808 naturam
755 2772 813 2807 in-

151 2822 342 2872 dolemque
361 2826 493 2872 norint,
514 2827 555 2863 iis
575 2828 721 2866 minime
741 2828 811 2865 hoc

151 2879 300 2916 dubium
329 2893 410 2918 esse
436 2883 572 2932 possit,
603 2883 696 2922 hanc
718 2884 809 2922 deli-

867 679 1095 716 berationem
1123 680 1178 716 ita
1204 682 1244 715 ut
1265 682 1440 718 narratur
1465 692 1530 717 ne-

867 748 1050 785 quaquam
1095 748 1174 773 esse
1216 736 1375 774 habitam
1390 765 1401 783 ,
1463 737 1529 774 sed

869 793 1092 830 Graecorum
1119 793 1165 829 ad
1190 805 1308 830 mores
1339 800 1450 843 atque
1474 793 1530 830 in-

867 849 988 887 dolem
1010 850 1045 885 in
1067 849 1218 897 singulis
1233 863 1254 886 a
1275 851 1451 900 scriptore
1468 862 1530 887 ac-

865 906 1132 942 commodatam
1154 906 1404 955 effictamque3
1434 919 1528 956 quo—

865 975 943 999 rum
975 975 1019 1000 ex
1054 975 1156 999 more
1181 963 1381 1000 istiusmodi
1415 976 1530 1012 quae-

866 1020 1004 1056 stiones
1031 1019 1216 1055 tractandi
1239 1032 1382 1057 omnem
1404 1020 1529 1070 dispu-

865 1077 1017 1112 tationis
1048 1076 1385 1125 sententiarumque
1411 1089 1529 1126 aeque

866 1145 909 1169 ac
925 1133 1117 1169 verborum
1136 1131 1292 1170 colorem
1308 1134 1455 1170 ductum
1472 1146 1531 1170 es—

867 1202 905 1226 se
930 1190 1057 1225 credas
1079 1188 1171 1226 licet.
1212 1190 1417 1227 Creuzerus
1441 1189 1531 1240 (Die

866 1245 950 1282 hist.
973 1246 1098 1282 Kunst
1128 1246 1195 1283 der
1220 1246 1366 1284 Griech.
1389 1261 1426 1297 p.
1453 1249 1530 1288 108

868 1302 966 1350 seq.)
976 1302 1209 1339 Herodotum
1223 1304 1437 1353 scriptorem
1450 1316 1533 1341 cae-

866 1359 1010 1407 teroqui
1040 1359 1348 1396 accuratissimum
1383 1360 1531 1408 verique

868 1415 1068 1463 indagandi
1091 1419 1129 1452 et
1146 1417 1318 1452 narrandi
1340 1417 1532 1453 studiosis-

867 1471 1008 1518 simum,
1029 1472 1086 1508 hic
1108 1476 1255 1522 praeter
1274 1485 1410 1510 morem
1427 1473 1532 1522 sequi

866 1529 992 1564 statuit
1013 1529 1160 1575 famam,
1189 1541 1283 1578 quae
1302 1542 1345 1566 ex
1366 1530 1532 1566 Graeco-

865 1596 943 1620 rum
979 1585 1122 1621 inscitia
1166 1586 1316 1622 orientis
1357 1586 1531 1631 fluxerit3

865 1652 1033 1690 quaeque
1057 1642 1166 1679 fidem
1197 1646 1239 1678 ut
1260 1643 1435 1689 inveniat,
1464 1644 1531 1679 mi-

865 1697 962 1734 nime
993 1698 1139 1736 efficere
1167 1711 1233 1745 ea,
1264 1711 1359 1748 quae
1387 1699 1450 1746 vl,
1476 1699 1530 1740 43

863 1754 1106 1804 proferantur.
1153 1755 1383 1793 Herodotum
1407 1760 1531 1793 autem

868 1823 912 1847 eo
931 1811 1047 1858 magis
1071 1812 1118 1849 ad
1140 1811 1225 1848 talia
1246 1813 1459 1862 perductum
1478 1813 1531 1848 vi-

867 1867 945 1903 deri
962 1867 1051 1913 vult,
1071 1881 1144 1917 quo
1163 1870 1281 1917 magis
1297 1869 1387 1906 haec
1405 1873 1529 1919 aptam

866 1923 1077 1973 disputandi
1090 1927 1314 1963 occasionem
1324 1925 1530 1963 offerebant

866 1979 912 2016 de
925 1980 978 2027 iis,
990 1993 1085 2029 quae
1094 1985 1182 2018 tunc
1191 1982 1366 2032 temporis
1373 1983 1530 2019 maxime

866 2049 933 2085 per
955 2037 1133 2075 Graeciae
1153 2038 1315 2075 civitates
1337 2039 1531 2087 agitaban-

865 2096 933 2128 tur.
964 2092 1146 2141 Equidem
1166 2099 1205 2130 ut
1224 2095 1371 2131 minime
1383 2107 1529 2143 negem,

867 2150 1166 2187 deliberationem
1192 2152 1375 2199 quandam
1400 2152 1447 2188 de
1472 2164 1530 2188 re-

867 2207 928 2255 gni
941 2219 1147 2244 successore
1167 2208 1424 2244 constituendo
1446 2207 1530 2244 olim

866 2263 962 2300 inter
981 2268 1120 2313 septem
1141 2264 1334 2301 Persarum
1347 2264 1531 2314 principes

865 2319 990 2357 haberi
1002 2321 1169 2370 potuisse
1186 2321 1354 2369 adeoque
1370 2320 1534 2357 habitam

865 2377 990 2422 fuisse,
1014 2377 1185 2425 quoniam
1204 2390 1225 2413 a
1247 2390 1347 2415 more
1369 2378 1534 2425 gentium

867 2432 1095 2470 orientalium
1125 2433 1213 2469 talia
1236 2447 1309 2470 non
1338 2434 1533 2471 abhorrere

867 2502 976 2540 supra
995 2490 1161 2536 vidimus,
1188 2490 1237 2526 ita
1255 2490 1324 2527 hoc
1344 2503 1365 2527 a
1387 2503 1445 2527 me
1464 2491 1532 2527 mi-

867 2547 964 2584 nime
984 2547 1178 2596 impetrare
1198 2559 1361 2596 possum,
1392 2552 1432 2583 ut
1453 2560 1532 2585 eam

868 2602 1165 2640 deliberationem
1185 2616 1228 2640 eo
1247 2604 1371 2650 modo,
1394 2604 1435 2639 iis
1453 2616 1534 2640 ver—

869 2659 938 2705 bis,
970 2659 1099 2708 quibus
1124 2659 1159 2695 h.
1187 2658 1210 2696 l.
1239 2659 1418 2708 legimus,
1449 2659 1532 2696 olim

868 2716 1069 2752 institutam
1109 2728 1189 2752 esse
1232 2716 1401 2762 credam,
1451 2728 1532 2755 cum

868 2784 995 2809 omnes
1017 2772 1220 2808 istiusmodi
1239 2772 1472 2821 quaestiones
1487 2771 1533 2807 de

868 2828 1054 2877 regiminis
1085 2829 1202 2864 forma
1230 2829 1276 2865 ab
1307 2827 1532 2865 orientalium

867 2884 1055 2922 hominum
1074 2884 1195 2922 indole
1220 2888 1330 2933 atque
1352 2883 1531 2921 conditio-
