1904 3304
83 379 182 424 109
228 371 367 416 οὐδε
353 372 410 415 ε’ν.

226 445 361 500 βίοισι
387 442 626 496 ὑπόπτεροι
644 442 790 497 ὄφιες,
821 445 856 486 εἰ
886 442 1080 497 ἐγίνοντο
1113 440 1171 493 ώς
1199 440 1226 497 ἡ
1259 439 1391 496 φύσις
1422 440 1497 484 αὐ-

627 188 974 230 THALIA.
1032 189 1096 228 Ill.
1412 190 1495 229 201

230 301 253 346 ὁ
283 302 410 353 τόκος
439 300 547 352 ἐστὶ,
576 301 650 344 καὶ
679 299 728 344 τὸ
752 298 961 355 παράπαν
984 301 1169 344 λείπεται
1192 296 1360 342 αὐτέων
1379 295 1499 354 ὖγιες

460 370 542 422 Ὠς
573 371 618 414 δε
648 372 721 414 καὶ
755 373 799 415 αἱ
829 371 992 427 ἔχιδναί
1020 387 1089 422 τε,
1122 370 1194 413 καὶ
1225 371 1268 412 οἷ
1298 369 1344 411 έν
1371 367 1490 424 Ἀρα-
1502 376 1524 409 7

226 519 340 558 τοῖσι
387 515 587 570 ὑπάρχει,
640 514 722 557 οὐκ
769 513 826 556 ἂν
867 515 923 569 ἡν
970 511 1160 569 βιώσιμα
1207 510 1498 565 ἀνθρώποισι.

197 589 315 629 Ξνῦν
360 585 426 639 δ’,
475 585 606 629 ἐπεάν
652 586 934 640 θορνύωνται
972 601 1082 628 κατα
1123 583 1289 639 ζεύγεα,
1340 584 1415 627 καὶ
1454 582 1501 626 έν

228 656 338 714 αὐτῃ
368 659 395 714 ᾑ
427 657 450 701 ὁ
471 658 604 714 ε’ρσην
626 675 676 715 τη
697 656 934 713 έκποιήσει,
965 654 1232 710 οἷπιευμένου
1257 653 1397 699 αὐτοῦ
1418 653 1499 710 τήν

227 727 386 783 γονὴν,
424 747 451 785 η
489 728 626 785 θηλεα
665 729 842 772 ἅπτεται
881 731 957 784 τῆς
995 729 1159 783 δειρῆς,
1208 727 1282 770 καὶ
1312 726 1556 782 έμφῦσα,80

199 797 315 842 Βούκ
347 798 456 843 ἀνίει
484 800 588 854 πρὶν
618 800 673 842 ἂν
705 798 910 857 διαφάγῃ.

229 869 412 926 θνήσκει
441 869 585 928 τρόπῳ
615 874 675 929 τῷ
704 870 927 928 εἰρημένῳ.

228 939 332 996 ήνδε
362 939 555 987 α’ποτίνει
592 946 652 1000 τῷ
693 942 856 997 ἔρσενι·

174 1120 229 1156 ins
258 1119 336 1157 loco
366 1120 548 1157 Sancrosti
586 1120 676 1158 liber
712 1119 836 1159 melius

175 1175 316 1213 obtulit.
365 1177 432 1213 Est
452 1178 546 1214 enim
568 1190 716 1215 sensus:
741 1191 838 1223 „un-

177 1233 307 1281 guibus
325 1233 503 1270 obstantia
525 1234 713 1270 lacerando
731 1247 837 1284 pcne-

177 1291 298 1326 trat.“
356 1289 452 1326 Nam
490 1286 761 1341 καταγνιίφειν
791 1291 838 1326 si-

176 1345 411 1395 gnificatione
445 1347 503 1383 vix
532 1347 681 1383 multum
714 1347 837 1384 differt

176 1414 199 1438 a
232 1397 496 1452 καταμύσσειν
523 1407 560 1440 et
586 1403 837 1450 καταξαίνειν

179 1471 208 1495 s.
237 1458 476 1506 διαξαίνειν,
508 1472 580 1508 quo
608 1460 718 1497 verbo
750 1472 836 1496 usus

177 1519 235 1551 est
262 1515 389 1551 eadem
419 1516 455 1552 in
485 1528 525 1552 re
550 1514 692 1553 Aelian.
723 1515 771 1553 N.
793 1515 835 1552 A.

174 1570 237 1617 IV,
266 1570 333 1610 34.
366 1571 446 1608 coll.
477 1572 522 1609 V.
551 1572 598 1609 H.
629 1572 677 1618 X,
707 1574 745 1619 3,
776 1572 837 1608 ubi

175 1631 231 1664 est
257 1623 538 1679 καταγράφων.
612 1628 661 1665 Pr
646 1642 684 1665 ’Ὁ
712 1644 837 1677 κναμ-

175 1698 271 1730 πτω,
285 1685 383 1733 quod
396 1697 463 1734 pos
449 1685 608 1722 terioris
620 1690 676 1722 est
691 1685 837 1733 aetatis,

174 1745 315 1778 veteres
343 1741 511 1778 dixerunt
538 1757 701 1792 γναφω,
737 1757 784 1793 γν
789 1758 838 1779 α-

175 1811 272 1843 πτω,
288 1797 450 1847 pluribus
462 1804 635 1836 monente
647 1799 779 1835 Blomf.
803 1800 840 1835 in

178 1853 299 1890 Gloss.
321 1855 369 1890 ad
392 1854 555 1904 Aeschyl.
576 1855 679 1892 Pers.
698 1857 780 1896 582
801 1859 840 1892 et

178 1909 214 1946 in
234 1910 330 1946 Add.
353 1910 430 1947 coll.
451 1911 588 1948 Duker.
614 1916 652 1949 et
677 1911 837 1949 Goeller.

179 1967 228 2003 ad
250 1966 414 2016 Ἱ11υε)(].
430 1967 493 2013 ΙΙΙ,
510 1969 574 2008 58.
604 1969 723 2018 Supra
739 1969 839 2018 apud

178 2022 407 2060 Herodotum
430 2023 455 2070 I,
466 2024 589 2064 92i11v
593 2038 731 2061 enimus
745 2040 839 2062 κνα

179 2094 273 2127 φου.
292 2101 347 2106 -
379 2080 418 2116 In
449 2080 521 2117 fine
549 2094 629 2130 cap.
657 2082 704 2117 ad
729 2081 839 2117 verba

180 2131 307 2175 ου’ὃὲ
295 2135 336 2175 ἐν
358 2138 452 2174 conf.
474 2137 503 2184 Ι,
522 2138 576 2178 32
599 2137 685 2186 ibiq.
706 2142 781 2174 not.

383 2239 414 2277 C
424 2252 443 2275 a
454 2253 489 2290 p.
531 2238 628 2276 CIX.

235 2313 307 2357 οὔκ
332 2313 383 2356 (ἲν
411 2312 465 2369 ἦν
495 2313 690 2369 βιώσιμα]
725 2319 834 2356 Conf.

178 2373 310 2413 Matth.
342 2375 407 2412 Gr.
436 2376 503 2412 Gr.
535 2373 570 2425 §
601 2376 697 2422 443,
725 2380 758 2416 1.
781 2397 837 2403 -

179 2429 317 2478 Tangit
336 2431 425 2469 haec
446 2432 624 2469 Aristides
649 2432 696 2469 T.
721 2433 769 2468 III
800 2445 836 2482 p.

182 2486 257 2526 521
280 2485 342 2536 [Τ.
364 2488 396 2523 II
418 2488 547 2537 p.410
568 2487 752 2539 Dindorf]
775 2502 838 2526 eo-

182 2553 252 2589 que
282 2543 388 2579 etiam
416 2545 569 2581 Diodor.
596 2545 622 2591 I,
644 2547 697 2586 87
721 2545 836 2596 respi-

183 2609 262 2633 cere
296 2599 439 2636 videtur
468 2600 731 2648 Valckenario,
776 2603 838 2651 qui

182 2652 230 2688 ad
255 2656 441 2701 sequentia
463 2655 643 2694 Herodoti
662 2658 770 2695 verba
791 2659 840 2694 ci-

183 2712 239 2744 tat
261 2707 400 2746 Aeliani
425 2711 475 2748 N.
496 2711 541 2749 A.
570 2713 651 2761 XV,
676 2717 726 2754 16
759 2714 839 2751 coll.

183 2764 212 2813 I,
230 2766 295 2803 24.

239 2822 316 2859 νῦν
344 2816 405 2869 δ’,
426 2819 545 2862 έπεοῖν
565 2820 838 2877 θορνύωνται]

975 797 998 843 ὁ
1029 798 1107 853 μὲν
1140 797 1193 854 δή
1226 799 1355 854 ἔρσην
1386 796 1499 841 ἄπο-

987 869 1014 926 ἡ
1046 870 1091 913 δὲ
1109 869 1245 925 θήλεα
1272 871 1384 913 τίσιν
1413 887 1499 913 τοι-

911 944 970 999 τῷ
999 941 1122 998 γονέι·
1146 939 1411 998 τιμωρέοντα
1441 941 1502 984 ἔτι

894 1121 916 1158 i.
937 1119 1117 1170 equando
1144 1119 1193 1157 ad
1213 1121 1339 1157 coitum
1362 1122 1496 1165 coeunt,
1514 1123 1557 1156 ut

893 1183 990 1215 recte
1002 1190 1097 1213 nunc
1118 1177 1375 1227 interpretatur
1385 1176 1556 1225 Schwgh.

894 1234 930 1270 in
951 1232 1041 1270 Lex.
1054 1233 1208 1280 Herod,
1223 1234 1285 1282 qui
1302 1235 1400 1283 prius
1412 1234 1462 1270 sic
1473 1234 1559 1270 red-

895 1290 1062 1326 diderat:
1095 1291 1236 1338 quando
1258 1291 1305 1326 acl
1325 1291 1451 1326 coitum
1478 1289 1559 1326 libi-

895 1346 977 1383 dine
996 1348 1215 1383 concitantur
1236 1360 1264 1383 s.
1288 1349 1559 1395 agitantur.—

893 1403 941 1496 {pl
965 1416 1069 1499 δέξῃ.
1100 1404 1148 1441 ad
1172 1405 1325 1441 sormam
1352 1398 1485 1454 θήλεα
1511 1404 1557 1440 cf.

947 1488 957 1507 2
1003 1474 1039 1500 Ο·

950 1580 1017 1621 καὶ
1038 1581 1210 1633 ἐμφῦσα,
1243 1577 1318 1622 οὐκ
1342 1577 1459 1633 dazisi]
1492 1581 1558 1633 ε’μ-

896 1641 1007 1688 φῦσα
1030 1639 1260 1677 intransitive
1289 1641 1558 1691 accipiendum:

894 1699 1082 1742 znsz'stens,
1140 1697 1348 1743 inhaerens,
1389 1698 1559 1747 firmiter,

895 1754 1069 1790 mordicus
1091 1756 1220 1790 tenen&
1281 1753 1473 1791 Pertinent
1490 1754 1560 1790 huc

895 1810 1109 1848 Homerica:
1151 1809 1204 1849 ἐν
1235 1805 1275 1849 δ’
1305 1807 1385 1861 ἄρα
1416 1809 1457 1849 οἵ
1491 1811 1560 1859 φῦ

895 1867 995 1917 χειρί
1024 1866 1083 1914 (Il.
1105 1867 1168 1911 VI,
1188 1868 1283 1908 253.
1307 1866 1400 1908 406.
1424 1867 1558 1916 Odyss.

895 1923 941 1971 II,
960 1925 1055 1965 302.
1076 1923 1123 1969 X,
1144 1925 1237 1964 280.
1263 1925 1357 1964 397.
1378 1923 1443 1970 XI,
1457 1924 1558 1971 246)

897 1984 955 2017 et:
986 1975 1083 2026 ὄόαξ
1112 1975 1365 2029 ἐμφύντες
1393 1980 1560 2030 χείλεσιν

897 2036 990 2083 (Od.
1018 2036 1047 2084 Ι,
1074 2038 1168 2083 381,
1194 2036 1328 2083 XVIII,
1356 2036 1449 2077 409.
1476 2036 1560 2082 XX,

897 2093 1012 2140 268).
1070 2092 1152 2128 Alia
1180 2093 1287 2141 attigi
1309 2093 1356 2128 ad
1377 2092 1558 2128 Plutarch.

896 2149 1124 2199 Philopoem.
1149 2160 1234 2198 pag.
1255 2150 1305 2189 15
1328 2161 1405 2198 seq.
1426 2171 1476 2175 —
1499 2147 1559 2184 Ad

898 2201 1001 2245 α’νίει
1024 2205 1117 2242 conf.
1138 2210 1231 2241 nott.
1251 2205 1299 2241 ad
1315 2205 1387 2250 l‚6.
1416 2204 1558 2242 Eodem

895 2263 1015 2299 refero
1071 2261 1261 2298 lectionem
1317 2257 1560 2312 οἷπιευμένου

894 2318 1099 2357 Florentini
1122 2318 1201 2355 libri
1226 2319 1441 2355 auctoritate
1461 2331 1562 2356 rece-

893 2380 992 2426 ptam
1016 2375 1104 2425 cpro
1132 2376 1227 2424 vulg.
1250 2370 1562 2442 ’dntfpe'vov),a

893 2433 1011 2469 forma
1043 2426 1194 2476 α’πιέω,
1235 2426 1443 2482 α’πιέομαι,
1482 2444 1559 2468 me-

894 2489 993 2524 ‹lium
1029 2492 1148 2524 autem
1193 2488 1457 2537 significatione
1490 2487 1558 2524 hac

893 2546 1034 2581 seminzs
1057 2544 1239 2580 emittench
1256 2545 1433 2589 adhiberi,
1456 2547 1560 2594 patet

897 2614 939 2638 ex
961 2601 1023 2647 ΙΙΙ,
1049 2603 1137 2640 101.
1164 2623 1213 2628 -
1235 2600 1349 2638 Paulo
1379 2601 1471 2637 infra
1491 2613 1558 2650 pro

896 2658 953 2710 τῷ
979 2660 1109 2708 γονεῖ,
1141 2658 1242 2706 quod
1267 2657 1481 2694 mendosum
1505 2656 1559 2692 vi-

898 2714 1005 2751 detur
1022 2714 1144 2750 Struv.
1168 2714 1203 2750 in
1224 2713 1331 2763 Spec.
1348 2713 1380 2749 II
1403 2713 1558 2756 Quaest.

898 2770 945 2807 de
964 2769 1104 2807 dialect.
1125 2770 1266 2806 Herod.
1284 2782 1371 2820 pag.
1388 2772 1427 2815 7,
1451 2781 1557 2819 repo-

899 2828 952 2863 sui
975 2826 1105 2864 eodem
1125 2830 1273 2864 auctore
1295 2828 1350 2880 τῷ
1373 2822 1491 2877 γονέϊ.

1528 377 1545 409 5
1558 368 1594 395 ἲ
1588 376 1686 402 meras
1690 389 1698 403 ,
1717 371 1746 395 et
1765 376 1833 401 prn—

1556 411 1711 477 latinizantes
1724 437 1820 463 alatos

1558 471 1631 503 pigui
1636 478 1687 496 vre
1719 478 1755 497 ac
1781 478 1834 505 pa-

1559 513 1627 532 rcre
1645 504 1748 532 semel.

1702 403 1834 430 Arabiae
