1904 3304
478 254 1037 296 MELPOMENE.
1095 257 1156 294 IV.

1358 256 1443 296 425

187 367 405 411 Σαυλίου·
451 365 646 416 Σαύλιος
676 366 721 409 δὲ
752 359 808 422 ἦν
839 364 861 410 ὁ
892 365 1147 415 οἷποκτείνας
1174 361 1441 418 Ἀνάχαρσιν.

62 443 128 489 ΊἸ
183 439 338 480 Καίτοι
366 437 463 480 τινὰ
484 437 567 494 ἤδη
596 436 764 493 ἤκουσα
793 437 927 493 λόγον
958 436 1090 480 α’λλον
1113 434 1201 478 υπὸ
1222 439 1441 478 Πελοπον-

184 510 346 565 νησίων
374 508 630 564 λεγόμενον,
670 526 729 559 ως
759 506 846 552 ὑπὸ
876 512 960 552 τοῦ
990 506 1206 550 Σκυθέων
1235 505 1544 566 ssaocsteogffiss
1534 507 1580 566 daec

178 576 430 634 Ἀνοέχαρσις
462 578 782 636 ἀποπεμφθεὶς,
821 584 896 635 τῆς
923 577 1127 628 Ελλάὸος
1156 575 1352 632 μαθητής
1380 575 1444 631 γέ-

180 664 320 693 νοιτο·
364 650 501 693 ὀπίσω
530 667 573 694 τε
604 650 928 707 ἀπονοστήσας,
961 651 1068 705 φαίη
1097 648 1209 702 πρός
1237 646 1314 690 τὸν
1337 644 1444 689 ἀπο-

181 720 431 775 πέμψαντα,
458 722 670 778 ’Έλληνας
700 723 864 774 πάντας
897 720 1112 776 ἀσχόλους
1142 717 1253 762 εἶναι
1285 717 1328 768 ἐς
1366 721 1443 760 πᾶ-

182 802 266 834 σαν
286 794 471 848 σοφίην,
501 794 613 849 πλὴν
631 794 1009 849 Λακεδαιμονίων·
1050 789 1243 833 τούτοισι
1261 789 1306 832 δὲ
1332 787 1444 832 εἶναι

183 862 389 918 μούνοισι
419 864 661 920 σωφρόνως
691 867 850 909 δοῦναί
888 880 932 908 τε
961 862 1035 906 καὶ
1065 861 1272 912 δέξασθαι
1301 860 1501 916 λόγον.2ο

154 933 295 976 ΞἈλλ’
338 930 467 986 οὗτος
502 937 580 991 μὲν
609 935 631 979 ὁ
663 935 790 992 λόγος
820 935 959 985 ἄλλως
988 931 1217 977 πέπαισται
1247 929 1327 974 ὑπ’
1359 930 1444 974 av’-

182 1008 272 1047 τών
305 1004 522 1061 Ἑλλήνων
535 1022 543 1031 ·

185 1076 332 1132 εἰρέθη
345 1108 354 1126 ,
386 1077 618 1134 διεφθάρη.
669 1072 808 1128 Οὗτος
827 1076 906 1131 μέν
925 1091 1008 1118 νυν
1026 1073 1140 1117 οὕτω
1161 1070 1213 1128 δή
1232 1089 1273 1115 τι
1291 1072 1446 1129 ἔπρηξε

185 1146 257 1189 διὰ
289 1147 450 1199 ξεινικά
478 1163 522 1191 τε
551 1147 714 1204 νόμαια
742 1148 816 1192 καὶ
839 1146 1090 1205 Ἑλληνικὰς
1122 1144 1304 1201 ὁμιλίας.

128 1308 210 1350 esse.
260 1315 512 1354 Herodoteam
542 1317 685 1354 dicendi
716 1318 791 1354 for-

129 1370 261 1408 mulam
302 1373 465 1409 imitatus
495 1379 550 1411 est
578 1374 732 1410 Pausan.
761 1374 790 1421 I,

129 1429 156 1467 6
183 1425 218 1476 ᾗ.
250 1429 298 1474 8,
327 1429 387 1465 ubi
407 1430 477 1466 xid.
500 1430 677 1476 Siebelis;
717 1443 790 1479 quo

129 1491 304 1520 monente
325 1486 443 1534 potius
457 1488 694 1523 vertendum:
715 1489 790 1523 uti-

131 1551 194 1587 que
225 1553 248 1575 ιι
270 1539 391 1588 fratre
421 1541 627 1591 z'ntmfectus
654 1546 714 1578 est.
736 1564 786 1569 —-

127 1593 218 1631 Mox
255 1609 275 1633 e
312 1598 487 1634 Gronovii
533 1599 789 1636 emendatione

128 1650 229 1688 libris
258 1653 411 1700 probata
437 1654 561 1704 scripsi
589 1650 790 1703 α’δελφεοῦ

127 1720 195 1757 pro
238 1703 489 1756 α’δελφιδεοῦ.
545 1710 641 1748 Nam
677 1724 788 1749 manu

128 1764 248 1801 fratris
291 1767 399 1815 periit
436 1766 675 1814 Anacharsis,
721 1781 787 1819 pa-

128 1823 228 1858 truus
245 1820 400 1871 Ιάοιιιὴ)
403 1824 461 1860 rsi.

299 1879 406 1929 Cap.
436 1879 620 1917 LXXVII.

187 1928 307 1986 λόγον
333 1955 388 1962 —
418 1931 649 1987 λεγόμενον]
679 1935 789 1973 Conf.

130 1987 205 2036 IV,
246 1993 310 2031 12.
338 2013 390 2019 —
434 1992 522 2029 Mox
553 1993 654 2030 edidi
681 1992 790 2041 βασι-

132 2044 220 2092 λέος
244 2060 311 2097 pro
337 2049 540 2099 βασιλῆος.
581 2048 640 2085 Ad
664 2044 789 2087 ὀπίσω

132 2116 173 2140 τε
201 2097 479 2156 ἀπονοστήσας
503 2105 601 2143 conf
631 2109 722 2142 nott.
741 2105 790 2142 ad

131 2157 204 2205 Ill,
235 2162 298 2200 16

189 2211 342 2263 πάντας
370 2211 557 2267 ασχόλους
582 2212 684 2254 εἶναι
701 2231 737 2254 κ.
758 2230 790 2254 τ.

133 2272 190 2321 λ.]
223 2273 416 2311 Sententia
440 2277 518 2310 est:
549 2285 660 2309 omnes
677 2274 792 2310 Grae-

135 2342 189 2366 cos
216 2332 309 2366 omni
332 2332 521 2379 sapientiae
546 2330 703 2376 studere,
732 2342 792 2366 ex-

137 2388 242 2435 ceptis
279 2386 589 2432 Lacedaemoniis,
629 2387 691 2435 qui
729 2386 795 2422 soli

138 2442 198 2478 hoc
233 2442 419 2489 haberent,
448 2446 489 2479 ut
510 2443 703 2492 prudenter
723 2455 795 2478 ser-

137 2510 264 2534 monem
284 2500 407 2536 darent
428 2501 732 2549 reciperentques„
755 2502 796 2535 ut

139 2554 339 2603 Schweigh.
365 2556 548 2603 reddidit,
579 2560 619 2592 ut
636 2556 796 2605 prudens

140 2611 320 2647 consilium
344 2616 374 2647 et
395 2613 478 2649 clare
493 2616 631 2662 possent
653 2615 685 2649 et
707 2613 796 2648 reci-

135 2679 230 2715 pere.
261 2666 318 2703 Ad
331 2666 531 2715 Laconum,
551 2670 692 2719 opinor,
712 2681 795 2718 spe-

141 2726 215 2758 ctat
239 2735 395 2767 morem,
432 2726 494 2773 qui
522 2726 646 2775 paucis
676 2726 794 2762 verbis

143 2779 207 2814 sed
233 2778 273 2814 iis
295 2780 447 2817 maxime
467 2781 622 2818 definitis
642 2794 794 2831 respon-

143 2834 230 2870 ‹lere
252 2836 433 2885 animique
455 2849 562 2876 sensa
579 2839 719 2888 aperire
736 2851 795 2875 so-

143 2889 252 2927 leant.

904 1313 1032 1362 ἷίλλως
1058 1311 1294 1362 πέπαισται]
1334 1311 1506 1360 Schwgh.

847 1374 1129 1424 interpretatur:
1170 1369 1339 1417 „Temere
1362 1381 1424 1418 per
1455 1369 1510 1404 [ιι-

849 1430 931 1467 (Ιιιηι
970 1430 1182 1466 narraturf‘
1240 1426 1410 1474 Namque
1442 1423 1511 1463 πέ-

847 1499 1009 1525 παισται
1041 1498 1137 1521 nunc
1160 1498 1179 1521 e
1210 1483 1370 1532 pluribus
1402 1482 1510 1518 codd.

848 1544 1008 1589 editum,
1033 1541 1229 1578 accedente.
1250 1538 1352 1575 Valla
1375 1543 1412 1574 et
1434 1537 1512 1573 Eu-

847 1598 957 1635 stath.
994 1598 1041 1634 ad
1075 1596 1227 1633 Homeri
1259 1595 1392 1640 odyss.
1420 1603 1504 1644 pag.

848 1655 980 1700 1594,
1010 1654 1064 1694 47
1084 1665 1112 1690 S.
1144 1653 1247 1696 306,
1276 1653 1300 1690 6
1323 1655 1361 1686 et
1378 1655 1506 1687 tuente

845 1710 1065 1757 wesseling.
1088 1709 1123 1745 in
1140 1708 1237 1746 Diss.
1257 1707 1396 1743 Herod.
1418 1719 1506 1756 pag.

846 1770 913 1807 71.
954 1767 994 1803 In
1020 1765 1235 1802 Florentino
1263 1762 1416 1812 aliisque
1442 1774 1506 1799 ex-

845 1827 919 1860 stat
959 1821 1201 1868 πέπλασται,
1245 1820 1345 1868 quod
1383 1824 1507 1856 tuetur

845 1879 969 1930 Toup.
1000 1878 1183 1916 Emendd.
1210 1877 1247 1913 in
1276 1876 1378 1912 Suid.
1407 1875 1440 1911 II
1466 1888 1505 1924 p.

845 1936 926 1977 498
947 1937 997 1972 sic
1013 1940 1180 1972 vertens:
1210 1945 1326 1969 verum.
1347 1932 1430 1968 haec
1450 1932 1506 1968 Ιιῖ-

846 1994 957 2028 storia
988 1995 1039 2028 est
1062 2002 1192 2041 purum
1205 1993 1332 2039 putum
1353 1989 1507 2025 Graeco-

846 2061 923 2085 rum
971 2049 1205 2097 figmentunm
1276 2045 1507 2095 approbante

845 2104 1044 2142 Larchero.
1074 2104 1124 2140 At
1147 2101 1299 2148 παίζειν
1321 2102 1368 2138 de
1388 2102 1430 2137 iis
1451 2100 1508 2136 di-

847 2162 896 2207 ci,
938 2161 999 2209 qui
1025 2173 1089 2210 per
1115 2160 1234 2195 iocum
1264 2157 1375 2194 animi
1398 2168 1508 2193 causa

848 2217 936 2266 quid
958 2217 1140 2267 produnt,
1169 2219 1266 2251 recte
1290 2226 1439 2250 monere
1456 2213 1510 2249 vi-

849 2274 955 2311 detur
974 2271 1193 2319 lVesseling.
1222 2270 1351 2319 ltaque
1368 2268 1509 2307 πέπαι-

851 2341 937 2368 σται
973 2329 1072 2365 haud
1108 2328 1181 2364 scio
1214 2340 1260 2363 an
1293 2327 1343 2363 ita
1373 2326 1511 2362 dictum

851 2388 919 2434 sit,
967 2390 1007 2422 ut
1041 2385 1138 2435 apud
1167 2382 1350 2420 Plutarch.
1379 2381 1509 2419 Pericl.

851 2442 928 2483 24:
957 2440 1025 2480 καὶ
1045 2438 1140 2491 μετὰ
1157 2440 1319 2484 παιδιᾶς
1339 2435 1386 2477 τοὶ
1404 2439 1512 2488 πρῶ-

850 2514 898 2536 τα
946 2496 1169 2550 γέγραπται.
1236 2495 1343 2532 Conf.
1386 2495 1512 2543 Toup.

851 2556 900 2592 ad
927 2554 1086 2603 Longin.
1118 2552 1227 2600 XW,
1256 2555 1283 2592 2
1310 2564 1395 2601 pag.
1414 2550 1510 2592 315.

851 2611 993 2649 Weisk.
1016 2629 1070 2638 -—
1109 2608 1284 2646 Voculam
1307 2604 1433 2652 ἄλλως
1454 2607 1510 2643 in-

850 2670 1094 2717 terpretantur
1114 2661 1252 2717 μιῖτην.
1282 2665 1312 2701 V
1317 2665 1365 2701 id.
1382 2664 1510 2701 Ruhn-

851 2724 935 2761 ken.
964 2724 1012 2760 ad
1041 2723 1137 2760 Tim.
1162 2722 1204 2759 L.
1227 2721 1280 2759 Pl.
1308 2733 1396 2770 pag.
1418 2721 1510 2761 199.

851 2780 910 2818 Ad
942 2778 1078 2830 εἰρέθη
1104 2779 1198 2816 conf.
1223 2776 1355 2814 Matth.
1372 2790 1410 2827 p.
1426 2772 1509 2815 454

852 2841 891 2875 et
911 2837 1049 2874 Herod.
1067 2835 1139 2882 lV,
1173 2834 1262 2874 156.

911 2889 1014 2932 οὕτω
1038 2887 1088 2942 δή
1106 2906 1142 2929 τι
1164 2887 1321 2942 ἔπρηξε]
1341 2903 1389 2934 τι,
1410 2887 1509 2937 quod

1499 440 1776 480 Quidl‘colponne-

1500 483 1535 501 bn
1528 474 1654 507 iinanlg

1640 478 1669 499 ιιι
1692 474 1735 500 iil·
1729 482 1776 501 ιιιιι

1614 511 1700 533 caete

1635 544 1664 566 t
1675 540 1711 567 de
1723 541 1777 567 ha-

1519 549 1591 600 ιι1ειθι
1576 549 1701 601 ieiiouiis
1732 573 1776 601 di-

1500 608 1558 635 xit-15
1562 616 1590 637 e.

601 1004 624 1049 ὁ
670 1007 709 1050 δ’
752 1002 813 1050 ‹51›
852 1004 986 1061 ἀνὴρ,
1039 1002 1181 1056 ὥσπερ
1226 1000 1441 1057 πρότερον
1498 1020 1580 1059 317
