1904 3304
442 265 527 306 406

854 257 1318 298 HERODOTI

445 369 672 420 ἀπενείκας
700 369 780 424 μὲν
810 366 896 423 γάρ
926 365 1145 423 κεφαλὴν,
1187 368 1264 423 τῆς
1294 368 1414 423 ληΐης
1441 367 1707 423 μεταλαμβά-

416 447 514 485 3νει
541 440 621 496 τὴν
650 438 706 482 ἂν
734 437 924 494 λάβωσι·
970 438 1028 494 μή
1059 437 1222 488 ἐνείκας
1251 439 1320 489 δὲ,
1363 439 1430 481 οὕ.

446 511 491 555 δὲ
522 509 659 566 αὐτὴν
687 508 834 564 τρόπῳ
864 510 1032 564 τοιῷδε.

1490 436 1707 492 ἀποδείρει

1087 507 1335 563 περιταμώυ
1359 506 1503 566 κύκλῳ
1533 510 1631 563 περὶ
1653 508 1707 552 τοὶ

447 575 556 631 ὦτα,
597 580 671 623 καὶ
700 579 942 635 λαβόμενος
970 583 1046 634 τῆς
1074 582 1264 634 κεφαλῆς
1293 578 1461 622 ἐκσείει·
1505 579 1610 635 μετὰ
1644 579 1735 631 δὲ,5

447 651 657 704 σαρκίσας
687 649 793 706 βοός
824 654 1012 707 πλευρῇ,
1053 649 1173 701 δέψει
1201 652 1298 706 τῇσι
1327 650 1470 705 χερσί·

1517 648 1709 707 ὄρνήσας

448 720 494 764 δὲ
526 720 656 774 αὐτὸ,
688 721 763 765 ἅτε
791 722 1105 778 χειρόμακτρον
1134 720 1320 774 ἔκτηται·
1367 719 1414 763 ἐκ
1444 721 1489 763 δὲ
1521 724 1610 763 τῶν
1638 738 1710 777 χα-

448 795 584 835 λινῶν
628 796 708 836 τοῦ
745 794 883 836 ἵππου
920 790 1000 834 τὸν
1041 788 1174 841 αὐτὸς
1222 788 1417 842 ἐλαύνει,
1464 790 1511 833 ἐκ
1548 791 1710 835 τούτου

420 862 643 915 4ἐξάπτει,
673 864 746 908 καὶ
766 862 1005 920 ἀγάλλεται.
1039 862 1087 914 ὃς
1113 862 1197 919 γὰρ
1232 860 1287 904 ἄν
1316 865 1493 904 πλεῖστα
1523 861 1711 917 δέρματα

393 1024 539 1078 κόμιον
568 1025 646 1081 πρὸ
672 1031 747 1069 τοῦ
763 1028 891 1068 ἵππου
916 1031 1053 1080 φορεῖς

393 1086 476 1133 ubi,
507 1086 637 1123 eodem
664 1092 836 1124 monente
854 1086 1054 1123 Wesselin-

393 1141 469 1190 gio‚
489 1136 634 1191 κόμιον
654 1155 740 1192 pars
759 1146 814 1180 est
830 1142 931 1192 pellis
945 1141 1054 1191 capiti

394 1199 596 1246 detractae,
618 1199 776 1235 crinibus
793 1199 937 1244 vestita,
960 1210 1054 1246 quae

392 1254 586 1292 Herodoto
618 1250 921 1305 χειρόμακτρον,
954 1266 1054 1289 man-

393 1310 465 1346 tile.
502 1310 551 1346 Et
565 1311 727 1347 referunt
744 1311 814 1347 huc
828 1323 972 1359 quoque
986 1310 1055 1345 So-

392 1365 512 1417 phoel.
527 1367 561 1402 in
576 1367 756 1404 Oenomai
768 1368 933 1415 fragmm.
957 1365 1056 1415 apud

393 1422 524 1460 Athen.
549 1423 612 1469 IX,
647 1426 697 1463 18
728 1423 821 1469 (79)
850 1437 884 1473 p.
910 1420 991 1462 410
1012 1422 1055 1458 C.

395 1477 490 1524 (coll.
506 1478 575 1515 XII
586 1492 622 1528 p.
634 1478 716 1520 524
728 1479 770 1515 E.
787 1480 907 1527 ibique
919 1479 1057 1515 Casan-

394 1535 479 1572 bon.
500 1539 538 1572 et
556 1535 763 1583 Schweigh.
784 1535 830 1573 T.
847 1535 897 1571 VI
917 1548 952 1584 p.
973 1536 1055 1574 393

395 1592 519 1640 seqq.)
550 1591 710 1639 Hesych.
739 1604 767 1627 s.
794 1604 829 1627 V.
859 1589 1057 1628 Σκυθιστὶ

394 1643 690 1698 χειρόμακτρον.
731 1647 777 1683 Τ.
807 1647 840 1683 ΙΙ
869 1661 906 1697 p.
934 1648 1056 1686 1222.

395 1703 488 1741 Plin.
511 1703 562 1740 H.
575 1703 622 1740 N.
644 1703 723 1747 Vll,
746 1707 772 1743 2
795 1704 954 1750 itemque
976 1715 1057 1740 ver-

395 1760 481 1797 bum
519 1754 793 1798 οἷποσκυθίσαι
822 1759 965 1809 (pellem
997 1772 1056 1795 ca-

392 1817 482 1867 pitis
526 1829 602 1852 cum
643 1816 798 1852 crinibus
840 1816 1055 1861 detrahere),

396 1872 496 1921 quod
524 1885 597 1909 non
619 1885 641 1909 a
663 1885 763 1909 more
784 1872 998 1921 Scytharum
1020 1873 1056 1908 in

396 1928 493 1965 luctu
531 1933 640 1978 caput
675 1929 876 1976 tondendi,
916 1929 980 1966 sed
1010 1928 1056 1964 ab

397 1984 465 2021 hoc
492 1985 572 2034 ipso
595 1985 810 2034 Scytharum
831 1998 952 2031 more,
983 1997 1057 2033 quo

398 2041 555 2078 hostium
575 2040 668 2078 bello
684 2042 982 2090 interemptorum
998 2054 1058 2077 ca·-

396 2098 474 2148 pita
490 2097 643 2146 pellibus
660 2098 840 2134 nudarent
858 2098 974 2146 iisque
992 2110 1058 2148 pro

398 2153 602 2191 mantilibus
622 2158 822 2200 uterentur,
851 2155 981 2191 merito
1002 2167 1059 2191 re-

398 2213 538 2260 petunt.
582 2209 641 2247 De
671 2223 743 2258 quo
767 2209 870 2259 plura
893 2210 1059 2256 Leunep.

398 2267 447 2303 ad
472 2265 652 2303 Phalarid.
672 2265 791 2317 Epist.
820 2269 870 2307 13
899 2279 985 2318 pag.
1007 2268 1059 2308 73

400 2334 503 2370 seqq.

456 2376 619 2426 ἐκσείει]
673 2378 826 2426 extulit,
873 2382 913 2415 ut
954 2378 1060 2416 Valla

399 2434 520 2470 vertit.
551 2434 705 2470 Comma
725 2438 809 2471 aute
827 2435 918 2471 hanc
933 2448 1058 2472 vocem

399 2489 510 2536 vulgo
567 2490 722 2538 positum
737 2517 748 2535 ,
808 2490 927 2528 delevi
981 2504 1060 2528 cum

401 2545 603 2593 Schweigh.
624 2550 660 2582 et
680 2546 797 2583 Gaisf.
811 2574 821 2593 ,
851 2548 902 2583 ita
920 2552 958 2584 ut
978 2547 1059 2585 iun-

401 2606 533 2651 gantur
557 2604 627 2651 τῆς
657 2604 836 2651 κεφαλῆς
863 2602 1000 2642 ἐκσείει
1024 2607 1060 2641 et

400 2659 450 2696 ad
465 2653 679 2708 λαβόμενος
688 2663 810 2696 mente
820 2660 1060 2697 subaudiatur

401 2716 475 2753 τοῦ
495 2712 695 2764 δέρματος.
728 2714 1057 2764 Vulgatamlectio-

402 2783 487 2807 nem
516 2769 610 2817 ε’ξίει
633 2774 752 2807 tuetur
776 2770 942 2821 Lennep.
972 2772 992 2808 l.
1021 2772 1059 2820 l,‚

403 2826 452 2864 ad
487 2839 597 2875 quam
633 2827 851 2877 subintelligi
878 2827 956 2864 vult
984 2826 1058 2879 τήν

403 2879 585 2934 κεφαλήν
640 2882 683 2923 ἐκ,
738 2885 810 2924 τοῦ
857 2881 1057 2935 δέρματος.

1110 1025 1442 1075 Schweighaeuser.
1486 1030 1585 1065 recte
1627 1030 1771 1065 secutus

1111 1089 1166 1122 est
1191 1084 1301 1121 Italus
1322 1083 1526 1133 interpres;
1556 1085 1771 1130 „incidendo

1106 1153 1226 1190 presso
1264 1140 1295 1176 Ie
1333 1139 1481 1175 oreccln'e
1513 1141 1772 1178 cz'rcolarmente

1112 1196 1148 1233 la
1175 1200 1251 1232 cute
1271 1208 1287 1231 e
1311 1195 1569 1244 prendendum,
1601 1197 1639 1233 [α
1658 1201 1772 1234 scuote

1112 1252 1215 1289 dalla
1250 1253 1380 1288 testa.“
1433 1251 1514 1289 Nec
1551 1253 1655 1290 aliter
1695 1254 1773 1292 sere

1111 1308 1226 1345 Miot:
1275 1307 1330 1355 „il
1365 1307 1499 1345 ecorche
1534 1322 1586 1345 ces
1615 1309 1702 1346 tetes
1730 1322 1773 1347 en

1112 1365 1262 1401 taillant
1287 1364 1324 1400 la
1343 1377 1436 1413 pean
1459 1377 1500 1400 en
1519 1366 1625 1402 cercle
1643 1369 1773 1402 autom·

1113 1422 1172 1458 <les
1191 1420 1325 1457 areales
1343 1424 1377 1457 et
1398 1420 1436 1457 la
1453 1421 1598 1459 cletaclte
1615 1424 1713 1459 ainsi
1731 1423 1774 1459 cle

1113 1478 1150 1514 ἰα
1167 1479 1287 1527 partie
1310 1480 1482 1514 osseuse.“
1509 1500 1560 1506 —
1591 1478 1649 1516 Ad
1675 1490 1773 1529 σαρ-

1113 1534 1226 1578 κίσας
1246 1534 1358 1570 citant
1380 1533 1562 1572 Pollucem
1584 1535 1639 1581 ΙΙ,
1673 1538 1772 1576 133:

1111 1587 1319 1640 Ἡρόδοτος
1361 1586 1426 1635 δὲ,
1467 1592 1684 1640 Σαρκίσαι,
1727 1589 1773 1632 τό

1113 1648 1186 1685 τοῦ
1207 1644 1396 1695 δέρματος
1419 1643 1494 1696 τήν
1517 1643 1644 1698 σάρκα
1670 1643 1775 1696 οἶφε*

1112 1705 1207 1741 λεΐν.
1260 1702 1291 1739 C
1299 1714 1326 1738 r.
1386 1704 1528 1740 confert
1586 1704 1774 1742 Posidonii

1112 1759 1233 1796 Rhod.
1261 1760 1428 1806 fragmm.
1465 1772 1553 1809 pag.
1586 1760 1665 1801 135
1694 1773 1774 1812 seq.

1113 1816 1236 1864 ibique
1253 1815 1370 1852 Bake.

1171 1867 1371 1922 ὀργήσας]
1405 1870 1475 1908 Alii
1504 1866 1687 1923 ὄργίσας,
1717 1873 1775 1911 id-

1114 1940 1186 1976 que
1205 1929 1313 1965 etiam
1332 1927 1466 1965 Glossa
1481 1928 1696 1967 Herodotea
1713 1942 1776 1967 ex-

1114 1984 1216 2021 hibet
1257 1983 1437 2034 explicans
1478 1981 1664 2035 μαλᾶξας.
1716 1985 1774 2022 Ex

1113 2041 1217 2078 Porti
1245 2041 1499 2079 emendatione
1527 2043 1632 2079 fluxit
1661 2037 1776 2094 ‹39ch-

1116 2108 1199 2144 σας,
1222 2098 1320 2145 quod
1341 2097 1687 2147 Schweighaeusero
1717 2100 1775 2146 (in

1114 2152 1195 2190 Lex
1214 2153 1352 2191 Herod.
1373 2167 1402 2190 s.
1423 2155 1475 2202 v.)
1506 2154 1676 2204 placeret,
1705 2155 1775 2192 nisi

1115 2211 1339 2256 verendum,
1369 2223 1416 2247 ne
1435 2224 1501 2260 pro
1523 2205 1697 2262 ὀργοὶζειν
1716 2212 1774 2248 Ιο-

1115 2279 1180 2303 nes
1200 2267 1355 2303 dixerint
1371 2262 1543 2317 &pyl‘gsm
1574 2266 1623 2304 At
1643 2267 1773 2304 Ruhn-

1117 2323 1226 2360 keuio
1255 2323 1303 2359 ad
1325 2322 1468 2361 Timaei
1496 2322 1586 2361 Lex.
1613 2323 1705 2361 Plat.
1735 2337 1773 2374 p.

1119 2380 1199 2419 180
1229 2373 1388 2430 ὀργίσας
1415 2384 1537 2416 natum
1563 2380 1709 2417 videtur
1730 2393 1775 2418 ex

1117 2447 1288 2485 οργησας
1326 2448 1348 2472 a
1372 2436 1482 2472 verbo
1512 2430 1663 2486 ὄργάω,
1702 2449 1775 2486 quo

1116 2492 1340 2540 siequeutior
1378 2503 1465 2529 sme
1509 2492 1623 2529 altera
1658 2493 1774 2530 forma

1116 2548 1295 2584 invenitur
1312 2542 1503 2598 οργαζειν.
1528 2548 1555 2584 W
1555 2548 1634 2586 alet
1653 2554 1773 2587 autem

1116 2606 1298 2640 mater-cam
1337 2616 1366 2643 s,
1405 2616 1555 2641 nmssam
1586 2606 1774 2655 quamlibet

1116 2661 1289 2707 subigere,
1304 2672 1492 2708 macerare,
1516 2661 1660 2699 mollire.
1687 2662 1774 2699 Plu-

1116 2729 1156 2753 ra
1182 2716 1366 2754 Ruhnken
1394 2716 1418 2754 l.
1446 2716 1466 2754 l.
1508 2718 1569 2756 Tu
1595 2719 1705 2758 etiam
1725 2719 1773 2756 cf.

1115 2772 1186 2820 lV,
1219 2774 1308 2813 199.

1171 2827 1238 2866 καὶ
1276 2824 1507 2881 α’γάλλεται]
1549 2831 1572 2868 ἱ.
1607 2844 1639 2870 e.
1670 2843 1773 2880 eoque

1114 2885 1303 2934 gloriatur.
1343 2886 1400 2924 Cf.
1419 2887 1559 2925 Herod.
1588 2887 1659 2934 IX,
1691 2889 1770 2929 109
