1904 3304
466 240 549 279 290

439 353 461 387 3
474 346 651 401 ἔνερθεν
663 381 674 399 ,
705 346 848 402 ὄφιος.

895 236 1363 276 HERODOTI

907 344 1060 389 ἰδόντα
1090 346 1137 390 δὲ
1166 347 1240 390 καὶ
1269 346 1596 402 θωυμάσαντα,
1627 347 1732 391 ἐπεί-

469 419 624 471 ρεσθαί
652 434 728 472 μιν
757 419 797 460 εἴ
823 433 907 461 κον
936 418 1026 461 ἰ’δοι
1055 418 1217 468 ἵππους
1245 418 1547 473 πλανωμένας·
1584 416 1664 472 τήν
1684 416 1729 460 δὲ

470 489 632 544 φάναι,
673 488 842 544 ἑωυτήν
881 487 1013 543 ἔχειν,
1061 489 1134 532 καὶ
1178 487 1260 532 οὐκ
1299 487 1541 532 ἀποδώσειν
1581 488 1729 543 ἐκείνῳ

469 561 575 615 πρὶν
602 559 630 615 ἥ
661 560 705 602 οῖ
733 563 962 614 μιχθῆναι·
1001 559 1081 603 τὸν
1110 559 1156 603 δὲ
1178 557 1397 612 “Ηρακλέα
1426 563 1633 615 μιχθῆναι
1663 559 1730 602 ἐπὶ

441 635 534 690 4τῴ
575 634 720 687 μισθῷ
753 631 908 689 τούτῳ.
965 632 1113 686 κείνην
1143 646 1187 673 τε
1218 629 1270 686 δή
1301 630 1626 686 ὑπερβαλέσθαι
1654 631 1787 686 τὴνόο

469 701 685 746 ἀπόδοσιν
713 704 804 744 τῶν
834 702 999 751 ἵππων,
1032 702 1306 758 βουλομένην
1337 703 1394 753 ὡς
1412 705 1610 746 πλεῖστον
1631 699 1730 758 χρό-

468 789 552 816 νον
593 776 789 816 συνεῖναι
817 776 878 829 τῷ
911 771 1129 826 ἹΙρακλέϊ·
1179 774 1378 826 καὶτὸν,
1422 772 1729 828 κομισάμενον,

440 844 636 888 5ἐθέλειν
675 841 1045 887 ἀπαλλάσσεσθαι.
1090 844 1211 895 τέλος
1232 843 1297 892 δὲ,
1328 842 1629 886 ἀποδιδοῦσαν
1651 842 1730 886 αύ-

412 1033 480 1071 pro
503 1021 660 1070 posteris
684 1020 890 1057 colonorum
911 1020 1073 1057 Graeco-

413 1090 512 1123 rum,
542 1076 767 1114 Milesiorum
795 1078 979 1127 inprimis,
1010 1077 1072 1125 qui

414 1133 527 1170 multo
558 1138 645 1183 post
676 1134 822 1170 dvmum
851 1135 887 1170 in
918 1134 984 1170 hac
1008 1145 1071 1169 ora

414 1189 671 1237 consederint,
702 1190 861 1226 habendi
882 1190 965 1226 sint.
1013 1188 1072 1226 Ad

413 1245 572 1283 fabulam
591 1246 637 1283 de
656 1246 851 1292 Echidna,
883 1258 978 1294 quae
997 1258 1071 1281 non

414 1303 481 1339 nisi
520 1302 693 1339 similibus
736 1302 867 1339 fabulis
906 1301 1074 1338 illustrari

414 1362 545 1408 queat,
575 1358 671 1396 idem
698 1359 803 1396 affert
825 1359 1072 1395 narrationem

414 1416 462 1452 de
495 1415 752 1464 serpentibus,
792 1416 922 1465 quibus
957 1415 1073 1452 Neuri

414 1472 498 1518 (lV,
518 1471 610 1517 105,
640 1472 699 1508 ubi
721 1472 793 1508 vid.
816 1473 926 1519 nott.)
957 1471 1074 1519 fugati

412 1529 567 1573 suerint,
613 1528 772 1576 itemque
809 1529 983 1565 admonet
1014 1528 1075 1564 ln-

415 1584 486 1620 dici
506 1584 662 1621 numinis
682 1585 862 1631 Vischnu,
894 1585 956 1633 qui
983 1585 1073 1621 deus

414 1639 452 1677 in
482 1641 598 1691 prima
624 1642 827 1678 mutatione
858 1641 933 1678 sive
956 1641 1074 1678 incar-

414 1697 562 1734 natione
601 1698 846 1747 conspiciatur
881 1698 1074 1742 semideus,

415 1765 459 1790 ea
488 1753 626 1802 figura,
656 1767 751 1803 quae
780 1767 825 1791 ex
850 1753 1005 1791 hominis
1033 1766 1075 1790 ae

414 1810 522 1860 piscis
540 1810 701 1859 partibus
722 1811 833 1847 mixta
854 1811 918 1857 sit,
948 1811 996 1847 ad
1018 1810 1075 1846 in-

415 1870 490 1903 star
512 1866 605 1904 deae
626 1867 809 1915 Syriacae.
842 1867 926 1910 Quo
943 1867 1074 1904 eodem

414 1922 508 1959 hanc
530 1923 663 1960 samam
688 1922 837 1960 relatam
857 1923 932 1960 vult
943 1924 1074 1960 Ritter.

415 1978 587 2016 Vorhalle
607 1992 692 2029 pag.
714 1982 789 2025 64,
819 1993 898 2017 cum
923 1992 1074 2030 serpens

415 2034 483 2072 hac
514 2036 551 2072 in
581 2049 619 2073 re
648 2049 722 2072 non
752 2036 898 2074 differat
924 2049 945 2073 a
973 2037 1075 2087 pisci,

414 2092 574 2141 indeque
609 2105 676 2129 nos
708 2093 817 2130 ducat
847 2093 894 2129 ad
922 2094 1076 2143 primam

415 2148 530 2185 Indici
548 2150 703 2186 numinis
720 2151 1003 2186 incarnationem
1019 2162 1077 2187 re-

415 2217 567 2254 rumque
586 2218 631 2243 ex
651 2218 747 2255 aqua
772 2207 1073 2258 procreationem.

471 2314 567 2368 πρὶν
589 2313 618 2367 ἤ
635 2317 676 2356 οἷ
696 2317 906 2370 μιχθῆναι]
929 2320 969 2355 In
982 2319 1074 2355 duo-

415 2372 484 2408 bus
537 2372 635 2409 libris
697 2376 838 2424 scriptis
895 2376 1073 2413 invenitur

416 2430 545 2482 μιχθῇ
558 2457 568 2475 ,
598 2430 634 2466 in
649 2429 724 2466 aliis
743 2432 986 2481 compluribus
1007 2432 1073 2468 de-

416 2489 474 2522 est
491 2485 616 2521 vocula
633 2483 671 2535 ἤ.
705 2486 782 2523 Nos
802 2488 999 2536 pleniorem
1019 2488 1073 2524 lo-

415 2541 596 2577 cutionem
615 2543 840 2591 retinuimus,
870 2545 942 2593 qua
961 2545 1072 2582 etiam

414 2597 500 2634 alibi
521 2596 657 2635 Noster
678 2600 815 2645 utitur,
855 2614 887 2636 v.
910 2614 939 2637 c.
963 2601 1009 2647 11,
1034 2603 1071 2640 2.

414 2652 691 2699 lV,147.167.
711 2655 756 2701 V,
770 2656 835 2696 65.
858 2656 921 2702 lX,
947 2659 1007 2697 13.
1020 2658 1073 2698 93

415 2709 476 2746 fin.
490 2736 501 2755 ‚
530 2710 591 2746 ubi
615 2710 719 2747 simili
743 2712 853 2747 modo
873 2712 968 2749 inter
986 2726 1075 2749 con-

414 2766 608 2803 iunctivum
625 2771 662 2804 et
679 2767 896 2805 infinitivum
918 2769 1017 2807 δώσι
1039 2773 1076 2806 et

416 2816 561 2861 δώσειν
583 2822 662 2859 libri
683 2825 870 2861 fluctuant.
924 2824 981 2862 De
1001 2838 1074 2874 quo

415 2891 437 2915 a
458 2891 516 2916 me
537 2880 723 2917 consultus
743 2882 785 2918 C.
798 2882 858 2918 Fr.
871 2881 1074 2919 Hermann.

1129 1021 1179 1056 ita
1201 1020 1343 1056 scribit:
1375 1018 1500 1068 ,,πρὶν
1521 1016 1547 1070 ἦ
1560 1019 1686 1057 Atticis
1699 1033 1789 1071 poe-

1131 1078 1176 1113 tis
1210 1077 1392 1113 abiudicat
1422 1076 1611 1114 Elmsleius
1643 1078 1692 1113 ad
1715 1078 1788 1114 Eu-

1129 1134 1234 1183 ripid.
1256 1134 1355 1170 Med.
1383 1146 1418 1182 p.
1451 1135 1542 1174 112.
1603 1133 1787 1179 Debebat‚

1130 1195 1170 1227 ut
1192 1190 1344 1239 opinor,
1383 1190 1531 1226 omnino
1554 1190 1708 1227 alienum
1732 1191 1788 1227 di-

1130 1259 1211 1283 cere
1232 1246 1276 1281 al)
1300 1250 1460 1282 veterum
1478 1245 1681 1283 Atticorum
1702 1260 1788 1283 con—

1130 1302 1369 1339 suetudine-‘⁶
1430 1302 1484 1339 lta
1511 1302 1681 1340 Dindorf.
1709 1303 1788 1339 Ind.

1130 1359 1176 1396 ad
1202 1358 1384 1408 Aristoph.
1409 1358 1455 1395 T.
1476 1358 1525 1394 Vl
1547 1372 1582 1409 p.
1604 1361 1696 1399 602.
1721 1359 1788 1396 Ni-

1130 1415 1257 1452 mirum
1290 1415 1429 1462 Reisig.
1457 1413 1636 1466 Apparat.
1678 1416 1788 1452 critic.

1131 1472 1178 1509 ad
1198 1471 1367 1521 Sophocl.
1394 1472 1488 1508 Oed.
1515 1472 1596 1509 Col.
1622 1485 1659 1522 p.
1691 1474 1788 1513 180:

1130 1528 1301 1575 „videtur
1326 1528 1446 1565 media
1474 1529 1619 1566 demum
1646 1529 1789 1566 dialecti

1130 1585 1277 1621 Atticae
1298 1589 1421 1621 aetate
1446 1584 1685 1622 increbruisse
1707 1591 1745 1622 et
1767 1597 1789 1621 a

1130 1641 1314 1678 veteribus
1335 1640 1400 1676 illis
1423 1639 1572 1687 Atticis,
1603 1640 1789 1690 Thucydi-

1131 1698 1196 1743 de,
1228 1697 1493 1747 Aristophane,
1536 1710 1684 1747 prorsus
1708 1710 1789 1736 esse

1130 1753 1334 1791 alienum.“
1397 1753 1530 1802 Neque
1574 1767 1658 1792 vero
1705 1754 1788 1802 huc,

1131 1824 1240 1860 quem
1272 1809 1378 1847 affert
1413 1810 1598 1847 Schaefer.
1638 1811 1685 1847 ad
1713 1810 1789 1848 De-

1130 1867 1307 1904 mosthen.
1329 1865 1378 1902 lV
1406 1879 1443 1916 p.
1465 1866 1547 1907 564
1567 1866 1684 1904 locum
1702 1866 1787 1904 Pla-

1131 1925 1226 1960 tonis
1248 1923 1305 1960 De
1326 1935 1403 1972 rep.
1426 1923 1474 1959 Vl
1492 1936 1528 1972 p.
1549 1923 1645 1969 501,
1663 1924 1789 1961 referri

1131 1993 1241 2031 posse
1253 1979 1468 2016 monstravit
1480 1978 1693 2028 Stallbaum,
1710 1993 1791 2017 mu-

1132 2041 1210 2073 tata
1239 2036 1306 2073 loci
1336 2036 1638 2086 interpunctione.
1690 2037 1790 2074 Add.

1133 2094 1180 2130 G.
1204 2093 1405 2130 Hermann.
1431 2092 1590 2142 Opuscc.
1621 2092 1670 2129 lll
1700 2106 1787 2144 pag.

1134 2152 1238 2191 230:
1270 2149 1423 2196 „Etiam
1444 2149 1479 2186 in
1495 2162 1608 2198 prosa
1626 2151 1791 2187 oratione

1132 2219 1252 2243 rarum
1273 2211 1327 2244 est
1348 2203 1444 2256 πρὶν
1467 2201 1514 2255 ἦ,
1547 2206 1577 2242 si
1598 2206 1645 2242 ad
1667 2218 1789 2243 exem-

1131 2263 1193 2313 pla
1212 2263 1300 2299 nudi
1330 2260 1426 2311 πρὶν
1455 2273 1652 2311 compares.
1715 2261 1791 2298 Cur

1130 2318 1245 2357 vero?
1283 2318 1427 2368 Nempe
1461 2318 1545 2366 quia
1577 2317 1789 2367 plerumque

1129 2374 1225 2426 πρὶν
1256 2375 1325 2411 dici
1352 2387 1409 2411 res
1440 2372 1624 2423 postulat,
1671 2376 1785 2411 rarius

1130 2430 1225 2483 πρὶν
1248 2427 1288 2481 ἤ.
1326 2430 1508 2467 Difl'erunt
1529 2430 1636 2467 enim.
1676 2432 1786 2468 Simi-

1131 2488 1213 2525 liter
1229 2500 1301 2523 non
1321 2486 1417 2523 idem
1441 2491 1508 2531 est,
1539 2490 1654 2523 utrum
1666 2490 1788 2538 prius-

1131 2556 1233 2594 quam
1258 2544 1358 2579 dicas
1379 2555 1424 2578 an
1441 2544 1544 2591 prius
1565 2546 1708 2592 quam.“
1731 2565 1786 2571 —

1130 2601 1187 2637 Ad
1210 2600 1358 2637 verbum
1378 2597 1676 2649 ὖπερβαλέσθαι
1694 2598 1788 2652 (dzs-

1122 2656 1243 2707 ferre,
1280 2668 1395 2691 moras
1420 2658 1572 2705 nectere)
1599 2657 1691 2695 conf.
1722 2657 1786 2702 ΙΙΙ,

1132 2715 1184 2752 76
1215 2713 1338 2761 ibique
1367 2716 1459 2749 nott.
1492 2733 1541 2742 —
1584 2713 1642 2750 Ad
1674 2714 1788 2750 verba

1131 2767 1214 2807 καὶ
1246 2766 1332 2807 τὸν
1352 2798 1360 2814 ,
1400 2765 1670 2819 κομισάμενον
1697 2784 1731 2807 κ.
1754 2784 1786 2807 τ.

1131 2829 1162 2864 λ.
1193 2826 1288 2862 conf.
1309 2825 1442 2862 Matth.
1465 2826 1528 2864 Gr.
1548 2826 1613 2864 Gr.
1634 2824 1672 2877 ἓ.
1692 2827 1786 2866 286.

1132 2882 1225 2918 Add.
1247 2882 1309 2928 lv,
1332 2882 1393 2922 15.
1416 2882 1454 2923 5.
