1904 3304
95 699 192 744 113
237 691 492 748 ληϊζόμενοι.

532 227 1088 270 MELPOMENE.

1145 232 1206 270 1V.
1421 238 1503 278 487

246 340 454 396 γμένους,
485 337 568 381 ἔων
593 338 781 393 χαίρειν·
824 339 1125 394 προσεχώρεον
1145 341 1190 385 δὲ
1213 343 1501 399 πλησιαιτέρω

243 410 291 453 τό
323 406 618 462 στρατόπεδον
656 414 716 461 τῷ
746 412 1021 468 στρατοπέδω
1051 411 1123 455 ἐπ’
1158 411 1297 470 ἡμέρῃ
1329 412 1499 471 ἑκάστῃ.

213 478 360 535 Ξεῖχον
391 480 437 522 δὲ
467 478 599 523 οὐδὲν
639 479 736 524 οὐδ’
778 483 821 524 οἱ
853 484 1097 537 νεηνίσκοι,
1137 484 1280 537 ὥσπερ
1316 483 1418 529 ου’δὲ
1456 487 1502 528 αἱ

240 549 484 604 Ἀμαζόνες,
524 553 561 594 εἰ
597 551 653 608 μὴ
683 551 736 595 τὰ
768 551 878 595 ὅπλα
911 553 984 595 καὶ
1012 553 1116 605 τούς
1155 556 1338 606 ἵππους·

1392 554 1499 599 ἀλλὰ
1511 563 1555 598 20

240 620 345 677 ζόην
374 621 507 674 ἔζωον
536 621 615 677 τὴν
645 622 781 678 αὐτην
812 623 1021 678 ἐκείνῃσι,
1063 625 1325 680 θηρεύοντές
1353 642 1397 669 τε
1426 627 1500 669 καὶ

237 766 369 819 βρίην
407 763 598 807 τοιόνδε·

546 691 745 737 Ἐποίευν
775 694 820 736 δὲ
852 695 896 735 αἱ
923 691 1152 749 Ἀμαζόνες
1170 695 1212 747 ἐς
1237 697 1315 752 τὴν
1343 710 1499 752 μεσαμ-

646 764 842 819 ἐγίνοντο
881 765 1119 818 σποράδες,
1162 767 1271 809 κατὰ
1312 770 1418 823 μίαν
1454 783 1499 810 τε

236 834 431 885 καὶδύο,
462 834 611 889 πρόσω
642 835 694 890 δὴ
725 832 803 878 ἀπ’
835 834 1072 890 ἀλληλέων,
1104 837 1146 886 ἐς
1167 836 1377 893 εὐμαρίην
1398 836 1499 881 ἄπο-

207 913 228 946 2
239 905 532 960 σκιδνάμεναι.

593 904 806 960 μαθόντες
836 904 882 948 δὲ
911 906 984 948 καὶ
1016 908 1060 949 οἱ
1086 906 1289 959 Σκύθαι,
1327 908 1501 950 ἐποίευν
1557 911 1640 952 331.

235 975 376 1019 τώυτὸ
407 980 561 1019 τοῦτο·
608 978 683 1019 καί
721 992 784 1026 τις
827 977 1164 1032 μουνωθεισέων
1202 978 1287 1021 τινὶ
1327 977 1553 1021 αὐτέωνΞδ

234 1047 552 1102 ἐνεχρίμπτετο,
592 1046 665 1090 καὶ
699 1045 726 1102 ἡ
761 1044 953 1101 Ἀμαζών
983 1047 1066 1090 οὐκ
1099 1045 1345 1100 ἀπωθέετο,
1387 1047 1495 1091 ἀλλὰ

208 1120 425 1173 3περιεῖδε
453 1117 711 1174 χρήσασθαι.
764 1117 838 1161 καὶ
859 1122 1061 1175 φωνῆσαι
1089 1119 1168 1174 μὲν
1191 1118 1273 1163 οὐκ
1303 1117 1408 1175 εἶχε,
1440 1118 1495 1162 οὐ

178 1287 264 1313 mer.
287 1274 330 1311 Il.
358 1272 443 1309 VIII
455 1300 465 1318 ‚

178 1335 288 1368 nocte.
368 1329 464 1366 Add.

177 1387 244 1429 43.
277 1388 367 1427 102.

366 1443 474 1491 Cap.
505 1439 634 1477 CXIII.

233 1497 273 1545 ἐς
310 1493 526 1548 εὕμαρίην]
560 1496 694 1532 Glossa
717 1494 837 1532 Hero-

174 1555 308 1592 dotea:
349 1550 555 1604 εὐμάρεια·
591 1549 738 1602 ’ἡσυχία
767 1550 835 1589 καὶ

171 1606 389 1656 ἀπόπατος.
427 1609 559 1646 Suidas
585 1608 600 1644 Ι
627 1620 712 1658 pag.
739 1606 833 1646 895.

173 1664 344 1719 εὖμαρέη
356 1679 363 1686 ·
389 1662 592 1711 οἷπόπατος
603 1660 710 1715 παρα
722 1662 830 1714 Ἡρο-

173 1720 284 1776 δότῳ.
316 1723 377 1760 Tu
400 1723 472 1759 vid.
496 1726 591 1759 nott.
612 1722 659 1758 ad
676 1720 728 1766 ll,
761 1720 829 1760 35.

171 1801 228 1808 -—·
256 1779 369 1816 Paulo
392 1782 478 1816 ante
496 1778 611 1829 μίαν
613 1790 687 1815 ·um
708 1776 826 1812 Gaisf.

172 1842 210 1875 et
237 1836 371 1873 Matth.
399 1836 486 1901 de'di
509 1847 574 1885 pro
597 1835 707 1884 μίην,
731 1837 769 1869 et
788 1833 825 1869 in

171 1905 275 1941 seqq.
297 1891 375 1930 τινὶ
404 1887 553 1929 αὐτέων
580 1904 647 1940 pro
675 1884 825 1927 αὐτέων

170 1964 267 1992 τινι,
298 1947 398 1997 quod
417 1948 563 1984 retinuit
579 1946 712 1984 Matth.

228 2002 524 2055 ἐνεχρίμπτετο]
555 2005 576 2040 i.
599 2016 629 2040 c.
656 2015 690 2039 se
707 2002 826 2038 admo-

171 2063 242 2108 vit,
273 2062 435 2107 accessit,
465 2060 616 2097 Veneris
635 2072 683 2096 sc.
702 2059 826 2096 fruen-

171 2119 241 2154 dae
271 2130 389 2153 causa.
430 2116 488 2154 De
509 2129 603 2164 equo
625 2116 672 2151 ad
694 2127 824 2163 equam

170 2174 331 2210 admisso
359 2173 456 2210 idem
481 2173 628 2209 verbum
660 2170 733 2216 111,
771 2171 824 2210 85

169 2234 208 2268 et
232 2230 331 2279 apud
358 2228 496 2266 Aelian.
523 2227 571 2265 N.
603 2227 645 2263 A.
675 2227 746 2273 IV,
777 2228 825 2271 73

169 2286 271 2335 quod
299 2285 356 2322 hic
382 2285 430 2321 ad
459 2285 641 2321 hominem
670 2282 825 2319 transla

168 2347 246 2379 tum
280 2347 337 2378 est
363 2353 437 2378 non
464 2341 565 2377 aliter
593 2345 705 2388 atque
732 2351 823 2390 συγ-

169 2398 444 2449 χρωτίζεσθαι,
475 2396 659 2447 ἐρείδειν,
690 2399 728 2432 ut
758 2408 825 2431 no-

171 2459 225 2490 tat
252 2454 448 2499 Valcke11.‚
487 2453 550 2502 qui
575 2454 612 2489 in
643 2452 711 2489 hoc
743 2451 823 2487 loeo

172 2510 318 2546 omnino
339 2510 595 2547 Theocriteum
619 2509 708 2557 quid
730 2509 825 2545 ines-

171 2577 210 2602 se
230 2565 363 2602 iudicat
383 2567 541 2603 nativam
562 2565 824 2615 simplicitatem

170 2624 208 2657 et
238 2620 451 2669 elegantiam
480 2623 517 2659 in
548 2623 615 2659 hac
644 2620 825 2658 Herodoti

171 2678 376 2714 narratione
402 2678 494 2715 iusta
517 2679 624 2715 laude
649 2677 823 2714 afficiens.

170 2731 283 2768 Haud
317 2733 492 2781 discolor,
535 2739 708 2772 monente
745 2732 823 2778 Cn,

172 2787 269 2824 locus
299 2788 459 2825 Philonis
488 2790 533 2826 de
561 2791 690 2827 Mundi
720 2790 823 2840 opifi-

172 2845 226 2880 cio
266 2857 350 2895 pag.
397 2844 475 2885 104
513 2845 620 2884 Pfaff.
660 2845 743 2886 ἐπεὶ
781 2843 822 2885 δὲ

498 1271 579 1312 529
609 1269 673 1310 ἐπὶ
707 1270 833 1319 νυκτὶ,

527 1328 679 1365 Hesiod.
735 1329 832 1379 Opp.

892 1268 1076 1339 ἐπλάσθη
1121 1269 1247 1323 γυνὴ,
1300 1268 1552 1324 θεασάμενος

892 1325 1066 1377 α’δελφὸν
1109 1325 1213 1375 εἶδος
1252 1328 1320 1368 καὶ
1364 1332 1546 1382 συγγενῆ,

890 1400 1074 1436 μορφην,
1115 1384 1259 1436 ε’νησμε
1244 1384 1346 1425 ἐνισε
1378 1389 1430 1441 τῆ
1467 1385 1547 1425 θέα

888 1441 955 1479 καὶ
981 1453 1159 1492 προσιων
1182 1438 1389 1493 ἠσπάζετο.
1428 1441 1475 1480 H
1503 1441 1546 1481 δὲ

894 1493 1014 1536 ου’ὁὲν
1041 1497 1194 1536 ἐκείνου
1219 1497 1548 1548 προσβλέπτουσα

891 1555 993 1600 ζῶον
1016 1552 1300 1620 ἐμφερέστερον
1321 1554 1443 1609 ἑαυτῇ
1452 1551 1548 1606 γαν-

888 1605 1548 1677 νυταίτεκαὶοῖντιπροσφθέγγεται

888 1661 976 1717 μετ’
1002 1665 1154 1713 αἰδοῦς.
1203 1666 1314 1704 Haud
1342 1668 1543 1706 absimilem

885 1722 1041 1760 colorem
1065 1722 1176 1760 habet
1200 1722 1298 1760 locus
1315 1723 1478 1761 Platonis
1504 1725 1542 1761 in

882 1780 1058 1816 Convivio
1085 1792 1172 1830 pag.
1200 1781 1311 1826 192„
1343 1792 1427 1830 pag.
1456 1779 1539 1821 407

881 1835 1062 1881 Bekker„
1113 1835 1309 1873 multorum
1340 1836 1398 1874 ille
1437 1849 1541 1874 men-

882 1892 1043 1928 tionibus
1091 1891 1425 1941 imitationibusque
1467 1894 1540 1930 sre-

883 1952 1089 1997 quentatus.
1148 1948 1201 1985 Ut
1232 1949 1279 1984 ad
1308 1949 1542 1986 Herodotum

882 2005 1043 2049 redeam,
1059 2004 1199 2040 Herod.
1218 2003 1289 2040 Vit.
1305 2004 1455 2042 Homer.
1468 2006 1540 2044 30:

884 2059 1151 2110 ἐγχρίμπτεται
1161 2074 1232 2110 γυν
1238 2059 1316 2106 αιξὶ
1326 2055 1538 2106 θυούσαις.

882 2116 1052 2153 zonarae
1071 2116 1181 2152 verba
1198 2129 1233 2166 p.
1253 2118 1333 2155 610
1353 2115 1394 2168 ἐγ
1397 2117 1539 2184 χρίψαι

881 2171 1085 2222 ἐιιπεσεῐν,
1113 2174 1420 2223 παραπολαῦσαι
1439 2168 1537 2224 παρ’

879 2223 1071 2280 Ἡροδὸτω
1112 2228 1180 2265 huc
1212 2229 1337 2265 referri
1368 2229 1441 2265 vult
1466 2230 1534 2266 do-

881 2285 963 2321 ctis
948 2285 1056 2320 simus
1076 2284 1206 2321 editor.
1238 2283 1297 2321 De
1315 2284 1418 2321 huius
1435 2285 1536 2323 verbi

879 2342 996 2378 forma
1029 2340 1123 2377 conf.
1164 2344 1255 2377 nott.
1295 2341 1342 2376 ad
1371 2342 1427 2387 ll,
1468 2344 1535 2382 70.

879 2397 938 2434 De
960 2396 1156 2442 infinitivo,
1183 2398 1246 2445 qui
1265 2397 1377 2434 verbo
1395 2400 1536 2448 περιεῖ-

881 2453 924 2491 ὅε
964 2453 1020 2489 hic
1058 2452 1225 2498 additur,
1272 2455 1366 2490 conf.
1402 2454 1535 2491 Matth.

880 2509 947 2546 Gr.
979 2509 1043 2545 Gr.
1078 2520 1161 2558 pag.
1195 2510 1325 2556 1086,
1354 2511 1416 2559 qui
1437 2510 1535 2547 idem

880 2564 1122 2602 consulendus
1160 2561 1196 2614 ἓ.
1226 2564 1308 2606 349
1344 2566 1390 2602 ad
1423 2566 1535 2603 verba

881 2621 1068 2660 συνίεσαν
1103 2615 1305 2670 αλλήλων,
1353 2634 1446 2671 quae
1478 2634 1535 2659 re-

880 2681 1047 2723 currunt,
1073 2676 1144 2723 IV,
1178 2677 1268 2717 114.
1306 2677 1428 2728 Ipsum
1454 2691 1536 2715 ver-

880 2734 965 2770 bum
994 2729 1220 2785 χρήσασθαι
1246 2733 1293 2770 de
1312 2748 1352 2772 re
1370 2735 1535 2772 Venerea

880 2790 1030 2827 similem
1069 2790 1106 2826 in
1140 2789 1288 2827 modum
1323 2791 1422 2841 apud
1455 2789 1534 2827 De-

879 2846 1007 2884 mosth.
1025 2846 1126 2884 advs.
1160 2845 1292 2884 Neaer.
1308 2860 1394 2898 pag.
1415 2847 1533 2885 1367.
