1904 3304
449 271 1007 311 MELPOMENE.
1066 272 1127 313 IV.

1334 276 1419 315 609

167 382 221 439 δή
259 399 298 425 τι
336 381 518 436 λέγεται,
561 382 619 432 (ὃς
657 382 732 434 τοὶς
766 382 968 438 κορυφάς
998 381 1136 425 αὐτοῦ
1165 381 1246 426 οὐκ
1276 380 1348 425 οἶά
1377 398 1421 426 τε

166 451 276 496 εἶναι
313 452 500 494 ἰδέσθαι·

560 451 762 497 οὐδέκοτε
798 454 880 510 γὰρ
912 452 1047 503 αὐτάς
1079 452 1327 496 ἀπολείπειν
1356 454 1420 496 νέ-

137 531 273 578 6φεα,
307 522 406 565 οὔτε
435 522 608 577 θέρεος,
640 524 740 567 οὔτε
770 528 986 579 χειμῶνος.
1027 529 1158 568 τοῦτο
1188 525 1265 567 τὸν
1293 526 1421 568 κίονα

163 598 246 636 τοῦ
284 592 481 647 οὐρανοῦ
518 594 692 649 λέγουσι
730 597 773 638 οἱ
800 594 1019 650 ἐπιχώριοι
1049 593 1172 638 εἶναι.

107 726 231 752 versus
253 714 436 764 progressi
455 715 610 762 suerint,
641 727 686 752 eo
712 714 765 751 ul-

109 771 222 807 terius
244 770 291 807 ad
314 783 478 807 occasum
500 776 686 820 promotas
708 784 766 808 es-

108 839 147 863 se
184 827 311 863 statuit
340 827 508 864 Yiilcker.
541 828 765 875 tandemque

107 882 261 919 hominis
305 883 341 919 in
382 882 500 919 locum
550 884 765 920 successisse

107 943 290 984 montem,
341 950 449 986 quem
488 937 694 975 altissimum
728 939 766 975 in

108 995 162 1031 his
219 994 426 1042 regionibus
485 994 765 1031 occidentalibus

108 1051 180 1087 iam
197 1050 433 1098 cognoverint
450 1054 488 1088 et
511 1051 546 1086 in
567 1063 674 1099 quem
692 1052 765 1088 iam

109 1106 357 1143 transtulerint
422 1119 659 1156 quaecunque
717 1108 765 1144 ‹le

107 1162 254 1199 Atlante
279 1166 412 1211 poetae
441 1167 547 1199 antea
573 1163 766 1199 commenti

110 1223 234 1255 essent
249 1231 415 1266 quaeque
428 1220 522 1255 sama
535 1224 679 1268 recepta
689 1219 765 1254 vul-

109 1287 158 1323 go
185 1274 422 1310 traderentur.
465 1275 563 1317 Quin
594 1276 680 1311 inde
711 1276 765 1310 sa-

110 1337 205 1366 ctum
226 1343 305 1367 esse
325 1330 382 1366 ille
404 1331 599 1377 existimat,
629 1331 764 1379 (My-th.

111 1386 248 1434 Geogr.
268 1399 350 1435 pag.
373 1387 446 1433 50)
466 1391 503 1423 ut
522 1388 601 1436 ipse
621 1388 725 1423 Atlas
744 1399 766 1423 a

110 1446 229 1479 terrae
260 1442 488 1479 occidentalis
516 1443 675 1480 terminis
696 1444 766 1480 iam

110 1499 226 1546 magis
246 1499 435 1546 magisque
455 1499 502 1535 ad
520 1503 634 1535 terras
650 1500 766 1547 magis

110 1559 216 1591 notas
260 1554 461 1602 Syrtesque
516 1556 768 1592 admoveretur

109 1614 325 1657 montesque
361 1610 410 1645 ibi
449 1612 633 1660 conspicui
670 1612 767 1659 iique

110 1665 274 1703 altissimi
285 1664 442 1701 Atlantis
457 1667 602 1704 nomine
617 1668 767 1715 insigni-

110 1726 247 1759 rentur.
277 1721 358 1759 Nec
378 1721 449 1758 alio
469 1723 546 1760 sere
564 1724 674 1759 modo
694 1722 768 1760 Le-

110 1783 244 1815 tronnc
263 1777 287 1814 l.
305 1777 330 1814 l.
347 1777 497 1816 Atlante
516 1779 681 1828 primitus
702 1793 768 1816 no-

111 1834 249 1871 tionem
284 1835 467 1882 quandam
498 1836 768 1885 cosmographi-

112 1901 190 1927 cam
226 1891 411 1927 contendit
443 1903 522 1929 esse
553 1892 766 1938 indicata1n3

113 1946 197 1983 dein
226 1958 312 1981 vero
342 1945 526 1984 Atlantem
556 1961 598 1984 ex
624 1948 767 1985 homine

112 2001 151 2038 in
170 2004 330 2038 montem
355 2014 434 2038 esse
454 2016 676 2050 conversum,
706 2004 768 2052 qui

113 2061 239 2094 tamen
258 2058 386 2106 prioris
409 2059 625 2095 conditionis
643 2073 685 2095 ac
704 2072 769 2095 na-

113 2116 219 2150 turae
241 2114 394 2161 vestigia
411 2115 588 2162 quaedam
610 2117 769 2153 retinue-

66 2173 69 2179 '
113 2171 172 2206 rit.
203 2168 251 2205 At
263 2169 579 2220 multum,opinor,
592 2172 710 2218 abest,
732 2176 770 2208 ut

112 2224 273 2262 fabulam
291 2226 338 2262 de
354 2225 514 2273 Atlante,
534 2227 649 2276 qualis
670 2229 769 2277 apud

113 2281 328 2327 Homerum,
349 2282 648 2332 aliosquepoetas
665 2297 770 2334 repe-

114 2338 205 2374 ritur
221 2338 378 2384 tradita,
409 2345 493 2376 ante
511 2340 770 2377 accuratiorem

115 2392 285 2440 Atlantis,
315 2395 445 2431 montis
467 2394 607 2445 Libyci,
639 2397 769 2444 cogni-

116 2455 253 2485 tionem
294 2456 411 2486 ortam
444 2463 524 2488 esse
555 2458 770 2497 statuamus,

119 2515 229 2552 quam
253 2505 371 2554 ipsam
400 2506 477 2544 sine
497 2507 566 2544 ulla
582 2510 711 2545 montis
733 2509 769 2544 in

119 2563 279 2596 extrema
314 2561 430 2610 Libya
468 2563 577 2612 inque
607 2565 768 2602 terminis

118 2616 195 2651 sere
223 2615 502 2655 occidentalibus
532 2620 628 2657 orbis
657 2626 770 2658 terra-

118 2683 197 2707 rum
235 2671 393 2709 collocati
421 2676 553 2712 notitia
583 2676 671 2725 fingi
702 2689 770 2726 po-

119 2727 232 2763 tuisse
260 2739 454 2776 negamus,
493 2733 601 2769 immo
630 2745 673 2770 ex
702 2733 769 2769 ob-

120 2793 225 2818 scura
242 2785 379 2820 tantum
398 2789 528 2824 montis·
545 2789 694 2826 notione
706 2802 771 2825 ne-

121 2850 193 2885 que
218 2850 302 2874 vero
325 2840 370 2875 ab
391 2840 470 2889 ipsa
487 2848 618 2881 natura
638 2845 772 2883 abhor-

121 2897 223 2930 rente
274 2896 418 2931 ssuxisse
464 2901 629 2949 credam,
677 2914 771 2951 quae

175 2948 382 2987 HERono'r.
403 2950 448 2987 Π.

1232 595 1299 639 ἐπὶ
1327 594 1423 638 τού·
1434 601 1477 635 10

822 715 868 752 dc
891 713 1037 753 Atlante
1064 715 1162 764 apud
1187 718 1317 765 poetas
1342 714 1478 752 tradita

821 772 987 820 adeoque
1023 771 1202 821 explicata
1241 775 1279 808 et
1304 775 1478 808 exornata

821 829 1062 877 reperiantur.
1093 827 1227 875 Neque
1244 828 1331 864 illud
1345 828 1479 864 abhor-

821 888 901 929 ret,
931 885 1030 932 quod
1053 889 1194 920 montes
1218 884 1364 920 omnino
1387 883 1479 921 coeli

821 939 1004 976 columnas
1034 940 1155 976 dicere
1184 940 1255 976 iam
1284 953 1391 976 ausus
1423 944 1480 977 est

822 995 964 1032 Hiobus
989 995 1136 1040 XXVI,
1167 998 1229 1034 11.
1270 995 1378 1032 Conf.
1401 996 1477 1033 Vir.

822 1052 919 1089 doct.
941 1052 978 1087 in
997 1050 1139 1087 Annall.
1159 1051 1353 1088 Heidelbb.
1370 1053 1479 1092 1827

821 1121 874 1145 nr.
904 1110 959 1148 20
992 1120 1028 1157 p.
1053 1109 1133 1146 319
1161 1119 1239 1156 seq.
1267 1108 1303 1143 in
1327 1120 1480 1145 censura

822 1164 917 1210 libri,
937 1165 996 1212 qui
1015 1164 1218 1200 inscribitur
1235 1164 1479 1207 Quaestiones

821 1219 1046 1266 Atlanticae,
1085 1223 1231 1256 auctore
1263 1220 1480 1259 Ruckstuhl.

823 1275 1022 1312 confluent
1035 1277 1153 1315 1826.
1185 1275 1258 1312 Ubi
1277 1277 1384 1312 etiam
1399 1276 1480 1326 plu-

822 1345 862 1368 ra
881 1332 926 1369 de
946 1333 1026 1381 ipso
1048 1332 1180 1368 montis
1201 1332 1358 1380 nomine,
1379 1333 1481 1382 quod
1536 1376 1538 1378 v

822 1401 987 1452 plerique
1019 1402 1155 1439 ducunt
1185 1403 1231 1439 ab
1260 1419 1283 1440 α
1309 1408 1347 1440 et
1366 1398 1480 1441 τλοῖω.

823 1458 881 1495 De
908 1471 980 1506 quo
1012 1471 1107 1494 nuuc
1131 1471 1304 1506 quaerere
1323 1472 1395 1496 non
1415 1472 1481 1496 va-

824 1519 892 1551 cat.
917 1514 998 1550 Yid.
1011 1513 1220 1551 Dijderlein.
1235 1515 1479 1553 commentat.

824 1571 871 1607 de
897 1569 1004 1619 alpha
1028 1570 1221 1607 Graecorr.
1251 1571 1416 1609 intensiv.
1441 1585 1477 1622 p.

824 1628 900 1672 203
929 1637 976 1662 ne
994 1625 1110 1676 plura.

884 1703 1067 1748 οὐδέκοτε
1103 1706 1178 1761 γὰρ
1219 1706 1343 1757 αὐτάς
1379 1706 1479 1750 circo-

823 1765 996 1816 λείπειν]
1030 1761 1260 1807 ἀπολείπειν
1279 1768 1377 1816 quod
1396 1781 1481 1818 pro-

822 1822 900 1873 prie
967 1821 1064 1859 valet
1130 1823 1327 1870 verlassen,
1395 1823 1482 1861 inde

823 1891 1007 1916 assumere
1062 1880 1248 1916 notionem
1304 1880 1481 1928 ausgelzen

823 1935 953 1971 statuit
986 1934 1142 1975 W’erfer.
1181 1936 1218 1971 in
1246 1934 1342 1972 Actt.
1380 1936 1479 1985 phill.

823 1990 986 2027 Menace.
1017 1990 1033 2026 I
1063 2003 1100 2040 p.
1129 1992 1194 2031 86.
1224 1993 1318 2032 272.
1358 1992 1482 2035 Quare

824 2059 898 2082 non
913 2058 1003 2095 opus
1025 2045 1258 2094 ἐπιλείπειν,
1289 2048 1388 2096 quod
1404 2047 1482 2084 Eu-

826 2102 976 2139 stathius
998 2102 1107 2139 habet
1125 2102 1147 2139 l.
1167 2102 1190 2138 l.
1234 2102 1292 2140 De
1313 2103 1425 2140 multa
1444 2105 1481 2141 in

825 2158 879 2194 his
906 2159 1087 2195 montibus
1110 2159 1190 2196 nive
1213 2171 1329 2208 eaque
1348 2173 1483 2210 perpe-

825 2218 889 2250 tua
915 2214 992 2251 fere
1019 2215 1159 2251 monuit
1185 2215 1313 2252 Ritter.
1334 2215 1483 2254 Erdk.1

823 2284 860 2321 p·
874 2272 954 2311 893
968 2270 1107 2310 et894.
1119 2292 1174 2298 —
1190 2272 1231 2307 In
1244 2272 1406 2321 proxime
1416 2285 1483 2309 an-

823 2326 966 2363 tecedd.
990 2327 1037 2363 ad
1058 2324 1160 2366 οὕτω
1183 2323 1233 2377 δή
1251 2342 1288 2365 τι
1305 2329 1399 2365 conf.
1418 2328 1480 2371 lll,

828 2385 919 2422 120.
963 2382 1033 2427 IV,
1071 2386 1137 2424 28.
1189 2383 1231 2420 ln
1263 2397 1365 2433 seqq.
1396 2390 1482 2422 ante

826 2438 943 2476 κίονα
979 2452 1059 2477 cum
1090 2444 1239 2477 recentt.
1266 2441 1481 2477 inseruimus

824 2494 1012 2531 articulum
1045 2492 1110 2535 τόν
1151 2496 1261 2544 vulgo
1301 2498 1482 2543 omissum,

827 2551 1011 2599 quoniam,
1042 2565 1134 2601 quae
1154 2552 1263 2601 vulgo
1285 2553 1481 2589 foeminino

825 2607 1010 2657 profertur
1040 2621 1174 2657 genere
1198 2608 1347 2655 vocula,
1379 2622 1423 2646 ea
1446 2612 1482 2646 et

826 2662 1020 2700 masculino
1040 2677 1174 2713 genere
1194 2670 1404 2714 usurpatum
1435 2666 1483 2702 de

827 2731 900 2767 quo
929 2720 1000 2756 vid.
1025 2721 1185 2757 Fischer.
1217 2721 1264 2756 ad
1291 2721 1435 2758 W'eller.
1467 2721 1483 2757 1

825 2787 910 2825 pag.
931 2776 1011 2816 383
1032 2780 1070 2814 et
1087 2777 1180 2813 conf.
1198 2775 1335 2813 Herod.
1355 2778 1385 2823 Ι,
1416 2780 1481 2818 92.

883 2843 948 2883 ἐπὶ
976 2843 1119 2885 τούτου
1148 2847 1223 2883 τοῦ
1256 2843 1397 2897 οὔρεος
1431 2867 1479 2874 --

828 2898 1033 2952 ἐπώνυμοι
1070 2900 1274 2954 ἐγένοντο]
1315 2903 1338 2940 i.
1373 2917 1404 2940 e.
1437 2903 1482 2938 ale

1154 2960 1207 2998 39
