1904 3304
624 232 971 276 THALIA.

1029 233 1094 272 111.
1409 233 1490 273 1⁷1

216 350 288 395 καὶ
318 351 406 392 τῶν
435 348 482 392 ἐν
511 350 609 405 τῇσι
638 345 810 404 νήσοισι
841 343 1076 390 οἰκεόντων
1104 344 1193 385 τῶν
1223 340 1270 385 ἐν
1291 344 1346 398 τῇ
1371 339 1494 396 Ἐρυ-

216 424 307 476 θρῇ
340 417 572 476 θαλάσσῃ,
614 416 660 461 ἐν
686 421 785 475 τῇσι
814 415 917 467 τοὺς
947 413 1254 464 ἀνασπάστους
1282 411 1493 468 καλεομὲ-
1505 419 1551 453 70

216 508 326 542 νους
354 491 587 543 κατοικίζει
617 487 842 544 βασιλεύς,
877 486 963 531 ἀπὸ
995 485 1164 530 τούτων
1193 484 1373 529 πάντων
1402 484 1494 536 ἑξα-

188 560 348 606 3κόσια
377 560 570 605 τάλαντα
611 560 774 616 ἐγίνετο
807 558 962 617 φόρος.
1020 556 1156 614 νομὸς
1189 557 1391 613 τέταρτος
1420 555 1494 600 καὶ

160 737 241 774 Van
262 737 328 774 der
350 736 451 785 Chys
467 737 674 774 Comment.
698 747 824 784 geogr.

162 794 210 831 ad
231 793 374 830 Arrian.
408 806 493 843 pag.
522 795 589 833 68.
648 793 724 829 Sed
747 805 825 828 mo-

161 854 226 888 net
247 849 466 887 Billerbeck.
487 849 509 887 l.
531 850 553 886 l.
573 863 609 900 p.
634 852 683 889 17
717 849 823 885 Utios

163 907 327 944 diversos
345 919 425 944 esse
446 907 491 943 ab
514 906 644 951 Uxios,
675 906 736 954 qui
754 905 826 941 Su·-

162 964 272 1000 sianis
305 964 377 999 sint
410 963 578 1009 finitimi3
607 963 653 999 ab
686 964 825 999 oriente

161 1020 273 1058 maris
304 1020 429 1069 Caspii
457 1020 576 1069 potius
603 1020 711 1056 sedes
741 1030 824 1054 suas

162 1076 333 1113 habuisse
354 1080 391 1113 et
413 1075 512 1112 Utz'os
535 1080 571 1113 et
594 1075 645 1112 M
642 1089 737 1126 ycos,
763 1074 825 1123 qui

161 1133 272 1170 iidem
292 1134 491 1181 iunguntur
510 1133 591 1178 Vll,
604 1135 668 1173 68.
689 1131 826 1168 Malte-

161 1190 266 1227 brun.
287 1188 310 1228 l.
334 1189 357 1226 l.
392 1188 493 1226 Utz'os
513 1202 579 1240 pro
599 1190 694 1226 tribu
714 1188 827 1225 habet

161 1246 267 1283 Uxiis
291 1246 435 1282 subdita
457 1247 496 1283 in
523 1246 707 1282 montibus
734 1245 825 1281 Per*

164 1302 279 1339 sidem
304 1303 397 1339 inter
419 1307 456 1340 et
468 1303 682 1348 Susianam3
700 1300 827 1351 Zlchos

163 1372 263 1405 vero,
293 1371 446 1407 quorum
479 1360 589 1396 etiam
617 1359 715 1408 apud
744 1359 828 1394 Ste-

163 1415 273 1466 phan.
296 1415 386 1463 Byz.
417 1416 457 1452 fit
479 1416 630 1461 mentio,
661 1416 697 1452 in
718 1420 827 1461 terra,

165 1484 260 1520 quae
297 1484 393 1508 nunc
432 1471 644 1521 Moghistan
683 1471 826 1516 dicitur,

163 1528 346 1567 habitasse
379 1529 572 1566 existimat.
639 1528 692 1564 Ac
726 1528 828 1564 vide-

163 1588 223 1620 tur
249 1596 336 1621 sane
366 1590 400 1621 et
429 1584 618 1634 Mycorum
649 1590 686 1622 et
717 1584 827 1621 Utio-

162 1653 241 1677 rum
270 1654 361 1689 gens
397 1640 642 1679 Thamanaeis
674 1641 828 1678 finitima

164 1697 284 1734 Oxum
301 1710 425 1735 versus
439 1699 545 1735 sedes
559 1698 740 1743 tenuisse,
760 1711 828 1735 nec

163 1754 342 1791 absonum
374 1759 450 1801 est,
487 1756 586 1804 quod
616 1754 825 1792 Heerenius

164 1810 277 1848 Ideen
305 1811 347 1858 I,
375 1814 401 1851 2
434 1824 517 1861 pag.
548 1813 629 1852 289
661 1811 826 1861 protulit,

164 1866 275 1904 Utios
301 1867 415 1904 videri
435 1881 511 1914 eos,
541 1868 604 1917 qui
624 1867 829 1904 Tuscorum

165 1927 287 1972 patres
316 1924 478 1961 feruntur
508 1929 545 1961 et
573 1936 638 1974 per
667 1924 828 1961 medium

167 1991 295 2015 aevum
315 1985 487 2016 vocantur
511 1980 630 2017 Uzen.
663 1980 746 2023 Quo
765 1993 830 2017 au-

166 2039 239 2072 tem
278 2035 354 2072 iure
395 2040 534 2072 statuat
572 2037 755 2073 Mannert.
793 2037 830 2072 in

168 2092 307 2140 Geogr.
327 2092 392 2128 Gr.
416 2097 453 2129 et
473 2093 616 2129 Romm.
632 2094 678 2139 V,
703 2095 720 2130 1
744 2105 828 2142 pag.

169 2150 231 2188 11.
256 2151 306 2188 12
327 2149 573 2197 Sarangaeos‚
597 2149 831 2186 Thamanae-

167 2217 226 2251 os,
257 2204 367 2241 Utios
396 2205 525 2253 Mycos
556 2210 591 2242 et
618 2205 828 2252 insularum,

165 2274 260 2310 quae
280 2274 363 2297 mox
388 2263 487 2311 apud
508 2262 738 2299 Herodotum
766 2275 831 2298 vo-

165 2322 308 2363 cantur,
341 2318 476 2354 incolas
496 2319 627 2356 vixisse
651 2319 687 2354 in
708 2319 749 2354 iis
771 2318 832 2355 In-

166 2374 248 2411 diae
279 2375 467 2423 partibus,
508 2387 602 2423 quae
637 2374 829 2412 Persarum

166 2430 231 2467 sub
253 2431 392 2468 ditione
409 2431 556 2478 fuerint,
586 2431 665 2481 ipse
682 2432 829 2468 viderit.

221 2488 301 2525 τῶν
323 2485 364 2524 ἐν
383 2489 475 2541 τῇσι
497 2484 655 2536 νήσοισι
680 2484 830 2527 οἰκεόν-

167 2556 243 2580 των
259 2545 337 2580 τῶν
351 2558 386 2581 κ.
400 2559 429 2581 τ.
441 2542 488 2593 h]
509 2544 646 2582 Persici
664 2545 762 2581 sinus
775 2544 830 2582 in-

167 2598 280 2646 telligi
306 2599 441 2637 insulas
455 2629 465 2647 ,
487 2600 680 2651 plerasque
698 2613 830 2651 parvas

168 2654 326 2700 ambitu,
357 2657 404 2693 de
436 2658 566 2706 quibus
601 2659 712 2695 etiam
750 2657 830 2703 Vll,

169 2710 235 2755 80,
255 2711 313 2746 vix
340 2712 498 2751 dubium.
557 2714 665 2758 Quae
692 2714 830 2752 insulae

168 2765 253 2802 olim
276 2765 497 2806 Phoenicum
526 2771 742 2808 commercio
774 2771 831 2807 in-

167 2822 312 2870 signes,
346 2828 496 2872 postera
526 2831 649 2864 aetate
677 2827 828 2864 Venetis

167 2890 315 2930 quoque
339 2880 460 2918 forum
478 2883 708 2932 praebebant
725 2883 828 2921 Indi-

881 747 1004 771 carum
1037 733 1254 785 praesertim
1283 732 1455 771 mercium
1480 731 1551 769 huc

882 792 1117 828 advectarum
1177 790 1338 839 indeque
1395 788 1546 826 ulterius

881 851 1232 897 transportatarum.
1274 845 1458 883 Mannert.
1477 845 1499 882 l.
1524 844 1547 882 l.

881 917 967 954 pag.
991 907 1041 944 11
1063 903 1200 941 Persici
1220 903 1319 940 sinus
1334 902 1468 938 insulas
1491 901 1549 938 hic

882 961 1036 1010 intelligi
1064 966 1201 1008 negat,
1237 959 1376 1010 quippe
1403 958 1549 1007 longius

881 1022 1042 1055 remotas
1062 1017 1108 1053 ab
1128 1017 1170 1053 iis
1190 1016 1374 1065 gentibus,
1398 1015 1444 1053 de
1466 1015 1549 1064 qui-

881 1075 950 1111 bus
975 1074 1009 1111 h.
1028 1073 1050 1110 l.
1077 1086 1196 1110 sermo
1213 1073 1283 1119 sit·,
1314 1085 1430 1121 quare
1449 1072 1550 1107 insu-

882 1131 934 1168 las
957 1131 1050 1167 Indo
1077 1131 1189 1167 fluvio
1220 1130 1410 1180 propiores
1433 1127 1489 1166 vel
1511 1129 1550 1165 in

883 1189 965 1238 ipso
991 1187 1082 1224 Indo
1103 1188 1191 1224 sitas
1213 1186 1471 1235 intelligendas
1493 1197 1553 1223 es-

884 1258 924 1282 se
943 1244 1145 1281 contendit.
1165 1266 1216 1270 —
1238 1243 1296 1281 De
1319 1243 1424 1279 rubro
1446 1243 1552 1287 mari,

885 1314 914 1337 s.
937 1301 1020 1337 sinu
1043 1300 1204 1347 Persico,
1227 1300 1321 1336 conf.
1349 1303 1443 1336 nott.
1456 1300 1505 1336 ad
1525 1299 1552 1345 l,

888 1358 980 1397 180.
999 1357 1213 1407 Suspicatur
1234 1362 1356 1393 autem
1380 1355 1552 1401 RenneL,

885 1427 964 1450 cum
977 1414 1046 1451 hae
1067 1413 1204 1450 insulae
1222 1413 1381 1450 minores
1394 1412 1480 1459 sint,
1493 1425 1554 1449 sa-

884 1470 1553 1520 trapiaeindicationemimperfectam

885 1540 978 1573 esse,
1010 1527 1148 1576 quippe
1163 1527 1212 1563 ad
1232 1539 1342 1575 quam
1361 1526 1470 1563 etiam
1491 1538 1552 1563 re-

885 1585 1013 1632 giones
1043 1583 1190 1620 Persico
1223 1582 1317 1619 sinui
1340 1583 1553 1620 adiacentes

883 1640 1138 1692 pertinuerint.

941 1694 1037 1743 τούς
1060 1691 1341 1743 οἷνασποῖστους
1365 1692 1552 1746 καλεομέ-

887 1752 999 1804 νους]
1023 1748 1272 1792 οἷνοῖσπαστοι
1291 1753 1471 1799 dicuntur,
1488 1752 1553 1801 qui

886 1825 906 1848 e
927 1811 1045 1861 patrio
1068 1809 1148 1847 solo
1171 1809 1341 1847 aliorsum
1362 1810 1552 1846 abducun-

885 1872 945 1904 tur
973 1872 1009 1904 et
1033 1866 1245 1915 relegantur
1273 1880 1340 1917 pro
1366 1879 1410 1903 eo
1437 1878 1553 1912 more,

886 1924 949 1973 qui
979 1937 1046 1974 per
1074 1924 1250 1961 orientem
1287 1923 1464 1969 obtinuit,
1495 1920 1554 1959 v'el

887 1980 1048 2029 singulos
1069 1980 1165 2017 viros
1188 1980 1358 2027 illustres,
1381 1979 1437 2017 vel
1459 1979 1554 2016 inte-

887 2049 972 2085 gras
1006 2037 1173 2073 nationes
1193 2037 1369 2082 devictas,
1402 2035 1552 2072 sedibus

887 2093 1013 2143 patriis
1035 2098 1167 2139 motas,
1194 2093 1263 2129 alia
1283 2094 1320 2129 in
1340 2092 1419 2129 loca
1438 2091 1553 2128 multo

889 2150 1085 2186 remotiora
1105 2149 1362 2186 transferendi.
1395 2147 1457 2184 Tu
1477 2148 1552 2184 vid.

888 2206 1030 2243 Herod.
1043 2205 1106 2251 IV,
1126 2203 1207 2244 204
1230 2206 1315 2254 ibiq.
1328 2204 1556 2250 WesseLVl,

895 2265 957 2302 12.
980 2264 1016 2301 9.
1044 2263 1109 2301 32.
1134 2262 1215 2307 ΥΠ,
1241 2263 1305 2302 80.
1337 2262 1437 2298 Ctes.
1467 2260 1558 2298 Per-

889 2319 969 2356 sice.
993 2318 1079 2354 Exc.
1107 2316 1143 2369 §-
1166 2319 1202 2357 9.
1234 2317 1300 2358 40.
1324 2317 1475 2355 Dorvill.
1507 2317 1556 2354 ad

888 2375 1026 2412 Charit.
1047 2388 1132 2424 pag.
1154 2376 1248 2416 393.
1270 2375 1407 2412 Gesen.
1430 2375 1478 2412 ad
1500 2374 1557 2411 Ie-

888 2432 952 2468 sai.
972 2432 1143 2478 xxxvl,
1176 2433 1241 2472 16.
1272 2453 1328 2459 ——-
1357 2431 1410 2468 Ac
1434 2430 1556 2468 mirari

888 2489 1004 2535 subit,
1036 2488 1126 2525 haec
1155 2488 1234 2538 ipsa
1258 2489 1351 2534 loca,
1382 2488 1429 2524 ad
1459 2500 1554 2536 quae

887 2545 1070 2593 relegatos
1111 2545 1363 2582 detrudebant
1405 2543 1554 2590 Persae,

888 2600 1032 2639 saeculo
1053 2601 1193 2638 decimo
1223 2602 1332 2638 tertio
1355 2604 1440 2652 post
1463 2600 1550 2637 Chr.

887 2671 922 2694 n.
953 2658 1116 2695 barbaris
1145 2658 1181 2694 in
1208 2662 1342 2695 terram
1363 2657 1555 2694 continen-

888 2718 965 2752 tem
1008 2714 1313 2764 irrumpentibus,
1372 2713 1553 2762 refugium

887 2771 1099 2821 praebuisse
1127 2770 1251 2808 incolis
1285 2775 1406 2809 terrae
1435 2769 1553 2806 conti-

886 2828 1019 2874 nentis,
1051 2827 1112 2876 qui
1134 2826 1309 2874 insulam,
1339 2826 1395 2863 cui
1416 2837 1552 2863 nomen

888 2884 1039 2933 Ormuz,
1069 2886 1349 2935 occupaverunt.
