1904 3304
503 242 1069 284 MELPOMENE.
1129 243 1191 280 IV.

1400 243 1485 283 548

215 360 364 417 κη’·ιόν,
422 359 642 411 κρητῆρος
693 352 954 409 Ἀργολικοῦ
1015 351 1202 406 τρόπον’
1268 348 1390 405 πέριξ
1437 350 1485 394 δὲ

217 431 355 474 αὐτοῦ
392 430 575 484 γρυπῶν
613 426 801 481 κεφαλαὶ
836 424 1108 478 πρόκροσσοί
1137 424 1238 465 εἰσι·
1287 421 1359 466 καὶ
1390 419 1481 463 ἀνέ-

213 507 359 557 θηκαν
409 499 449 549 ἐς
495 498 543 541 τὸ
580 497 796 551 ΓἨραιον,
845 493 1171 552 ὑποστήσαντες
1213 490 1331 548 αὐτῷ
1368 496 1484 546 τρεῖς

212 572 420 627 χαλκέους
448 568 692 619 κολοσσούς
722 566 1001 623 ἑπταπήχεας,
1030 570 1144 609 τοῖσι
1173 563 1360 619 γούνασι
1390 563 1539 619 ἔρῃ-40

185 641 486 697 6ρεισμένους.
544 641 836 697 Κυρηναίοισι
871 638 917 683 δὲ
952 637 1026 682 καὶ
1062 637 1292 693 Θηραίοισι
1320 634 1363 686 ἐς
1394 638 1483 678 Σα-

156 799 201 836 cf.
222 797 284 843 IV,
305 799 370 838 81.
401 796 459 834 De
475 795 655 844 Argolicis
672 796 820 832 crateri-

158 856 221 891 bus
238 854 322 890 mihi
336 855 439 904 plura
461 866 535 889 non
549 856 727 889 constant.
759 851 819 887 ln-

159 915 215 948 ter
235 910 304 947 alia
327 909 538 960 poculorum
561 920 698 956 genera
721 920 819 944 com-

157 971 337 1005 memorat
361 967 405 1002 C.
429 966 473 1002 Ο.
496 964 640 1002 Miiller.
665 964 817 1001 Handb.

157 1025 192 1061 d.
209 1022 447 1070 Archaeolog.
476 1036 512 1072 p.
536 1021 632 1067 356,
652 1021 689 1061 4.
742 1020 817 1056 An-

156 1079 324 1130 tiphanes
355 1083 466 1128 poeta
493 1079 588 1115 inter
618 1091 681 1123 ea,
721 1089 817 1126 quae

157 1135 309 1184 singulis
330 1135 537 1172 civitatibus
557 1135 704 1184 propria
719 1138 817 1180 sunt,

157 1196 321 1230 recenset
341 1204 487 1241 quoque
508 1192 664 1240 Argivos
683 1191 816 1236 lebetes,

157 1254 252 1286 teste
269 1247 401 1285 Athen.
421 1248 450 1294 l,
469 1250 519 1288 21
545 1248 631 1296 (49)
652 1262 688 1298 p·
704 1250 755 1287 27
770 1246 816 1283 D-

161 1305 299 1355 Cylices
328 1305 485 1353 Argivae
524 1305 621 1354 apud
661 1304 817 1341 eundem

158 1362 384 1399 Athenaeum
398 1361 447 1397 Xl
468 1374 504 1411 p.
519 1360 600 1402 480
616 1362 656 1398 C.
680 1373 818 1397 memo-

159 1423 284 1455 rantur
303 1416 498 1468 ἐπίσημοι,
520 1416 580 1454 Tu
590 1419 636 1455 cf.
649 1416 818 1454 Panofka

158 1474 385 1512 Recherches
405 1487 465 1510 sur
484 1473 537 1511 les
561 1486 665 1511 noms
686 1474 732 1510 de
753 1485 816 1508 va-

158 1543 216 1568 ses
232 1535 298 1567 etc.
316 1530 436 1575 (Paris
460 1532 587 1578 1829)
606 1544 642 1581 p.
658 1533 721 1571 19.
751 1529 817 1569 50.

213 1584 325 1636 πέριξ
361 1584 404 1624 δὲ
435 1582 573 1635 αὐτοῦ]
625 1587 708 1624 Ι)υο
735 1585 817 1622 libri

158 1637 266 1682 αὐτό.
301 1643 388 1681 Sed.
402 1643 475 1680 vid.
495 1648 589 1681 nott.
604 1644 650 1679 ad
668 1642 732 1689 IV,
752 1641 815 1681 15.

212 1701 377 1751 γρυπῶν
415 1698 586 1748 κεφαλαὶ
617 1695 816 1751 πρόκροσ-

158 1756 222 1795 σοί
246 1755 335 1807 εἰσι]
381 1755 554 1793 Voculam
578 1755 619 1795 οἱ
645 1761 731 1806 post
751 1769 815 1794 κε-

158 1812 285 1860 φαλαί
337 1812 445 1861 vulgo
505 1814 679 1850 insertam
736 1825 816 1849 cum

156 1868 361 1918 Schweigh.
416 1874 452 1906 et
507 1870 623 1906 Gaisf.
681 1869 817 1915 abieci;

157 1925 294 1975 quippe
324 1938 398 1974 quo
426 1927 642 1975 pronomine
670 1925 817 1963 minime

158 1982 303 2030 indiget
330 1983 456 2018 oratio,
515 1982 598 2033 lpsa
627 1982 737 2020 verba
765 1983 817 2019 sic

157 2037 417 2087 interpretatur
426 2037 710 2087 VVesselingius:
731 2050 818 2088 gry—

152 2094 262 2144 phum
281 2096 401 2144 capita
414 2097 671 2143 prominentia,
699 2095 736 2130 in
755 2107 817 2132 ex-

159 2156 296 2198 trema,
326 2152 477 2201 opinor,
506 2151 626 2201 poculi
648 2163 732 2196 ora,
757 2163 818 2187 or-

158 2210 266 2244 natus
287 2220 395 2244 causa
415 2208 552 2244 addita.
584 2207 633 2244 Et
651 2219 741 2244 sane
752 2207 816 2243 ob-

158 2263 294 2300 scurior
312 2263 378 2300 h.l.
400 2277 470 2301 vox
493 2260 749 2315 πρόκροσσοι,
769 2263 816 2300 ad

156 2331 265 2368 quam
306 2319 557 2357 illustrandam
594 2322 654 2358 vix
683 2319 818 2357 valebit

156 2375 236 2423 VII,
254 2378 345 2422 188,
360 2377 420 2414 ubi
435 2389 546 2414 naves
562 2374 816 2428 πρόκροσσοι.

157 2432 263 2469 conf.
283 2433 459 2482 Stephan.
482 2433 596 2471 Thes.
618 2433 660 2471 L.
682 2434 746 2470 Gr.
767 2432 815 2470 T.

158 2487 207 2523 IV
224 2501 259 2538 p.
281 2490 389 2530 5363
421 2491 480 2527 ed.
501 2490 611 2539 Angl.
661 2490 816 2540 Propius

156 2543 279 2580 forsan
303 2545 370 2583 huc
392 2551 536 2596 spectat
555 2560 623 2584 vox
650 2541 817 2597 κρόσσαι

156 2597 202 2645 Π,
228 2601 328 2646 125,
370 2602 430 2639 ubi
457 2604 528 2640 vid.
560 2608 650 2640 nott.
673 2617 708 2653 p.
733 2600 816 2642 774

158 2666 236 2703 seq.
281 2655 486 2695 Larcherus
515 2661 635 2697 reddit
664 2660 739 2696 l’un
762 2662 816 2696 vz's

158 2711 179 2746 ἁ
201 2713 255 2747 vis
275 2711 316 2748 de
336 2712 487 2759 l'autre;
525 2730 593 2754 nec
614 2717 717 2754 aliter
738 2717 816 2754 fere

159 2767 371 2805 vernaculus
388 2770 586 2821 interpres:
623 2773 738 2810 Ruml
758 2786 816 2809 um

159 2823 339 2861 denselben
389 2838 508 2864 waren
545 2828 814 2880 Greffenkiipfe,

156 2882 251 2917 einer
299 2881 375 2918 dem
431 2883 564 2922 andern
606 2887 815 2936 gegeniiber.

878 793 958 831 Nec
988 793 1093 831 aliter
1122 791 1280 841 denique
1301 791 1433 830 Italus:
1482 791 1538 828 al-

878 854 977 886 toruo
1000 851 1037 886 (ιί
1059 849 1161 900 quale
1176 851 1213 884 vi
1231 862 1310 885 sono
1326 850 1540 899 prominenti

877 910 961 943 teste
988 907 1028 943 di
1054 907 1141 955 grzfi
1169 905 1200 941 le
1227 919 1292 942 une
1321 906 1445 942 rz‘volte
1467 905 1538 942 alle

876 964 978 999 altre.
1024 963 1114 999 Mihi
1136 963 1251 1010 magis
1274 963 1412 999 arridet
1430 963 1538 1000 &Ves-

875 1020 1015 1069 selingii
1046 1020 1158 1065 rati03
1200 1018 1272 1056 alia
1299 1020 1394 1056 enim
1420 1031 1538 1068 eaque

876 1076 1025 1113 meliora
1043 1077 1175 1113 afferre
1202 1088 1277 1112 non
1293 1075 1425 1113 habeo.
1484 1075 1538 1112 Ac

875 1134 1031 1184 perspici
1077 1132 1214 1183 poterit
1252 1132 1322 1168 hoc
1357 1145 1401 1170 ex
1442 1131 1535 1178 loco,

876 1203 984 1238 quam
1005 1195 1145 1227 mature
1156 1190 1379 1226 Graecorum
1398 1190 1435 1226 in
1448 1201 1538 1239 ope·

876 1247 975 1283 ribus
1011 1246 1142 1296 gryphi
1181 1247 1386 1284 ornamenti
1428 1257 1538 1282 causa

874 1303 1009 1340 fuerint
1029 1302 1197 1348 adhibiti,
1227 1306 1269 1339 ut
1290 1316 1378 1339 sane
1399 1302 1536 1338 dudum

876 1364 984 1396 antea
1026 1360 1105 1409 ipsa
1142 1359 1189 1395 de
1221 1359 1382 1409 Gryphis
1416 1358 1537 1396 fabula

876 1417 923 1453 ad
953 1428 1016 1453 eos
1045 1416 1203 1453 deducta
1241 1416 1354 1453 videri
1391 1416 1534 1455 debeat.

874 1473 935 1510 Tu
953 1473 1047 1509 conf.
1066 1471 1234 1509 Volcker.
1253 1472 1372 1521 Myth.
1395 1472 1535 1520 Geogr.

875 1529 889 1565 I
913 1543 949 1579 p.
975 1527 1052 1569 184
1076 1542 1152 1577 seq.
1201 1529 1259 1567 De
1280 1529 1420 1567 Heraea
1445 1528 1536 1566 dixi-

873 1598 952 1623 mus
976 1585 1023 1622 ad
1046 1586 1109 1632 Ill,
1133 1587 1200 1626 60.

932 1646 1036 1680 τοῖσι
1090 1639 1262 1695 γούνασι
1309 1639 1536 1692 ἐρηρεισμέ-

873 1697 995 1749 νους]
1054 1699 1078 1736 i.
1117 1713 1149 1737 e.
1188 1699 1346 1748 genubus
1382 1701 1534 1736 innixos.

873 1755 1055 1793 Nimirum
1076 1756 1112 1793 hi
1134 1757 1266 1794 colossi
1287 1756 1454 1805 genubus
1478 1756 1535 1793 in-

875 1813 947 1850 nixi
977 1813 1082 1850 basin
1123 1812 1333 1851 efficiebant
1376 1826 1404 1849 S.
1437 1811 1536 1852 ὕπο-

874 1870 1132 1921 κρητηρίδιον
1161 1870 1277 1918 (conf.
1302 1870 1337 1917 Ι,
1369 1869 1422 1911 25
1447 1871 1535 1919 ibiq.

874 1927 1011 1974 nott.),
1052 1940 1148 1976 quae
1177 1931 1354 1964 craterem
1378 1927 1536 1964 sustine-

875 1988 941 2020 ret.
983 1982 1042 2020 Ne
1060 1983 1199 2021 mireris
1220 1982 1294 2020 tale
1314 1983 1402 2020 artis
1423 1996 1534 2032 opus:

874 2052 958 2076 nam
980 2039 1080 2076 Sami
1102 2040 1138 2076 in
1159 2039 1277 2076 insula
1300 2043 1443 2077 mature
1464 2039 1534 2077 iam

873 2095 994 2132 floruit
1043 2096 1220 2133 artificum
1275 2094 1419 2141 schola,
1486 2096 1535 2133 ad

875 2165 984 2200 quam
1002 2152 1183 2199 Rhoecus,
1207 2152 1387 2197 Telecles,
1407 2151 1535 2190 Theo-

875 2209 1003 2251 dorus,
1036 2208 1121 2255 alii,
1163 2209 1348 2260 pertinent
1374 2209 1535 2258 indeque

875 2265 983 2302 etiam
1018 2265 1158 2302 Croeso
1196 2278 1369 2314 magnum
1401 2278 1534 2314 argen-

873 2326 972 2358 teum
1003 2326 1125 2360 crater
1159 2334 1179 2358 a
1209 2321 1414 2359 Theodoro
1441 2322 1535 2359 circa

874 2377 1020 2428 Olymp.
1045 2378 1163 2416 LVlll
1197 2377 1422 2417 elaboratum
1453 2391 1534 2416 esse

873 2434 1026 2483 legimus
1046 2435 1084 2482 Ι,
1114 2436 1193 2482 51,
1242 2435 1303 2472 ubi
1334 2436 1407 2473 vid.
1436 2438 1532 2472 nott.

872 2491 944 2528 Hic
972 2504 1059 2529 vero
1095 2496 1211 2529 crater
1251 2504 1324 2540 quo
1365 2496 1533 2542 tempore

872 2548 1107 2597 probabiliter
1132 2549 1243 2585 suerit
1274 2547 1478 2584 elaboratus
1501 2547 1531 2584 si

874 2616 1050 2652 quaeras,
1090 2605 1159 2643 hoc
1193 2605 1241 2642 ad
1271 2604 1532 2655 Olympiadem

873 2660 1073 2707 XXXVII,
1112 2660 1369 2708 referendum,
1406 2661 1435 2697 si
1463 2661 1533 2697 Sa-

872 2718 964 2753 mios
991 2730 1034 2755 ex
1052 2718 1227 2756 Tartesso
1257 2717 1410 2755 rediisse
1438 2717 1533 2755 circa

872 2772 966 2810 hanc
998 2774 1254 2825 Olympiadem
1281 2777 1420 2811 statuas
1452 2786 1531 2810 cum

873 2830 916 2867 C.
943 2829 989 2868 Ο.
1019 2831 1160 2869 Miiller.
1200 2830 1351 2868 Handb.
1395 2830 1430 2867 d.
1462 2829 1532 2866 Ar·

872 2885 1058 2938 chaeolog.
1090 2901 1126 2939 p.
1149 2889 1214 2928 38.
1274 2885 1325 2923 Et
1350 2899 1439 2924 sane
1463 2885 1532 2922 hoc
