1904 3304
339 508 405 555 53

130 575 262 610 Quartus
315 575 409 610 Βοη-

129 609 269 643 sthenes,
301 617 349 636 mu
333 609 409 635 ιι-Ιιιι

104 644 109 649 ·
130 650 330 703 aniilurmrudrpfi
334 650 394 702 apim
382 645 409 669 t

131 718 212 778 3le
204 742 232 770 di
237 710 409 770 θῃὸΧῩίἷῐὸῑῦῐ

152 752 168 770 0

131 784 190 811 que
209 776 247 803 ad
258 776 369 803 Gerrh1
362 785 409 803 ιιιιι

132 811 248 843 10‚cum
267 810 303 837 ad
322 818 378 844 que
363 818 409 836 eni

132 843 170 871 ab
188 845 327 884 aquilone
345 844 411 870 fluit

150 885 205 912 per
222 884 311 911 igneo
314 878 392 904 nita.

133 912 171 938 Sc·
157 910 266 945 cythae
292 887 359 938 Gneo
343 910 409 944 orgi

134 945 173 972 ad
200 953 236 972 cu
220 953 267 971 ιιιιι
294 945 319 972 Χ
348 944 396 970 die

134 986 286 1039 ''23¹¹'1⁰?.‘2''
279 978 341 1047 '2352‘
343 985 412 1052 53¹3

135 1046 183 1072 eiu
167 1045 411 1074 usuniusetNiu

455 265 541 305 388
859 260 1326 300 HERODOTI

458 371 508 416 τό
533 371 580 416 δὲ
609 368 694 414 ἀπὸ
723 368 910 421 τούτου,
940 366 1217 424 ἀποστρέψας
1248 366 1449 425 ἑκάτερος
1480 369 1567 424 ῥέει
1598 369 1730 425 εὐρύ-

459 459 552 487 νων
581 441 630 485 τὸ
662 440 808 497 μέσον.

583 512 792 568 Τέταρτος
811 511 877 563 δὲ,
909 511 1193 568 Βορυσθένης
1214 510 1427 567 ποταμός·
1471 511 1518 562 ὅς
1548 511 1635 554 ἐστι
1655 508 1730 566 μέ-

465 582 612 640 γιστός
641 598 685 626 τε
706 583 812 638 μετὰ
831 583 1002 636 Ἴστρον
1030 581 1222 634 τούτων,
1254 583 1328 625 καὶ
1356 581 1734 637 πολυαρκέστατος
1745 586 1789 620 75

465 651 575 697 κατὰ
605 653 784 709 γνώμας
810 653 887 705 τὰς
913 652 1141 710 ἡμετέρας,
1183 654 1280 696 οὔτι
1309 656 1480 708 μοῦνον
1507 657 1595 696 τῶν
1621 658 1734 697 Σκυ-

465 726 610 768 θικῶν
653 729 887 780 ποταμῶν,
939 722 1047 767 ἀλλὰ
1086 724 1160 767 καὶ
1199 729 1285 767 τῶν
1326 724 1470 767 ἄλλων
1517 721 1734 775 ἁπάντων,

466 794 583 851 πλήν
617 797 787 840 Νείλου
827 800 907 840 τοῦ
938 796 1203 851 Αἰγυπτίου·
1257 793 1398 850 τούτῳ
1438 793 1522 849 γὰρ
1554 793 1634 838 οὐκ
1663 792 1736 838 οἷά

466 866 510 910 τέ
541 865 628 909 ἐστι
659 866 918 922 συμβαλέειν
949 867 1082 910 ἄλλον
1110 864 1332 921 ποταμὸν,
1373 868 1462 907 τῶν
1494 864 1538 907 δὲ
1568 868 1733 909 λοιπῶν
1748 871 1792 904 80

440 945 460 977 2
477 938 761 993 Βορυσθένης
790 937 878 980 ἐστὶ
905 936 1297 992 πολυαρκέστατος.
1348 933 1395 985 ὃς
1412 934 1550 990 νομάς
1571 952 1614 978 τε
1637 940 1736 979 καλ-

470 1010 615 1060 λίστας
635 1007 707 1052 καὶ
728 1005 1089 1064 εὐκομιδεστάτας
1112 1007 1284 1064 κτήνεσι
1303 1007 1552 1062 παρέχεται,
1580 1005 1737 1063 ἰχθύας

625 1147 734 1198 Cap.
761 1146 859 1184 Llll.

474 1202 731 1256 Βορυσθένης
743 1200 936 1254 ποταμός]
950 1202 1072 1249 Nunc,

414 1261 515 1310 quod
535 1273 642 1298 nemo
657 1261 784 1307 nescit,
801 1265 952 1297 vocatur
963 1259 1075 1295 Βηίο-

409 1330 493 1367 per,
524 1316 669 1366 Dnepr,
699 1320 839 1363 ortum,
870 1321 910 1353 ut
935 1315 1075 1361 volunt,

414 1385 459 1411 ex
474 1385 563 1411 voce
582 1373 787 1423 Danapris,
818 1373 891 1422 qua
917 1372 1074 1423 posteris

413 1430 638 1479 temporibus
652 1429 798 1466 fluvium
810 1429 1074 1478 significabant.

414 1486 499 1523 Vid.
520 1486 739 1524 Tzschucke
757 1486 806 1522 ad
825 1485 961 1523 Melam
981 1490 1076 1521 nott.

415 1555 549 1591 exegg.
570 1542 616 1587 ll,
642 1545 658 1582 1
694 1555 779 1592 pag.
801 1544 854 1582 28
883 1554 959 1590 seq.
994 1540 1076 1577 Vol.

414 1598 466 1635 Ill
497 1598 540 1634 Ρ.
567 1598 612 1635 ll.
664 1598 722 1636 De
750 1599 889 1646 antiqui
921 1597 1076 1633 nominis

415 1654 580 1701 ratione,
628 1667 724 1704 quae
757 1654 950 1691 commenti
992 1658 1078 1690 sunt

415 1710 572 1748 Danvill.
604 1712 639 1747 in
669 1710 780 1747 Me'm.
809 1710 856 1748 de
879 1710 1017 1747 l'Acad.
1040 1710 1076 1746 d.

416 1767 601 1817 Inseriptt.
636 1766 779 1803 XXXV
809 1780 894 1817 pag.
927 1767 1008 1807 577
1041 1770 1078 1803 et

415 1823 547 1860 Ritter.
576 1823 749 1860 Vorhalle
775 1836 810 1873 p.
841 1823 941 1870 175,
982 1835 1078 1860 nunc

415 1880 612 1917 mittamus.
668 1880 807 1916 Fontes
846 1880 1002 1916 fluminis
1040 1880 1077 1915 in

414 1936 595 1986 gubernio
619 1936 838 1983 Smolensk3
867 1936 961 1972 ostia
982 1937 1078 1973 intra

415 1993 643 2030 Chersonem
672 1993 800 2030 urbem
829 1997 941 2042 atque
962 1992 1076 2029 Kirn—

414 2049 518 2086 burn.
549 2049 659 2086 Plura
677 2049 861 2087 Mannert.
883 2050 933 2085 IV
954 2062 988 2099 p.
1009 2050 1076 2090 75.

413 2105 608 2143 Reichard.
637 2120 674 2156 p.
711 2105 776 2147 45.
807 2127 864 2133 ——-
902 2104 1079 2142 Locutio-

415 2175 498 2200 nem
530 2159 627 2213 μετὰ
649 2159 802 2215 Ἴστρον
825 2162 1009 2211 attigimus
1029 2162 1078 2200 ad

416 2218 480 2265 IV,
501 2217 567 2259 49.

475 2269 551 2314 οὐκ
572 2269 638 2313 οἷά
659 2272 699 2313 τέ
721 2273 800 2314 ἔστι
825 2273 1077 2326 συμβαλέειν]

416 2329 566 2380 Aliquot
585 2330 664 2367 libri
685 2327 936 2381 συμβάλλειν.
976 2332 1080 2369 Citat

417 2385 507 2424 haec
521 2386 691 2424 Eustath.
709 2388 757 2424 ad
769 2387 922 2436 Dionys.
935 2388 1081 2436 Perieg.

417 2443 512 2484 311.
542 2443 600 2480 Ad
619 2444 838 2481 sententiam
855 2445 948 2481 conf.
970 2445 1078 2482 etiam

418 2498 464 2545 ll,
486 2500 552 2540 33.
574 2497 639 2541 34.

445 2581 450 2586 -
475 2554 556 2595 ἐστὶ
588 2553 952 2606 πολυαρκέστατος]
992 2557 1014 2593 i.
1045 2569 1077 2594 e.

421 2611 472 2649 ad
490 2612 604 2649 multa
624 2614 774 2649 maxime
792 2612 985 2662 sussicz'wm,
994 2613 1078 2662 plu-

419 2671 512 2706 rima
537 2669 709 2719 praebens
746 2670 931 2706 commoda.
990 2669 1078 2707 Non

419 2724 526 2764 aliter
571 2725 817 2776 Borysthenes
865 2739 887 2762 a
931 2727 1078 2774 Scymn.

420 2782 515 2820 Chio
557 2783 722 2832 sragmm.
775 2784 827 2823 66
877 2782 1078 2819 celebratur

419 2840 578 2876 omnium
607 2839 797 2876 fluviorum
827 2836 1078 2889 χρειωὸέστα-

417 2910 492 2941 τος.
536 2893 591 2932 Ac
612 2895 771 2946 pertinet
791 2895 859 2932 huc
879 2893 999 2932 Melae
1021 2894 1075 2931 lo-

1129 1159 1191 1184 cus
1215 1146 1260 1194 ll,
1283 1149 1317 1194 1,
1337 1146 1390 1187 55
1409 1158 1509 1195 seq.:
1561 1145 1696 1193 „Tum
1718 1146 1794 1182 Bo-

1130 1202 1323 1252 rysthenes
1362 1208 1508 1251 gentem
1545 1203 1601 1239 sui
1637 1203 1793 1239 nominis

1131 1259 1271 1306 abluit,
1319 1259 1416 1296 inter
1455 1259 1628 1308 Scythiae
1668 1271 1794 1296 amnes

1131 1316 1430 1352 amoenissimus:
1461 1315 1614 1351 turbidis
1633 1314 1734 1362 aliis,
1754 1314 1796 1351 li-

1131 1371 1368 1421 quidissimus
1380 1371 1506 1409 defluit
1519 1371 1694 1422 placidior
1704 1384 1794 1421 quo-

1133 1441 1205 1477 que
1243 1441 1351 1477 quain
1392 1428 1550 1474 caeteri,
1602 1428 1795 1479 potarique

1132 1483 1405 1535 pulcherrimus.
1473 1485 1550 1521 Alit
1596 1484 1796 1522 laetissima

1133 1540 1268 1591 pabula
1284 1553 1514 1589 magnosque
1532 1542 1649 1591 pisces
1662 1570 1673 1588 ,
1712 1541 1794 1590 qui-

1135 1597 1200 1633 bus
1233 1600 1269 1634 et
1301 1598 1458 1646 optimus
1486 1610 1596 1647 sapor
1631 1602 1668 1634 et
1697 1596 1794 1634 nulla

1134 1664 1219 1689 ossa
1243 1659 1338 1690 sunt.
1387 1652 1519 1701 Longe
1556 1654 1654 1691 venit
1685 1654 1793 1702 igno-

1135 1709 1254 1757 tisque
1275 1713 1373 1745 ortus
1397 1722 1416 1746 e
1431 1710 1613 1756 fontibus,
1637 1710 1797 1758 quadra-

1135 1766 1238 1814 ginta
1259 1766 1398 1803 dierum
1417 1765 1486 1802 iter
1506 1765 1609 1804 alveo
1630 1766 1796 1815 stringit:

1136 1827 1315 1871 tantoque
1335 1824 1455 1873 spatio
1476 1822 1707 1872 navigabilis,
1738 1835 1798 1860 se-

1135 1879 1292 1916 cundum
1303 1878 1572 1927 Borysthenida
1585 1883 1621 1917 et
1635 1878 1795 1926 Olbiam,

1135 1935 1280 1972 Graeca
1299 1935 1459 1985 oppida,
1492 1935 1721 1985 egreditur.“
1742 1955 1796 1964 —

1134 1991 1353 2028 Herodotea
1388 2004 1537 2041 quoque
1565 1992 1688 2040 attigit
1719 1990 1796 2028 Eu-

1135 2047 1242 2085 stath.
1272 2048 1320 2084 ad
1340 2047 1496 2098 Dionys.
1523 2048 1668 2097 Perieg.
1698 2049 1793 2090 311·

1191 2100 1234 2150 ὃς
1256 2125 1306 2132 —
1331 2103 1550 2156 παρέχεται]
1592 2105 1713 2152 Mela,
1753 2108 1795 2141 ut

1134 2161 1245 2198 modo
1265 2161 1433 2207 vidimus,
1465 2161 1486 2198 l.
1509 2161 1555 2199 l.:
1585 2161 1654 2198 alit
1672 2161 1793 2198 laetis-

1135 2219 1224 2254 sima
1238 2217 1376 2267 pabula
1388 2247 1398 2265 ‚
1418 2219 1480 2255 ubi
1493 2217 1704 2255 Tzschucke
1723 2217 1790 2254 ad-

1135 2278 1260 2312 monet
1283 2274 1305 2310 l.
1329 2275 1351 2310 l.
1376 2287 1460 2324 pag.
1488 2275 1542 2315 30
1571 2274 1790 2311 recentiores

1135 2343 1282 2380 quoque
1305 2330 1463 2380 riparum
1489 2334 1524 2366 et
1545 2331 1704 2378 regionis
1724 2330 1792 2367 ad-

1134 2387 1282 2425 iacentis
1316 2386 1533 2423 fertilitatem
1568 2387 1789 2436 praedicare.

1134 2443 1208 2480 Pro
1231 2438 1571 2492 εὕιόμιδεστάτας,
1601 2444 1699 2492 quod
1712 2443 1792 2493 qui-

1135 2500 1220 2537 dam
1237 2499 1315 2536 libri
1333 2498 1532 2545 exhibent,
1571 2512 1667 2536 nunc
1692 2512 1792 2538 rece-

1132 2560 1235 2606 ptum
1255 2551 1602 2604 ειῖκομιδεστάταςς
1632 2569 1699 2594 nec
1714 2567 1792 2594 ma·
1854 2572 1864 2587 ι

1133 2612 1190 2661 gis
1223 2612 1461 2649 necessarium
1492 2612 1711 2660 rescribere,
1752 2615 1791 2648 ut

1135 2668 1212 2706 aliis
1223 2667 1370 2718 placuit,
1385 2663 1713 2719 εύδοκιμεστᾶτας
1729 2672 1792 2706 aut

1134 2720 1493 2774 ἕντιτηόειεστάτας,
1541 2730 1580 2762 ιιι
1616 2724 1789 2762 Valcken.

1135 2781 1219 2818 olim
1240 2782 1446 2818 coniecerat
1465 2782 1513 2818 ob
1536 2780 1658 2819 Vallae
1680 2782 1791 2818 inter-

1133 2838 1394 2888 pretationem:
1425 2841 1457 2875 et
1474 2837 1791 2874 accommodatissi-

1133 2907 1190 2930 ma
1205 2895 1398 2944 pecoribus.
1441 2895 1553 2938 Quod
1573 2894 1658 2932 dedi
1680 2888 1792 2932 εὐκο-
