1904 3304
517 249 1080 288 MELPOMENE.
1140 249 1201 286 lv,

226 357 336 402 εἶναι
385 360 462 412 τῆς
505 357 672 415 Λιβύης
708 358 849 414 χῶρόν
897 375 943 402 τε
987 359 1061 401 καὶ
1107 356 1376 412 ἀνθρώπους
1415 357 1493 409 ἔξω
1552 358 1671 386 11⁰⁰¹·⁸¹

1409 252 1494 291 629

222 428 494 483 “Ηρακλη“ί“ων
523 429 712 485 στηλέων
742 429 1110 485 κατοικημένους,
1153 430 1197 479 ές
1226 427 1330 479 τούς
1360 427 1493 471 ἐπεάν

226 498 464 542 ἀπίκωνται
503 500 575 543 καὶ
617 500 842 551 ἐξέλωνται
878 500 930 542 τὰ
960 501 1142 554 φορτία,
1185 500 1336 548 θέντες
1372 492 1582 550 αὐτὰόὅξῗ,

225 569 373 627 ἐπεξῆς
402 571 520 624 παρα
552 571 630 626 τὴν
659 569 948 625 κυματωγήν,
982 570 1184 627 ἐσβάντες
1214 572 1256 621 ἐς
1277 569 1329 613 τὰ
1346 573 1492 620 πλοῖα,
1574 559 1579 564 '

225 640 381 695 τύφειν
411 641 603 685 καπνόν·
640 640 743 691 τούς
775 639 815 684 δ’
846 640 1122 696 ἐπιχωρίους,
1153 641 1384 697 ἰδομένους
1413 639 1491 684 τὸν

224 712 415 765 καπνόν,
467 713 577 755 ἰέναι
608 712 676 754 ἐπὶ
705 711 784 767 τὴν
818 711 1069 756 θάλασσαν’
1119 713 1193 756 καὶ
1216 713 1358 755 ἔπειτα
1392 709 1491 754 ἀντὶ

224 788 313 826 τῶν
360 785 556 839 φορτίων
603 782 768 837 χρυσὸν
815 782 1009 834 τιθέναι,

1070 783 1143 826 καὶ
1183 782 1490 838 ἐξαναχωρέειν

196 854 380 908 Ξπρόσω
421 853 506 898 ἀπὸ
546 858 634 897 τῶν
674 855 882 908 φορτίων.
940 852 1045 903 τούς
1081 854 1127 896 δὲ
1156 854 1548 908 Καρχηδονίουςδο

225 925 435 980 ἐκβάντας
448 958 458 974 ,
498 924 756 968 σκέπτεσθαι
769 940 777 947 ·

836 924 910 966 καὶ
948 923 1004 979 ἢν
1041 923 1119 978 μὲν
1159 925 1368 979 φαίνηταί
1412 935 1491 979 σφι

223 995 343 1046 ἄξιος
374 994 397 1038 ὁ
426 995 587 1051 χρυσὸς
615 999 705 1037 τῶν
734 994 953 1049 φορτίων,
984 992 1246 1050 ἀπελόμενοι
1277 993 1490 1038 ἀπαλλάσ-

224 1077 396 1108 σονται·
451 1066 509 1123 ἢν
557 1066 603 1110 δὲ
641 1065 700 1123 μὴ
748 1066 888 1119 ἄξιος,
938 1065 1142 1123 ἐσβάντες
1177 1063 1313 1109 ὀπίσω
1353 1064 1396 1115 ἐς
1434 1063 1487 1107 τοὶ

168 1198 265 1233 bum.
296 1196 395 1240 Quin
416 1198 512 1232 teste
532 1193 662 1243 Lyone
677 1194 714 1230 in
731 1198 829 1231 terra

167 1253 294 1289 Sudan
333 1253 515 1289 invenitur
557 1263 669 1299 gens,
717 1255 827 1287 noctu

167 1322 264 1358 quae
287 1308 541 1345 commercium
568 1313 654 1356 agat
679 1320 722 1344 eo
750 1308 826 1345 fere

166 1366 298 1411 modo,
338 1378 411 1414 quo
432 1367 578 1402 enarrat
598 1363 823 1400 Herodotus.

165 1422 344 1459 Advenae
377 1433 514 1459 merces
549 1432 633 1456 suas
669 1420 731 1456 ubi
763 1432 825 1457 ex-

165 1482 368 1529 posuerunt
400 1476 552 1525 singulis
593 1477 730 1513 acervis
769 1476 824 1512 di-

166 1535 337 1581 stinctas,
360 1535 517 1578 abeunt,
535 1545 642 1569 mane
660 1533 824 1579 redituri,

165 1603 364 1639 aurumque
394 1590 567 1627 mercium
608 1589 745 1625 acervis
776 1589 822 1625 ab

164 1648 347 1696 indigenis
388 1646 594 1696 adpositum
633 1645 822 1692 abslaturi,

165 1704 195 1741 si
215 1704 303 1741 satis
319 1703 405 1740 illud
418 1702 526 1740 suerit
542 1702 681 1747 visum3
708 1702 739 1738 si
755 1701 823 1738 mi-

164 1773 232 1797 nus
244 1789 255 1807 ,
285 1766 321 1797 et
338 1772 474 1797 merces
496 1762 533 1796 et
549 1771 675 1794 aurum
691 1758 728 1794 in
747 1771 823 1795 me-

165 1817 227 1853 dio
246 1817 451 1865 relinquere
475 1815 665 1862 dicuntur,
703 1815 822 1852 donec

164 1873 246 1924 plus
268 1874 346 1910 auri
364 1872 474 1909 fuerit
494 1872 712 1921 adpositum.
764 1870 794 1906 Τ
799 1884 821 1906 ιι

164 1929 409 1966 vidfleeren.
427 1929 540 1965 Ideen
562 1928 608 1973 11,
631 1932 648 1967 1
673 1941 709 1977 p.
728 1930 820 1973 182,

164 1987 226 2035 qui
255 1985 360 2022 simul
381 1985 521 2022 attendi
543 1983 642 2020 iubet
662 1983 710 2019 ad
728 1984 822 2019 Car-

162 2041 442 2090 thaginiensium
535 2040 823 2076 coniunctionem

164 2111 246 2136 cum
286 2098 353 2134 illis
392 2096 603 2147 regionibus
642 2096 820 2142 auriferis,

163 2155 338 2193 maiorem
365 2155 508 2200 forsan,
546 2165 655 2202 quam
687 2152 820 2189 Graeci

164 2211 423 2258 existimarint,
471 2223 583 2259 quum
625 2208 820 2257 Carthagi-

162 2269 308 2306 nienses
326 2267 424 2314 talia,
451 2279 498 2304 ne
518 2266 596 2304 aliis
615 2266 821 2302 innotesce-

162 2330 257 2373 rent,
277 2336 411 2373 magna
428 2336 512 2360 cura
531 2323 651 2372 egisse
668 2322 820 2358 videan-

161 2386 232 2418 tur.
266 2381 409 2425 Quibus
431 2379 460 2416 C
468 2393 495 2418 r.
514 2379 602 2416 haec
616 2379 820 2417 adiecerat:

161 2437 333 2484 „Similis
380 2436 582 2485 negotiatio
622 2435 821 2483 Nigrorum

163 2494 247 2540 (der
256 2493 382 2542 Neget
393 2506 464 2530 von
475 2493 649 2538 Guinea),
663 2504 757 2541 quae
766 2495 821 2527 ta·
869 2491 1021 2541 fumum.

164 2550 232 2587 cite
251 2550 305 2598 fit,
329 2554 551 2587 memoratur
570 2550 606 2585 in
624 2548 715 2585 libro
731 2561 739 2584 ε
769 2547 817 2584 Di

163 2605 291 2642 Marco
308 2606 398 2642 Polo
420 2619 441 2644 e
468 2605 566 2654 degli
591 2604 696 2642 alteri
714 2604 818 2652 viag-

164 2661 504 2710 g'iatorivencziani
526 2662 588 2712 piu
608 2660 736 2698 illustri
758 2659 818 2698 del

163 2718 204 2754 1’.
228 2718 295 2754 Ab.
311 2718 358 2756 D.
376 2718 521 2755 Placido
532 2718 655 2754 Zurla.
686 2717 817 2754 Venet.

167 2775 285 2814 1818.
310 2776 359 2813 19
379 2788 415 2824 p·
434 2777 512 2816 126
535 2776 640 2824 seq.“

220 2827 327 2880 παρὰ
353 2828 426 2879 τήν
448 2827 710 2883 κυματωγήν]
739 2830 761 2866 i.
785 2844 818 2867 e.

163 2889 200 2923 in
220 2886 334 2923 litoris
357 2887 556 2937 crepidine,
584 2893 625 2925 ut
642 2889 822 2938 interpre-

885 1198 982 1231 tatur
1021 1193 1193 1231 Valcken.
1242 1194 1355 1231 citans
1391 1192 1543 1230 Lucian.

885 1250 981 1288 Tim.
998 1249 1034 1301 ἓ.
1057 1252 1110 1292 56
1139 1250 1223 1298 (ubi
1239 1251 1312 1286 vid.
1335 1253 1429 1286 nott.
1453 1262 1540 1299 pag.

884 1305 968 1347 440
991 1308 1037 1344 T.
1060 1307 1073 1343 l
1095 1307 1218 1356 Bip.),
1249 1307 1349 1356 apud
1372 1305 1544 1355 Sophocl.

882 1364 919 1400 in
943 1364 1039 1400 Oed.
1068 1363 1147 1400 Col.
1181 1365 1288 1403 1237
1318 1363 1448 1409 (1240
1476 1361 1542 1410 al.)

882 1424 999 1457 exstat
1020 1415 1117 1458 οἷκτοὶ
1138 1415 1411 1469 κυματοπλήξ,
1446 1430 1542 1467 quae

881 1472 1056 1526 κύματος
1102 1471 1177 1527 α’γή
1223 1476 1323 1525 apud
1367 1473 1538 1524 Apollon.

880 1532 1001 1570 Rhod.
1025 1533 1055 1579 l,
1079 1532 1171 1573 554.
1204 1533 1247 1568 In
1269 1531 1449 1568 Herodot.
1471 1531 1538 1578 ΙΧ,

885 1591 963 1628 100
998 1602 1092 1626 nunc
1121 1592 1221 1626 recte
1253 1587 1388 1636 legitur
1416 1602 1540 1638 κυμα-

879 1647 1010 1696 τωγῆς
1036 1645 1123 1694 (pro
1155 1639 1428 1695 κυματώγης),
1466 1643 1540 1691 ubi,

880 1703 942 1750 qui
971 1714 993 1738 a
1021 1700 1267 1750 lVesselingio
1297 1701 1432 1737 citatur
1464 1700 1540 1737 Eu-

879 1758 988 1795 stath.
1008 1759 1055 1795 ad
1073 1758 1208 1807 Odyss.
1229 1771 1264 1807 p.
1286 1755 1408 1801 1540,
1433 1755 1489 1796 25
1507 1769 1537 1793 s,

878 1816 985 1860 230,
1016 1814 1070 1854 48
1104 1815 1366 1864 interpretatur
1397 1806 1539 1862 οἷκτήν,

879 1871 982 1909 ἔνθα
1007 1867 1054 1908 τὰ
1084 1866 1241 1921 κύματα
1271 1866 1435 1922 ἄγονται
1460 1869 1537 1906 sive

879 1928 993 1964 litoris
1013 1927 1232 1976 crepidinem,
1258 1938 1362 1975 quam
1380 1925 1538 1962 verberat

878 1983 974 2019 unda
999 1985 1129 2029 maris,
1170 1996 1198 2020 s.
1225 1983 1275 2019 ad
1301 1994 1404 2031 quam
1428 1980 1537 2031 fran-

878 2043 1016 2088 guntur
1052 2039 1180 2076 undae.
1248 2038 1344 2075 Add.
1380 2037 1535 2075 Lucian.

877 2096 1047 2133 Hermot.
1067 2096 1120 2137 84
1133 2124 1142 2142 ‚
1174 2095 1235 2131 ubi
1252 2094 1363 2131 multa
1380 2094 1536 2131 Solanus

876 2152 923 2190 T.
946 2151 997 2189 IV
1020 2166 1057 2202 p.
1080 2151 1162 2193 429
1181 2164 1259 2200 seq.
1285 2151 1389 2200 Bip.‚
1427 2150 1531 2197 alios,

876 2221 969 2258 quos
987 2208 1167 2246 Herodoti
1194 2209 1411 2256 interpretes
1436 2212 1533 2244 attu-

875 2264 1015 2311 lerunt,
1055 2265 1092 2301 in
1111 2278 1183 2314 quo
1202 2263 1371 2301 Eustath.
1391 2262 1413 2300 l.
1428 2261 1450 2300 l.
1467 2263 1534 2300 ha-

876 2322 941 2359 bet
962 2317 1155 2374 αἰγιαλόν.
1204 2320 1337 2358 Glossa
1362 2319 1533 2356 Herodo-

876 2382 957 2415 tea:
994 2373 1212 2430 ὑπαγωγή·
1253 2371 1443 2429 αἰγιαλός.
1476 2396 1532 2403 —-

876 2431 1019 2483 τύφειν
1064 2430 1221 2474 καπνόν
1272 2437 1331 2470 est
1383 2433 1535 2470 excitare

1084 2490 1223 2528 Locum
1261 2489 1384 2526 citavit
1416 2489 1533 2526 Henr.

877 2548 1006 2598 steph.
1036 2548 1072 2584 in
1093 2548 1206 2585 Thes.
1239 2559 1268 2583 s,
1295 2558 1329 2582 v.
1351 2544 1462 2584 Tom.
1483 2545 1532 2581 VI

875 2617 911 2655 p.
936 2606 1048 2646 9732
1078 2604 1136 2642 ed.
1164 2602 1297 2652 AngL,
1343 2601 1405 2638 ubi
1428 2600 1533 2651 plura

875 2674 972 2698 nunc
990 2664 1074 2697 sunt
1092 2660 1213 2697 allata.

931 2713 985 2767 ἢν
1005 2714 1048 2755 δὲ
1069 2713 1123 2767 μή
1145 2712 1271 2764 ἄξιος]
1292 2714 1404 2758 Quod
1420 2713 1532 2762 vulgo

874 2778 960 2825 post
985 2770 1041 2824 μή
1068 2773 1238 2809 inseritur
1269 2769 1329 2820 εἴη
1364 2771 1400 2807 in
1421 2769 1533 2820 pluri-

876 2831 944 2867 bus
965 2830 1071 2867 codd.
1088 2829 1278 2874 omissum,
1308 2827 1346 2863 id
1370 2839 1450 2863 cum
1473 2839 1530 2862 re-

877 2890 987 2924 eentt.
1018 2886 1102 2924 edd.
1133 2885 1245 2931 eieci,
1282 2897 1363 2921 cum
1396 2882 1531 2933 optati-

1674 359 1773 394 aibyne
1782 369 1831 386 ex-

1580 398 1627 418 tra
1654 394 1807 432 columnas

1584 493 1700 519 ‹msium
1752 494 1830 520 aduri

1693 534 1829 553 mei-cau-

1550 558 1580 584 di
1599 559 1675 586 ratio
1690 560 1753 586 siun
1765 568 1827 586 ser-

1547 600 1657 652 fidorge,
1686 601 1721 620 ac
1739 594 1828 629 plena

1590 633 1629 652 ci.

1587 526 1672 552 litus:
