1904 3304
451 254 535 294 166

847 249 1321 290 HERODOTI

449 357 749 417 ἑβδομήκοντα
785 361 859 404 καὶ
899 358 1053 404 ἑκατὸν
1081 359 1273 404 τάλαντα
1301 360 1602 417 προσέφερον·
1649 376 1721 404 νο-

421 432 532 488 6μὸς
572 425 700 483 οὗτος
738 431 936 488 ἕβδομος.
996 429 1081 474 ἀπὸ
1113 429 1303 476 Σούσων
1333 432 1404 486 δὲ,
1443 431 1517 477 καὶ
1545 434 1621 488 τῆς
1650 429 1722 475 ἄλ.-

393 588 502 625 quam
532 575 718 624 regionem
737 572 874 611 Noster
897 573 1058 623 ignorat.

392 631 451 670 Ad
470 632 676 669 Gamlarios
695 631 879 680 pertinere
898 630 974 668 vult
996 643 1056 667 ur-

393 688 474 726 bem
494 688 629 733 Godar,
661 687 708 724 ad
728 687 911 737 Aparytas
930 688 1057 724 urbem

391 745 677 794 Apabarticam,
709 748 900 793 utramque
923 744 969 781 ab
988 744 1056 780 Isi-

392 802 483 838 doro
517 804 753 838 memoratam
792 805 829 838 et
859 801 955 837 intra
987 799 1057 838 Ni-

392 870 514 895 saeam
533 857 663 906 (quam
685 856 839 895 Rennel.
859 857 971 894 habet
990 869 1056 907 pro

391 917 488 951 terra
508 911 738 963 Naisabour)
766 918 804 951 et
825 913 1056 950 Antiochiam

391 970 623 1019 Margianam
668 968 805 1020 (quam
847 982 914 1020 pro
957 975 1057 1007 terra

392 1026 500 1064 Meru
538 1023 680 1076 habet)
719 1026 942 1063 collocatam.
1001 1027 1057 1062 Ac

391 1083 551 1133 denique
567 1083 695 1120 urbem
717 1082 871 1119 Gandar
901 1083 1056 1120 eandem

391 1140 581 1177 contendit
601 1152 702 1185 esse,
734 1152 828 1188 quae
845 1140 879 1176 in
899 1139 1058 1177 Dschin-

391 1196 555 1245 gischani
587 1195 737 1232 historia
768 1195 915 1233 nomine
934 1195 1057 1231 Καθη-

392 1253 462 1289 (lar
480 1253 608 1289 crebro
628 1251 844 1302 appelletur.
882 1251 941 1289 De
956 1253 1057 1289 Gan-

395 1309 511 1346 darz't's
545 1307 755 1356 obloquitur
782 1307 953 1346 Larcher.
980 1313 1057 1345 tum

389 1366 427 1403 in
444 1370 519 1403 not.
541 1365 590 1401 ad
613 1364 694 1412 Vll,
716 1366 790 1411 66,
828 1370 904 1402 tum
924 1365 961 1402 in
981 1365 1057 1402 tab.

390 1422 595 1472 geograph.
615 1421 811 1459 Strabonis
831 1422 1056 1472 potissimum

389 1480 438 1516 ob
459 1478 714 1516 auctoritatem
732 1478 802 1515 XV
829 1492 864 1528 p.
891 1480 988 1526 699,
1023 1490 1052 1517 s.

388 1549 426 1586 p.
464 1535 568 1576 1024
588 1533 657 1581 A.‚
695 1536 768 1584 qua
797 1535 958 1572 Indicam
988 1548 1057 1585 po-

388 1592 458 1629 tius
489 1595 612 1629 censet
642 1596 790 1640 gentem
813 1604 916 1637 esse,
955 1592 1056 1628 cuius

389 1648 496 1685 sedes
507 1648 554 1685 ad
567 1647 696 1684 Indum
706 1648 852 1684 fluvium
863 1648 934 1684 sint
945 1659 1058 1696 quae-

388 1704 539 1742 rendae.
560 1703 610 1740 Et
620 1702 738 1740 Wahl.
753 1702 1055 1753 (Erdbeschreib.

388 1760 581 1798 v.Ostind.
601 1773 636 1809 p.
649 1760 728 1801 461
748 1773 803 1809 sq.
822 1760 925 1808 465)
946 1760 1057 1809 longa

389 1817 640 1867 disputatione
697 1816 844 1854 efficere
901 1818 1056 1864 studuit,

390 1873 660 1911 Gandariorum
691 1877 839 1921 gentem
871 1873 1057 1910 Gandari—

391 1942 534 1979 camque
552 1930 741 1978 regionem
762 1942 836 1967 non
857 1929 962 1967 aliam
977 1943 1057 1967 esse

389 1990 502 2036 atque
522 1999 602 2025 eam
619 2015 629 2033 ,
670 1998 779 2034 quam
801 1999 896 2025 nunc
923 1990 1055 2023 vocant

389 2042 537 2080 Kutwer
562 2047 599 2080 et
617 2041 771 2086 Bel0ur;
809 2043 908 2080 cuius
933 2044 1055 2092 gentis

389 2100 506 2136 tribus
541 2099 719 2149 quasdam
748 2099 863 2137 videri
891 2099 1056 2136 Datlicas

389 2160 426 2194 et
446 2156 654 2206 AparytaS,
703 2160 764 2193 aut
786 2160 884 2194 certe
914 2156 1055 2193 accolas

389 2225 433 2250 ea
451 2212 488 2249 in
508 2213 684 2261 regione,
716 2225 810 2261 quae
831 2225 852 2249 a
873 2212 1055 2250 Bucharia

388 2280 502 2319 parva
544 2282 660 2316 usque
688 2268 734 2305 ad
765 2268 800 2305 T
804 2269 939 2306 ibetum
969 2282 1055 2320 par-

388 2336 469 2361 vam
504 2325 698 2374 pertineat.
757 2323 880 2374 Ipsum
920 2338 1054 2362 nomen

388 2393 470 2417 cum
489 2381 643 2417 Persicis
676 2382 871 2418 convenire
903 2382 1053 2418 vocibus

389 2436 603 2482 Gamlaker,
636 2448 663 2472 s.
683 2436 894 2482 Gnmlalter,
926 2438 1055 2475 Gund-

389 2505 485 2530 ware
500 2522 511 2540 ‚
563 2506 591 2529 s.
633 2493 865 2537 Gamlmare5
923 2494 1054 2543 quibus

389 2550 556 2586 omnibus
578 2548 709 2599 fortem
731 2549 913 2587 hominem
936 2550 1055 2599 signi-

388 2606 487 2642 ficari
527 2618 570 2642 ac
609 2605 816 2642 bellicosum.
890 2606 1055 2643 Dadicas

388 2661 591 2699 Larcherus
609 2662 655 2698 ab
672 2662 813 2699 oriente
824 2662 1054 2708 Bactrianae,

389 2722 426 2756 et
467 2718 514 2755 ab
552 2718 742 2755 occidente
783 2719 1054 2756 Gandariorum

388 2773 640 2812 collocaverat.
680 2774 844 2821 Rectius,
864 2776 1008 2826 opinor,
1026 2776 1053 2812 Ι.

389 2831 437 2867 de
478 2831 664 2868 Hammer.
709 2830 879 2878 (Annall.
920 2831 1052 2869 Yienn.

388 2886 509 2925 XLVI
540 2901 577 2939 p.
602 2889 681 2929 120
708 2886 787 2925 coll.
810 2886 896 2925 Llll
917 2901 953 2940 p.
976 2888 1053 2937 25)

1114 577 1217 616 trans
1237 574 1371 619 Oxum,
1401 573 1438 610 in
1460 573 1612 623 regione
1633 572 1780 614 Bucha·

1114 643 1168 676 ra,
1189 643 1284 679 quae
1302 643 1398 666 nunc
1419 636 1592 677 vocatur,
1623 643 1645 666 a
1665 634 1778 678 gente

1114 687 1304 724 Tadschik
1333 687 1497 723 habitata
1527 699 1570 724 ac
1595 687 1779 738 primitiva

1115 743 1383 781 Germanorum
1421 743 1562 793 patria,
1613 742 1780 781 collocat.

1115 799 1232 852 [ldem
1258 799 1312 836 vir
1341 799 1468 836 doctus
1499 800 1536 836 in
1556 800 1683 837 iisdem
1703 799 1782 838 An·

1114 856 1255 893 nalibus
1272 855 1384 904 (vol.
1401 855 1485 892 LllI
1503 868 1588 906 pag.
1609 857 1690 905 25)
1711 855 1779 893 hos

1114 913 1293 959 Δαδίκας
1337 913 1476 949 diserte
1513 912 1779 952 Germanorum

1113 970 1269 1007 maiores
1288 970 1385 1006 dicit.
1407 967 1490 1018 Cn]
1522 967 1621 1005 Add.
1638 969 1779 1007 Histor.

1114 1027 1266 1063 Osman.
1293 1026 1307 1062 1
1337 1039 1374 1075 p.
1395 1027 1490 1066 616.
1539 1025 1594 1062 Ac
1619 1026 1780 1075 denique

1113 1082 1323 1120 Maltebrun
1350 1081 1514 1132 (Annall.
1533 1081 1655 1119 NouV.
1682 1082 1715 1118 ΙΙ
1740 1095 1779 1132 p.

1115 1140 1211 1179 337.
1241 1139 1361 1186 338),
1406 1138 1469 1187 qui
1511 1138 1579 1175 hac
1617 1139 1780 1188 satrapia

1114 1200 1244 1244 gentes
1257 1195 1434 1231 nomades
1450 1199 1638 1231 montosas
1656 1207 1677 1231 a
1689 1194 1779 1232 Per-

1115 1253 1164 1288 sis
1190 1251 1368 1288 orientem
1391 1255 1427 1288 et
1450 1251 1678 1288 occidentem
1698 1263 1781 1288 ver-

1115 1320 1176 1345 sus
1203 1307 1378 1344 contineri
1414 1307 1698 1356 Gandariosque
1731 1307 1780 1345 ad

1115 1364 1325 1412 Pactyicam
1345 1364 1540 1400 australem
1564 1361 1678 1415 (conf.
1690 1367 1780 1401 nott.

1115 1422 1162 1459 ad
1182 1420 1244 1467 ΙΙΙ,
1268 1422 1368 1468 102)
1396 1433 1436 1457 se
1456 1421 1664 1458 extendisse
1688 1419 1779 1468 vult,

1113 1477 1278 1514 Daclicas
1296 1482 1407 1526 atque
1417 1476 1515 1513 Daos
1528 1477 1682 1514 eandem
1698 1490 1779 1515 esse

1113 1534 1309 1571 arbitratur
1327 1539 1498 1582 gentem,
1536 1546 1633 1582 quae
1662 1538 1778 1571 terras

1113 1591 1283 1628 Bactriae
1305 1590 1438 1626 vicinas
1457 1590 1631 1636 tenuerit,
1674 1594 1779 1628 ante-

1115 1659 1224 1696 quam
1243 1646 1290 1684 ad
1311 1646 1486 1696 Caspium
1517 1658 1617 1683 mare
1643 1647 1779 1695 migra-

1114 1703 1219 1740 verit.
1250 1706 1438 1753 Aparytas
1450 1701 1686 1752 probabiliter
1697 1715 1780 1741 esse

1114 1763 1223 1810 putat
1241 1760 1416 1808 Paryatas
1435 1758 1656 1805 Ptolemaei3
1688 1759 1780 1796 Sat-

1114 1816 1274 1866 c'agyclas
1299 1829 1384 1853 vero
1405 1828 1553 1866 prorsus
1575 1816 1748 1864 ignorari.

1172 1902 1292 1955 νομὸς
1315 1899 1432 1952 οὗτος
1454 1903 1645 1956 ἕβδομος]
1685 1906 1779 1944 Post

1113 1959 1232 2012 νομὸς
1259 1975 1339 1999 cum
1362 1962 1565 2012 Schweigh.
1588 1967 1623 2001 et
1645 1962 1777 2010 Gaisfi,

1113 2019 1229 2056 abieci
1250 2019 1272 2057 ὃ
1285 2016 1322 2066 ὲ,
1343 2020 1442 2068 quod
1462 2019 1574 2068 vulgo
1594 2019 1778 2058 adiectum

1113 2080 1170 2121 est
1193 2075 1367 2126 quodque
1386 2076 1535 2113 retinuit
1552 2075 1685 2128 Matth.

1171 2150 1249 2194 ἀπὸ
1291 2150 1464 2193 Σούσων
1502 2151 1569 2201 δὲ,
1599 2153 1666 2194 καὶ
1705 2157 1778 2205 τῆς

1114 2208 1233 2261 ἄλλης
1258 2211 1437 2250 Κισσίων
1469 2206 1628 2263 χώρης]
1670 2210 1777 2249 Haec

1112 2269 1368 2319 praefectura,
1422 2268 1600 2305 ambitum
1630 2268 1661 2304 si
1691 2281 1777 2318 spe-

1112 2330 1212 2371 ctes,
1269 2329 1354 2374 post
1401 2323 1580 2371 Lydicam
1627 2324 1775 2361 minima

1112 2381 1201 2427 suit,
1238 2381 1458 2417 observante
1475 2379 1630 2417 Rennel.
1654 2379 1677 2416 l.
1693 2379 1715 2416 l.
1735 2393 1774 2431 p.

1112 2436 1206 2477 499.
1254 2435 1578 2486 Complectebatur
1608 2447 1689 2473 eam
1715 2449 1775 2474 re-

1113 2495 1279 2541 gionem,
1337 2505 1433 2540 quae
1482 2504 1578 2529 nunc
1624 2496 1777 2530 vocatur

1113 2549 1318 2595 Cleusz'stan,
1349 2547 1587 2596 Babyloniae,
1612 2549 1775 2597 Mediae,

1110 2605 1254 2643 Persidi
1276 2610 1313 2642 et
1333 2605 1478 2642 Persico
1498 2605 1591 2642 sinui
1608 2606 1776 2652 vicinam,

1110 2674 1183 2698 una
1202 2675 1280 2699 cum
1300 2660 1426 2706 Susis,
1465 2674 1559 2709 quae
1581 2662 1688 2700 sedes
1706 2662 1774 2699 fuit

1109 2720 1222 2766 regia.
1261 2718 1318 2754 Cf.
1343 2717 1421 2761 ΠΙ,
1443 2719 1507 2758 62.
1535 2719 1587 2759 86
1618 2723 1654 2756 et
1672 2718 1776 2755 Hee-

1110 2787 1185 2811 ren.
1208 2773 1319 2811 Idecn
1351 2773 1385 2819 l,
1422 2775 1441 2812 1
1465 2786 1553 2824 pag.
1584 2775 1667 2816 299
1693 2786 1770 2823 seq.

1111 2830 1217 2874 Quae
1239 2830 1322 2867 oliin
1343 2831 1411 2872 suit
1432 2834 1528 2868 terra
1554 2830 1772 2868 fertilissima

1109 2898 1154 2925 ac
1177 2887 1421 2935 feracissima,
1459 2898 1503 2924 ea
1525 2899 1621 2925 nunc
1645 2887 1770 2924 deser-
