1904 3304
344 236 428 274 108

732 233 1196 272 HERODOTI

342 341 503 387 τούτου
541 342 738 397 ὄρυγμα,
785 340 985 385 κάτωθεν
1017 339 1278 398 ἀρξάμενον,
1323 342 1612 398 ἀμφίστομον.

314 414 396 458 2τὸ
426 415 505 469 μὲν
533 418 671 470 μῆκος
701 417 780 456 τοῦ
805 411 1078 468 ὀρύγματος,
1110 414 1212 457 ἔπτὰ
1237 414 1406 458 στάὸιοί
1435 416 1535 457 εἰσι·
1567 415 1616 458 τὸ

312 485 389 528 ὃδὲ
419 483 534 536 ὕψος
563 486 634 527 καὶ
667 480 819 538 εὖρος,
851 483 963 527 ὀκτω
995 483 1200 539 ἑκάτερον
1229 484 1374 535 πόδες.
1409 485 1481 528 διὰ
1510 502 1615 527 παν-

340 572 416 605 τος
456 555 502 597 δὲ
541 553 679 598 αὐτοῦ
710 554 813 597 ἄλλο
860 555 1029 611 ὄρυγμα
1060 558 1307 611 εἰκοσίπηχυ
1338 556 1477 612 βάθος
1507 556 1614 610 ὀρώ-
1626 562 1672 596 9‘3

342 643 520 681 ρυκται,
554 628 738 680 τρίπουν
766 625 810 669 δὲ
840 627 887 670 τὸ
918 622 1066 680 εὖρος,
1107 628 1148 669 δί
1180 628 1231 669 οὐ
1263 645 1311 670 το
1344 627 1487 681 ὕδωρ,
1520 625 1615 683 ὀχε-

341 697 580 753 τευόμενον
611 698 683 740 διὰ
714 695 944 756 στρων,
976 700 1261 752 παραγίτεται
1291 698 1332 748 ἐς
1362 715 1442 754 την
1471 698 1613 749 πόλιν,

312 768 567 824 4ἆγόμενον
605 768 690 811 ἀπὸ
728 770 913 824 μεγάλης
952 773 1099 824 πηγῆς.

1159 768 1419 823 ἀρχιτέκτων
1456 770 1500 812 δὲ
1531 772 1614 812 τοῦ

341 838 589 895 ὀρύγματος
611 838 771 883 τούτου
794 841 958 895 ἐγένετο
980 839 1210 894 Μεγαρεὺς
1228 837 1479 890 Εὐπαλῖνος
1493 843 1615 883 Ναυ-

315 909 559 966 ὅστρόφου.

619 915 751 954 τοῦτο
783 911 860 966 μὲν
897 911 948 967 δή
993 913 1042 954 ἓν
1071 915 1160 954 τῶν
1189 913 1320 963 τριῶν
1349 910 1448 953 ἐστί.

1507 909 1615 953 Δεύ-

342 999 471 1037 τερον
502 982 567 1031 δὲ,
599 983 696 1037 περὶ
724 981 875 1037 λιμένα
904 986 1025 1038 χῶμα
1046 982 1091 1024 ἐν
1115 979 1335 1037 θαλάσσῃ,
1368 980 1508 1037 βάθος
1539 998 1613 1025 κα-

284 1125 395 1160 tiores
416 1134 602 1160 mensuras
624 1128 861 1167 revocentur,
895 1123 949 1158 ef-

285 1180 402 1216 ficitur
421 1180 505 1216 inde
525 1179 656 1214 montis
687 1178 839 1214 altitudo
867 1180 947 1217 (353

284 1236 420 1286 pedum
445 1235 687 1271 Parisiuorum
720 1235 795 1271 sive
828 1237 948 1280 277,

287 1292 393 1332 4331
418 1297 616 1328 metrorum
632 1290 852 1327 Gufficorum
873 1290 948 1327 sive

285 1350 409 1394 883,
457 1348 566 1387 9572
604 1348 738 1397 pedum
779 1347 947 1383 Rhenan.

283 1406 434 1454 Septem
465 1405 583 1439 stadia
608 1405 819 1452 aequabunt
837 1404 947 1443 3986

282 1462 397 1511 pedes
415 1461 618 1505 l’arisiuos‚
649 1473 675 1496 s.
697 1460 851 1505 O‚1748
871 1459 950 1496 mil-

282 1517 358 1553 liar.
379 1530 522 1565 geogrr.
570 1518 667 1553 Octo
691 1521 811 1553 autem
835 1517 948 1566 pedes

284 1575 416 1611 Graeci
443 1574 635 1622 quominus
669 1573 821 1609 totidem
848 1573 948 1609 Rhe-

283 1642 399 1667 nanos
420 1629 633 1674 conficiant,
665 1629 845 1677 paululum
868 1642 945 1664 mo-

283 1687 331 1722 do
361 1687 474 1723 deest.
538 1685 597 1722 Tu
629 1686 698 1720 vid.
730 1685 855 1721 Wmm
889 1684 945 1722 De

281 1743 419 1793 poudd.
439 1747 523 1778 ratt.
543 1754 626 1791 pag.
651 1744 727 1781 110
749 1754 826 1789 seq.
850 1743 944 1780 213,

290 1820 335 1826 -—-
364 1798 420 1835 De
438 1812 503 1834 usu
524 1799 621 1834 vocis
649 1793 831 1849 ἕκατερος
851 1799 946 1834 conf.

285 1860 377 1892 nott.
401 1855 448 1890 ad
470 1855 532 1901 ΙΙΙ,
561 1856 597 1893 S.

343 1907 408 1949 διὰ
428 1908 575 1956 παντός
604 1907 643 1948 δὲ
669 1905 814 1960 αὐτοῦ]
854 1910 947 1956 Hoc,

283 1973 456 2005 monente
481 1967 722 2015 wesseling„
763 1968 811 2003 ita
843 1967 947 2004 intel-

283 2024 492 2072 ligendum,
522 2029 562 2060 ut
580 2037 644 2073 per
664 2024 817 2060 eundem
841 2036 945 2059 mon-

284 2085 361 2118 tem
383 2085 420 2117 et
440 2081 538 2116 iuxta
558 2081 714 2129 priorem
733 2081 866 2116 fossam
886 2093 947 2115 ex-

286 2142 414 2174 cavata
432 2138 539 2174 suerit
557 2136 682 2182 altera,
704 2149 798 2184 quae
816 2149 949 2185 aquae-

284 2194 412 2230 ductus
440 2194 550 2230 vicem
582 2194 787 2242 praeberet.
844 2193 948 2229 Prior

283 2250 488 2286 hominibus
509 2249 698 2285 transitum
726 2249 857 2295 dabat,
894 2253 945 2294 ut,

282 2306 312 2341 si
345 2306 432 2354 quid
476 2305 721 2353 aquaeductui
752 2305 840 2341 labis
882 2305 947 2341 fie-

281 2366 362 2408 ret,
404 2362 615 2397 sarciretur:
658 2361 753 2398 unde
782 2368 818 2397 et
841 2360 946 2396 latior

281 2422 320 2454 et
340 2417 469 2455 celsior
492 2417 603 2454 altera
627 2422 718 2454 erat.
778 2418 873 2452 Hinc
896 2418 945 2452 ita

283 2474 330 2510 de
344 2474 412 2510 hoc
424 2487 535 2523 opere
548 2473 944 2523 prouuutiasfliiorsch.

281 2530 304 2566 l.
325 2530 346 2566 l.
377 2543 411 2579 p.
441 2530 540 2569 184:
587 2530 698 2574 „Der
733 2529 945 2565 Durclistich

283 2583 497 2636 (ὄρυγμα)
537 2586 634 2622 eines
667 2588 743 2625 150
775 2586 945 2621 lx'lustern

284 2642 406 2680 hohen
439 2643 599 2689 Berges,
639 2642 762 2678 siebeu
794 2642 948 2677 Stadien

285 2700 373 2746 lang
395 2699 468 2735 und
493 2699 605 2734 ‹lamit
628 2698 839 2733 verbunden
869 2699 949 2733 ciue

291 2754 602 2802 Wasseddtung,
648 2755 812 2801 zwanzig
847 2753 950 2790 Elleu

287 2812 357 2849 ties
369 2812 443 2847 und
463 2811 541 2848 drei
564 2810 709 2847 Schulie
726 2810 861 2846 breit.“
892 2810 950 2846 De

285 2868 402 2905 forma
423 2863 640 2920 ὀρώρυκται
662 2867 758 2904 cous.
780 2866 806 2914 I,
832 2868 922 2906 186,

1064 1116 1142 1159 α’πὸ
1179 1116 1350 1171 μεγάλης
1379 1119 1531 1172 πηγῆς]
1584 1121 1665 1158 fons

1007 1178 1198 1215 dicebatur
1232 1178 1430 1224 Gigartho,
1472 1191 1500 1214 s.
1534 1177 1670 1213 Leuco-

1007 1235 1099 1270 thea.
1158 1234 1239 1269 vid.
1287 1234 1457 1270 Panofka
1493 1234 1669 1270 Samiorr.

1005 1291 1081 1327 Res
1111 1302 1194 1339 pag.
1226 1289 1249 1328 4
1268 1317 1278 1334 ,
1318 1290 1380 1337 qui
1413 1291 1507 1327 idern
1537 1302 1579 1326 ex
1612 1303 1670 1336 eo,

1007 1347 1104 1395 quod
1131 1347 1382 1394 aquaeductus
1422 1346 1479 1382 hic
1513 1358 1673 1382 comme-

1005 1407 1185 1448 nuwatur,
1225 1403 1371 1438 Samum
1412 1415 1487 1438 non
1525 1414 1671 1452 semper

1008 1456 1178 1508 εὔυδρον
1218 1459 1330 1495 fuisse
1367 1463 1493 1508 putat,
1539 1471 1670 1507 quam-

1006 1529 1114 1564 quam
1138 1520 1292 1563 quatuor
1316 1516 1413 1550 fluvii
1438 1514 1591 1550 insulam
1623 1516 1672 1551 ir-

1005 1574 1166 1619 rigantes
1189 1585 1209 1607 a
1233 1571 1415 1608 veteribus
1439 1571 1672 1607 nmuiuantur

1007 1629 1164 1676 indeque
1197 1627 1386 1664 Anacreon
1419 1629 1566 1662 Samum
1601 1641 1670 1675 ap-

1003 1684 1159 1734 pellarat
1199 1680 1296 1721 ἄστυ
1331 1682 1536 1732 Νυμφέων
1569 1681 1668 1733 (vid.

1006 1743 1136 1789 fragm.
1163 1735 1217 1789 μή
1244 1741 1302 1777 ed.
1326 1740 1479 1785 Fisch.)
1529 1738 1577 1775 At
1599 1740 1669 1776 nisi

1006 1810 1125 1845 aquae
1153 1803 1211 1832 sat
1235 1809 1368 1844 magua
1389 1797 1423 1832 iu
1446 1796 1561 1832 insula
1582 1796 1670 1832 suis-

1007 1859 1064 1889 set
1090 1853 1214 1902 copia,
1259 1855 1321 1901 qui
1353 1853 1500 1888 omniuo
1533 1865 1670 1901 aquae-

1006 1911 1134 1946 ductus
1177 1909 1315 1945 institui
1356 1910 1557 1958 potuisset,
1604 1921 1670 1958 per

1004 1979 1111 2014 quem
1141 1965 1232 2012 hoc,
1262 1966 1417 2015 opinor,
1440 1965 1670 2015 potissimum

1003 2022 1241 2071 spectabant,
1297 2027 1338 2058 ut
1379 2034 1511 2070 aquam
1552 2021 1668 2070 magis

1005 2078 1184 2114 salubrem
1221 2083 1256 2115 et
1291 2090 1415 2114 sanam
1450 2078 1668 2128 acciperem.

1005 2135 1250 2179 Tournesort,
1290 2134 1500 2171 recentioris
1537 2134 1668 2170 aetatis

1004 2190 1410 2241 peregrinator(Relat.
1429 2190 1515 2226 d‘un
1526 2202 1669 2238 voyage

1005 2249 1096 2283 daus
1123 2247 1144 2283 l.
1167 2246 1320 2284 Lexant.
1353 2247 1442 2295 epit.
1465 2243 1548 2296 X),
1598 2245 1667 2281 ad-

1004 2304 1074 2340 huc
1113 2316 1152 2340 se
1186 2304 1317 2339 vidisse
1350 2302 1508 2338 affirmat
1536 2302 1668 2338 rudera

1005 2361 1199 2407 quaedam,
1232 2372 1326 2406 quae
1349 2359 1395 2394 ad
1416 2358 1510 2394 hunc
1527 2370 1666 2406 aquae-

1005 2417 1149 2451 ductum
1175 2416 1356 2464 pertinere
1379 2415 1611 2463 putabantur.

1061 2467 1258 2521 Δεύτερον
1273 2469 1325 2515 ὸὲ,
1343 2468 1429 2520 περὶ
1445 2469 1581 2518 λιμένα
1593 2471 1668 2519 χαΐ-

1005 2544 1058 2577 μα
1094 2527 1135 2566 ἐν
1167 2523 1379 2577 θαλάσσῃ]
1439 2527 1494 2563 De
1535 2539 1666 2574 aggere

1004 2590 1128 2630 (nunc
1153 2585 1277 2620 dicunt
1298 2582 1421 2629 Molo)
1453 2583 1591 2632 accipio
1619 2583 1668 2619 ud

1006 2646 1135 2690 portus
1202 2641 1431 2676 securitatem
1496 2639 1667 2675 deductu.

1008 2697 1133 2739 Quare
1158 2702 1257 2732 recte
1279 2695 1467 2733 'l'hiersclr
1489 2694 1510 2731 l.
1532 2695 1552 2731 l.
1579 2708 1666 2744 pag.

1011 2752 1111 2791 184:
1167 2752 1258 2797 „ein
1294 2751 1425 2788 Damm
1467 2752 1514 2787 im
1542 2752 1668 2788 Meere

1008 2822 1089 2845 zum
1119 2808 1275 2844 Schutze
1309 2808 1373 2844 des
1402 2808 1563 2855 Hafens,
1601 2820 1668 2856 ge·-

1009 2878 1080 2914 gen
1111 2864 1274 2913 zwanzig
1299 2864 1445 2901 lxlafter
1470 2864 1564 2901 hoch
1591 2862 1667 2900 und
