1904 3304
392 295 449 335 32

786 293 1254 334 HERODOTI

393 402 476 459 γὰρ
504 402 614 467 θεόν
643 403 871 458 νομίζουσι
901 400 1015 446 εἶναι
1044 405 1147 457 πῦρ.
1206 403 1255 448 τὸ
1301 398 1364 447 ὦν
1407 406 1685 449 κατακαίεινι

391 489 440 528 γε
469 472 573 524 τούς
603 473 789 528 νεκρούς
809 472 1013 529 οὐδαμῶς
1043 474 1090 517 ἐν
1110 472 1230 530 νόμῳ
1263 474 1532 531 ου’δετέροισί
1561 475 1661 520 ἐστι·

396 544 593 600 Πέρσῃσι
626 544 726 600 μὲν,
775 542 832 588 δι’
874 544 979 600 ὅπερ
1026 547 1216 601 εἴρηται,
1262 550 1354 602 θεῷ
1394 544 1448 590 ου’
1486 547 1662 590 δίκαιον

393 612 506 658 εἶναι
554 615 750 671 λέγοντες
794 614 938 670 νέμειν
983 615 1142 670 νεκρὸν
1184 613 1453 673 ἀνθρώπου·

1525 619 1654 674 Αἰγυ-
1667 626 1688 660 5

391 687 554 729 πτίοισι
595 686 639 730 δὲ
679 685 931 743 νενόμισται
966 689 1055 740 πῦρ
1097 687 1261 742 θηρίον
1302 686 1414 731 εἶναι
1453 688 1660 744 ἔμψυχον,

392 756 535 800 πάντα
566 757 611 800 δὲ
642 757 748 801 αὐτὸ
779 759 1023 802 κατεσθίειν
1041 756 1094 801 τά
1119 774 1196 812 περ
1222 756 1276 800 ἂν
1295 757 1431 815 λάβῃ,
1463 760 1661 816 πλησθὲν

393 828 439 870 δὲ
460 827 566 871 αὐτὸ
587 833 661 886 τῆς
680 832 815 885 βορῆς
841 829 1220 885 συναποθνήσκειν
1242 834 1302 886 τῷ
1323 831 1658 889 κατεσθιομένῳ.

364 898 546 942 ὅοῦκων
567 901 762 956 θηρίοισι
792 900 928 957 νόμος
954 898 1158 957 οὐδαμῶς
1192 901 1272 956 σφί
1300 900 1390 944 ἐστι
1419 902 1497 946 τὸν
1525 902 1659 946 νέκυν

392 970 584 1013 διδόναι·
625 972 697 1015 καὶ
725 970 797 1015 διὰ
825 977 963 1016 ταῦτα
992 970 1291 1028 ταριχεύουσι,
1334 973 1406 1015 ἵνα
1433 971 1492 1030 μὴ
1521 974 1713 1028 κείμε-Ιο

335 1135 397 1159 rus
411 1123 586 1160 Croesum
603 1123 688 1171 igne
703 1123 863 1162 comburi
875 1123 993 1172 vellet,

336 1178 406 1215 alia
425 1193 527 1216 sacra
540 1192 581 1216 ac
601 1179 746 1218 Medico
759 1202 774 1208 -
787 1181 994 1218 Zoroastri-

335 1247 390 1282 ca,
421 1235 614 1285 Cambysis
631 1241 752 1275 aetate
774 1239 918 1275 demum
937 1251 994 1275 re-

335 1295 452 1341 cepta,
477 1305 558 1329 esse
577 1297 732 1330 secutos.
773 1294 872 1337 Quid
897 1295 992 1331 enim

335 1347 383 1384 de
404 1348 471 1384 ista
490 1349 697 1386 narratione
710 1350 755 1386 de
766 1351 864 1399 Cyro
876 1350 993 1387 Croe-

335 1416 415 1441 sum
452 1405 615 1441 comburi
646 1405 792 1443 iubente
828 1406 993 1443 iudican-

334 1460 420 1497 dum
439 1460 500 1507 sit,
533 1461 685 1498 diximus
703 1463 751 1499 ad
773 1462 800 1508 Ι,
822 1463 887 1502 86.

393 1517 600 1567 νομίζουσι
632 1514 734 1557 εἶναι
760 1516 864 1568 πῦρ]
894 1518 993 1556 Arti-

334 1574 452 1612 culum
469 1569 536 1621 τό,
567 1587 673 1623 quem
695 1579 730 1612 et
752 1575 785 1612 h.
807 1575 828 1611 l.
851 1580 886 1612 et
902 1589 992 1625 pau-

334 1631 368 1668 lo
391 1631 551 1677 inferius,
582 1631 641 1667 ubi
659 1631 756 1668 idem
778 1632 993 1670 vocabulum

334 1690 473 1733 exstat,
502 1692 735 1736 praeponunt
775 1692 858 1725 ante
897 1691 990 1738 πῦρ,

334 1756 379 1781 ex
409 1755 481 1779 uno
514 1743 677 1780 Stobaeo
705 1744 757 1793 (p.
788 1745 892 1791 123,
925 1748 990 1794 13)

333 1805 542 1848 receptum,
588 1813 667 1836 cum
702 1800 904 1849 Schweigh.
955 1807 994 1839 et

335 1856 450 1892 Gaisf.
479 1855 607 1892 delevi.
667 1856 763 1894 Nam
793 1870 815 1894 a
846 1857 991 1907 reliquis

333 1911 431 1949 libris
460 1912 626 1949 omnibus
656 1912 771 1950 abest.
831 1914 989 1952 Eosdem

332 1968 426 2005 viros
457 1972 612 2014 secutus,
643 1982 725 2005 mox
756 1969 919 2008 exhibui:
949 1968 991 2010 τὸ

334 2025 392 2063 ὠν
433 2025 661 2063 κατακαίειν
697 2040 720 2077 y
736 2040 751 2063 ε
793 2042 886 2072 τους
926 2042 991 2066 νε-

332 2095 471 2131 κρους,
504 2081 566 2118 ubi
595 2081 673 2118 libii
699 2083 822 2132 scripti
844 2088 881 2121 et
903 2085 991 2121 editi

331 2137 493 2188 plerique
528 2151 568 2176 τε
598 2138 779 2176 exhibent.
815 2161 870 2168 —-
914 2141 991 2177 Ex-

331 2194 474 2244 scripsit
491 2194 580 2231 haec
600 2194 782 2232 Stobaeus
804 2195 879 2233 Tit.
898 2200 990 2244 123,

335 2253 384 2290 13
413 2263 497 2300 pag.
528 2251 610 2291 583
639 2263 669 2288 S.
699 2251 746 2288 T.
774 2252 823 2288 lll
851 2266 885 2303 p.
907 2252 985 2293 491

331 2306 450 2343 Gaisf.

388 2356 446 2400 δι’
466 2357 562 2413 ὅπερ
593 2360 762 2414 εἴρηται]
794 2364 815 2400 i.
849 2377 880 2401 e.
910 2378 989 2402 eam

331 2418 377 2455 ob
405 2430 573 2464 causam,
605 2431 715 2466 quain
739 2421 849 2456 modo
873 2421 989 2468 attuli,

331 2486 470 2511 sacrum
504 2487 526 2511 a
562 2473 681 2511 Persis
713 2475 838 2513 haberi
867 2477 988 2525 ignem

330 2531 497 2568 dictitans
527 2531 700 2577 deumve,
750 2532 806 2567 cui
842 2533 988 2570 tradere

329 2599 458 2637 corpus
480 2586 674 2623 humanum
699 2585 989 2637 (depascendum

330 2656 379 2679 sc.
402 2647 438 2679 et
459 2643 765 2691 consumendum)
784 2646 886 2681 nefas
909 2658 989 2683 esse

329 2699 561 2736 arbitrentur.
619 2698 677 2736 Ad
712 2700 821 2737 verba
854 2699 987 2752 νέμειν

329 2753 426 2805 πυρὶ
445 2756 540 2792 conf.
562 2755 677 2801 lx,7,
693 2758 727 2796 1.
746 2755 809 2803 Vl,
830 2759 894 2796 33.
915 2758 986 2795 Pro

329 2810 504 2862 λέγοντες
527 2812 626 2860 quod
647 2812 792 2860 quidam
818 2813 988 2851 exhibent

329 2866 484 2921 λέγουσι
504 2863 564 2920 (ut
590 2880 671 2904 cum
694 2866 869 2922 Πέρσῃσι
891 2870 987 2907 scili-

329 2928 388 2962 cet
410 2924 634 2973 conveniat),
664 2925 700 2961 id
721 2925 795 2962 noli
815 2927 986 2978 recipere.

1051 1122 1184 1161 Similis
1219 1127 1425 1162 structurae
1454 1124 1620 1175 exempla
1654 1125 1709 1162 as—

1049 1182 1119 1218 sert
1135 1179 1353 1229 Wesseling.
1374 1181 1554 1218 Herodot.
1567 1181 1631 1227 Vl,
1647 1183 1712 1222 13.

1048 1237 1130 1282 Vn,
1153 1234 1240 1276 144.
1269 1236 1517 1275 Add.Duker.
1538 1239 1587 1274 ad
1608 1237 1713 1275 Thu-

1049 1293 1168 1343 cydid.
1192 1292 1272 1339 Vll,
1291 1293 1356 1334 42.
1379 1297 1444 1334 70.

1103 1347 1254 1397 θηρίον
1276 1344 1377 1386 εἶναι
1391 1347 1589 1400 ἔμψυχον]
1611 1347 1713 1386 Lau-

1049 1405 1113 1442 dat
1134 1404 1353 1453 wesseling.
1374 1406 1422 1443 de
1442 1404 1712 1456 Aegyptiorum

1047 1461 1234 1507 Vulcano,
1263 1461 1357 1510 iguis
1383 1475 1425 1499 ac
1455 1462 1712 1512 plerarumque

1049 1518 1181 1555 artium
1203 1518 1404 1565 inventore,
1424 1518 1578 1556 Diodor.
1596 1518 1710 1556 Sicul.

1049 1574 1089 1620 I,
1130 1577 1192 1615 12.
1239 1576 1311 1623 13,
1368 1574 1545 1611 Nicandr.
1589 1574 1711 1612 Alexi-

1050 1630 1188 1681 pharin.
1224 1631 1303 1671 175
1335 1636 1372 1668 et
1398 1630 1577 1668 Plutarch.
1600 1631 1708 1680 Sym-

1048 1699 1129 1738 pos.
1158 1686 1224 1723 Vll
1251 1700 1286 1736 p.
1313 1690 1417 1734 703,
1448 1688 1508 1724 ubi
1544 1687 1711 1724 Chaero-

1048 1744 1172 1780 nensis
1184 1743 1418 1793 philosophus
1437 1757 1628 1794 quaerenS‚
1647 1757 1711 1781 cur

1049 1812 1150 1837 sacer
1169 1801 1214 1836 sit
1231 1800 1376 1837 habitus
1396 1800 1510 1850 ignis,
1526 1800 1615 1838 haec
1634 1800 1710 1837 dis-

1047 1860 1153 1906 putat
1186 1855 1295 1907 plane
1326 1870 1419 1905 cong³
1409 1870 1489 1894 rua
1525 1870 1604 1894 cum
1635 1856 1709 1895 Ae-

1047 1914 1252 1962 gjptiorum
1274 1914 1457 1950 doctrin-1:
1489 1909 1609 1952 ου’δὲν
1632 1910 1707 1966 γὰρ

1049 1967 1143 2008 ἄλλο
1149 1971 1313 2036 μᾶλλον
1334 1965 1502 2035 ἐμψύχῳ
1512 1969 1707 2036 προςέοι-

1048 2040 1116 2064 κει
1140 2022 1167 2076 η’
1196 2029 1276 2077 πῦρ
1305 2022 1549 2077 κινούμενόν
1574 2041 1614 2065 τε
1639 2025 1707 2066 καὶ

1046 2078 1295 2134 τρεφόμενον
1315 2080 1371 2121 δι’
1402 2081 1531 2122 αυτοῦ
1558 2082 1626 2122 καὶ
1657 2085 1709 2137 τῆ

1046 2135 1292 2191 λαμπρότητι
1331 2140 1481 2190 δηλοῦν
1518 2135 1649 2191 ω’σπερ
1680 2138 1710 2190 ἦ

1048 2193 1159 2246 ψυχη
1180 2195 1245 2234 καὶ
1269 2192 1525 2246 σαφηνίζον
1508 2192 1692 2234 ἅπαντα.ι

1046 2251 1127 2289 Nec
1148 2253 1254 2290 aliter
1282 2254 1358 2289 fere
1380 2252 1516 2298 Stoici3
1550 2265 1707 2301 namque

1045 2308 1217 2355 „Zenoni
1242 2308 1381 2344 animus
1414 2308 1508 2357 ignis
1539 2309 1708 2346 videtur“

1046 2369 1142 2401 teste
1172 2365 1350 2402 Cicerone
1376 2363 1412 2400 Τ
1416 2378 1508 2401 uscc.
1536 2365 1705 2408 Quaestt.

1046 2420 1075 2466 I,
1095 2423 1132 2460 9.
1164 2420 1271 2456 Plura
1296 2420 1388 2456 hanc
1419 2421 1454 2457 in
1479 2433 1556 2458 rem
1588 2421 1704 2459 Creu-

1046 2488 1117 2512 zer.
1145 2477 1192 2512 ad
1213 2476 1378 2513 Ciceron.
1418 2476 1476 2514 De
1498 2482 1572 2514 nat.
1603 2478 1705 2515 deor.

1046 2532 1116 2576 Ill,
1149 2531 1213 2579 14,
1246 2532 1306 2581 qui
1338 2534 1433 2569 idem
1470 2546 1565 2570 nunc
1599 2533 1705 2571 addit

1045 2587 1154 2625 haec:
1185 2588 1359 2635 „Plotino
1389 2595 1539 2636 contra,
1570 2595 1606 2627 et
1634 2591 1703 2640 ipsi

1044 2643 1230 2695 Aegyptio
1255 2645 1411 2692 homini,
1450 2647 1515 2683 sed
1542 2645 1704 2696 philoso-

1044 2701 1131 2750 pl10,
1164 2698 1324 2751 ἄψυχον
1351 2698 1393 2740 τὸ
1411 2704 1491 2753 πῦρ
1510 2698 1608 2754 παρ’
1629 2701 1703 2741 αὖ·

1044 2758 1116 2795 τοῦ
1148 2758 1210 2804 1V,
1233 2761 1269 2798 7.
1288 2762 1335 2805 2,
1363 2771 1457 2807 quae
1480 2772 1702 2809 componen-

1045 2813 1093 2850 da
1113 2818 1195 2851 sunt
1207 2827 1287 2851 cum
1309 2814 1336 2861 l,
1350 2818 1386 2855 6.
1400 2816 1426 2855 3
1444 2816 1554 2863 etw,
1570 2819 1607 2857 7.
1625 2819 1662 2856 2.
1675 2817 1703 2838 “

1103 2869 1170 2908 καὶ
1197 2867 1263 2908 διοέ
1285 2873 1408 2909 ταῦτα
1433 2867 1700 2923 ταριχεύουσι]

1045 2927 1153 2964 Cons.
1177 2940 1274 2977 quae
1301 2928 1348 2966 de
1372 2929 1560 2967 conditura
1587 2941 1701 2980 expo-
