<?xml version="1.0" encoding="UTF-8"?>
<!DOCTYPE html PUBLIC "-//W3C//DTD XHTML 1.0 Transitional//EN"
    "http://www.w3.org/TR/xhtml1/DTD/xhtml1-transitional.dtd">
<html xmlns="http://www.w3.org/1999/xhtml" xml:lang="en" lang="en">
 <head>
  <title>
</title>
<meta http-equiv="Content-Type" content="text/html;charset=utf-8" />
  <meta name='ocr-system' content='tesseract 3.04.00' />
  <meta name='ocr-capabilities' content='ocr_page ocr_carea ocr_par ocr_line ocrx_word'/>
</head>
<body>
  <div class='ocr_page' id='page_1' title='image "./musaeherodoto02hero_0257.png"; bbox 0 0 1904 3304; ppageno 0'>
   <div class='ocr_carea' id='block_1_1' title="bbox 593 210 1458 254">
    <p class='ocr_par' dir='ltr' id='par_1_1' title="bbox 593 210 1458 254">
     <span class='ocr_line' id='line_1_1' title="bbox 593 210 1458 254; baseline 0.006 -5"><span class='ocrx_word' id='word_1_1' title='bbox 593 211 630 249; x_wconf 83' lang='lat' dir='ltr'>T</span> <span class='ocrx_word' id='word_1_2' title='bbox 658 212 697 250; x_wconf 94' lang='lat' dir='ltr'>H</span> <span class='ocrx_word' id='word_1_3' title='bbox 725 210 757 251; x_wconf 79' lang='lat' dir='ltr'>A</span> <span class='ocrx_word' id='word_1_4' title='bbox 786 212 818 251; x_wconf 95' lang='lat' dir='ltr'>L</span> <span class='ocrx_word' id='word_1_5' title='bbox 846 213 863 249; x_wconf 96' lang='lat' dir='ltr'><strong>I</strong></span> <span class='ocrx_word' id='word_1_6' title='bbox 892 211 936 251; x_wconf 87' lang='lat' dir='ltr'>A.</span> <span class='ocrx_word' id='word_1_7' title='bbox 991 212 1055 251; x_wconf 90' lang='lat'>111.</span> <span class='ocrx_word' id='word_1_8' title='bbox 1374 215 1458 254; x_wconf 65' lang='lat'>249</span> 
     </span>
    </p>
   </div>
   <div class='ocr_carea' id='block_1_2' title="bbox 158 318 1796 1235">
    <p class='ocr_par' dir='ltr' id='par_1_2' title="bbox 187 318 1459 378">
     <span class='ocr_line' id='line_1_2' title="bbox 187 318 1459 378; baseline 0 -13"><span class='ocrx_word' id='word_1_9' title='bbox 187 318 447 377; x_wconf 82' lang='grc' dir='ltr'><em>Δημοκήδης</em></span> <span class='ocrx_word' id='word_1_10' title='bbox 475 325 673 376; x_wconf 72' lang='grc' dir='ltr'><em>γυναῖκα·</em></span> <span class='ocrx_word' id='word_1_11' title='bbox 733 325 813 365; x_wconf 85' lang='grc' dir='ltr'>τοῦ</span> <span class='ocrx_word' id='word_1_12' title='bbox 841 322 924 377; x_wconf 75' lang='grc' dir='ltr'>γὰρ</span> <span class='ocrx_word' id='word_1_13' title='bbox 955 321 1008 378; x_wconf 76' lang='grc' dir='ltr'><em>δὴ</em></span> <span class='ocrx_word' id='word_1_14' title='bbox 1040 319 1282 364; x_wconf 81' lang='grc' dir='ltr'><em>παλαιστέω</em></span> <span class='ocrx_word' id='word_1_15' title='bbox 1313 322 1459 365; x_wconf 86' lang='grc' dir='ltr'><em>Μίλω-</em></span> 
     </span>
    </p>

    <p class='ocr_par' dir='ltr' id='par_1_3' title="bbox 188 388 1460 448">
     <span class='ocr_line' id='line_1_3' title="bbox 188 388 1460 448; baseline 0 -12"><span class='ocrx_word' id='word_1_16' title='bbox 188 409 265 444; x_wconf 91' lang='grc' dir='ltr'>νος</span> <span class='ocrx_word' id='word_1_17' title='bbox 293 388 348 448; x_wconf 78' lang='grc' dir='ltr'><em>ἦν</em></span> <span class='ocrx_word' id='word_1_18' title='bbox 379 392 550 448; x_wconf 76' lang='grc' dir='ltr'><em>οὕνομα</em></span> <span class='ocrx_word' id='word_1_19' title='bbox 579 392 745 436; x_wconf 81' lang='grc' dir='ltr'><em>πολλόν</em></span> <span class='ocrx_word' id='word_1_20' title='bbox 773 392 892 448; x_wconf 86' lang='grc' dir='ltr'><em>παρὰ</em></span> <span class='ocrx_word' id='word_1_21' title='bbox 920 392 1100 448; x_wconf 79' lang='grc' dir='ltr'><em>βασιλέϊ.</em></span> <span class='ocrx_word' id='word_1_22' title='bbox 1143 391 1253 435; x_wconf 73' lang='grc' dir='ltr'><em>κατα</em></span> <span class='ocrx_word' id='word_1_23' title='bbox 1284 391 1337 448; x_wconf 80' lang='grc' dir='ltr'><em>δὴ</em></span> <span class='ocrx_word' id='word_1_24' title='bbox 1362 396 1460 436; x_wconf 86' lang='grc' dir='ltr'>τοῦ-</span> 
     </span>
    </p>

    <p class='ocr_par' dir='ltr' id='par_1_4' title="bbox 189 462 1459 520">
     <span class='ocr_line' id='line_1_4' title="bbox 189 462 1459 520; baseline -0.001 -13"><span class='ocrx_word' id='word_1_25' title='bbox 189 462 240 507; x_wconf 89' lang='grc' dir='ltr'>τό</span> <span class='ocrx_word' id='word_1_26' title='bbox 277 480 353 519; x_wconf 91' lang='grc' dir='ltr'><em>μοι</em></span> <span class='ocrx_word' id='word_1_27' title='bbox 390 463 532 507; x_wconf 76' lang='grc' dir='ltr'><em>δοκέει</em></span> <span class='ocrx_word' id='word_1_28' title='bbox 571 469 754 508; x_wconf 84' lang='grc' dir='ltr'><em>σπεῦσαι</em></span> <span class='ocrx_word' id='word_1_29' title='bbox 792 464 871 508; x_wconf 80' lang='grc' dir='ltr'>τὸν</span> <span class='ocrx_word' id='word_1_30' title='bbox 906 464 1049 520; x_wconf 81' lang='grc' dir='ltr'><em>γάμον</em></span> <span class='ocrx_word' id='word_1_31' title='bbox 1087 467 1248 507; x_wconf 83' lang='grc' dir='ltr'><em>τοῦτον</em></span> <span class='ocrx_word' id='word_1_32' title='bbox 1287 463 1459 515; x_wconf 79' lang='grc' dir='ltr'><em>τελέσας</em></span> 
     </span>
    </p>

    <p class='ocr_par' dir='ltr' id='par_1_5' title="bbox 188 532 1517 592">
     <span class='ocr_line' id='line_1_5' title="bbox 188 532 1517 592; baseline -0.001 -15"><span class='ocrx_word' id='word_1_33' title='bbox 188 533 384 590; x_wconf 88' lang='grc' dir='ltr'><em>χρήματα</em></span> <span class='ocrx_word' id='word_1_34' title='bbox 401 532 564 590; x_wconf 78' lang='grc' dir='ltr'><em>μεγάλα</em></span> <span class='ocrx_word' id='word_1_35' title='bbox 586 535 866 592; x_wconf 77' lang='grc' dir='ltr'><em>Δημοκήδης,</em></span> <span class='ocrx_word' id='word_1_36' title='bbox 899 537 972 578; x_wconf 81' lang='grc' dir='ltr'>ἵνα</span> <span class='ocrx_word' id='word_1_37' title='bbox 994 538 1115 591; x_wconf 82' lang='grc' dir='ltr'><em>φανῇ</em></span> <span class='ocrx_word' id='word_1_38' title='bbox 1135 534 1246 589; x_wconf 85' lang='grc' dir='ltr'><em>πρὸς</em></span> <span class='ocrx_word' id='word_1_39' title='bbox 1266 537 1461 589; x_wconf 80' lang='grc' dir='ltr'><em>Δαρείου</em></span> <span class='ocrx_word' id='word_1_40' title='bbox 1473 542 1517 576; x_wconf 85' lang='grc'>85</span> 
     </span>
    </p>

    <p class='ocr_par' dir='ltr' id='par_1_6' title="bbox 162 604 1796 948">
     <span class='ocr_line' id='line_1_6' title="bbox 185 604 1795 675; baseline -0.003 -27"><span class='ocrx_word' id='word_1_41' title='bbox 185 605 268 649; x_wconf 82' lang='grc' dir='ltr'><em>έών</em></span> <span class='ocrx_word' id='word_1_42' title='bbox 305 606 378 648; x_wconf 83' lang='grc' dir='ltr'><em>καὶ</em></span> <span class='ocrx_word' id='word_1_43' title='bbox 409 605 456 648; x_wconf 80' lang='grc' dir='ltr'><em>ἐν</em></span> <span class='ocrx_word' id='word_1_44' title='bbox 485 610 537 662; x_wconf 79' lang='grc' dir='ltr'>τῇ</span> <span class='ocrx_word' id='word_1_45' title='bbox 570 606 737 650; x_wconf 76' lang='grc' dir='ltr'><em>ἑωυτοῦ</em></span> <span class='ocrx_word' id='word_1_46' title='bbox 779 606 970 662; x_wconf 82' lang='grc' dir='ltr'><strong><em>δόκιμος.</em></strong></span> <span class='ocrx_word' id='word_1_47' title='bbox 1026 604 1306 661; x_wconf 80' lang='grc' dir='ltr'><em>Ἀναχθέντες</em></span> <span class='ocrx_word' id='word_1_48' title='bbox 1337 607 1382 650; x_wconf 78' lang='grc' dir='ltr'>δὲ</span> <span class='ocrx_word' id='word_1_49' title='bbox 1412 607 1459 650; x_wconf 72' lang='grc' dir='ltr'>ἐκ</span> <span class='ocrx_word' id='word_1_50' title='bbox 1517 607 1795 675; x_wconf 42' lang='grc' dir='ltr'>ἕξῆῑῦξξνῑῑὲεῐξρνάιίζ</span> 
     </span>
     <span class='ocr_line' id='line_1_7' title="bbox 184 675 1795 744; baseline 0.002 -24"><span class='ocrx_word' id='word_1_51' title='bbox 184 682 260 734; x_wconf 84' lang='grc' dir='ltr'>τῆς</span> <span class='ocrx_word' id='word_1_52' title='bbox 280 676 517 732; x_wconf 80' lang='grc' dir='ltr'><em>Κρότωνος</em></span> <span class='ocrx_word' id='word_1_53' title='bbox 548 680 591 721; x_wconf 82' lang='grc' dir='ltr'>οἱ</span> <span class='ocrx_word' id='word_1_54' title='bbox 623 679 810 734; x_wconf 81' lang='grc' dir='ltr'><em>Πέρσαι,</em></span> <span class='ocrx_word' id='word_1_55' title='bbox 841 678 1097 721; x_wconf 81' lang='grc' dir='ltr'><em>ἐκπίπτουσι</em></span> <span class='ocrx_word' id='word_1_56' title='bbox 1126 682 1224 735; x_wconf 81' lang='grc' dir='ltr'><em>τῇσι</em></span> <span class='ocrx_word' id='word_1_57' title='bbox 1254 679 1384 736; x_wconf 82' lang='grc' dir='ltr'><em>νηυσὶ</em></span> <span class='ocrx_word' id='word_1_58' title='bbox 1415 679 1459 731; x_wconf 74' lang='grc' dir='ltr'>ἐς</span> <span class='ocrx_word' id='word_1_59' title='bbox 1517 675 1795 744; x_wconf 54' lang='lat' dir='ltr'>{2¹¹}t,ffg¹q¹“³ex}„5]</span> 
     </span>
     <span class='ocr_line' id='line_1_8' title="bbox 183 742 1796 806; baseline 0.002 -14"><span class='ocrx_word' id='word_1_60' title='bbox 183 748 419 806; x_wconf 80' lang='grc' dir='ltr'><em>Ἰηπυγίην’</em></span> <span class='ocrx_word' id='word_1_61' title='bbox 459 750 534 791; x_wconf 80' lang='grc' dir='ltr'><em>καί</em></span> <span class='ocrx_word' id='word_1_62' title='bbox 560 762 716 805; x_wconf 82' lang='grc' dir='ltr'><em>σφεας,</em></span> <span class='ocrx_word' id='word_1_63' title='bbox 747 747 1043 800; x_wconf 83' lang='grc' dir='ltr'><em>δουλεύοντας</em></span> <span class='ocrx_word' id='word_1_64' title='bbox 1062 750 1278 802; x_wconf 75' lang='grc' dir='ltr'><em>ἐνθαῦτα,</em></span> <span class='ocrx_word' id='word_1_65' title='bbox 1306 753 1460 803; x_wconf 86' lang='grc' dir='ltr'><em>Γίλλος</em></span> <span class='ocrx_word' id='word_1_66' title='bbox 1517 742 1617 802; x_wconf 56' lang='grc' dir='ltr'>Ξζζῖξι.</span> <span class='ocrx_word' id='word_1_67' title='bbox 1624 750 1729 803; x_wconf 58' lang='grc' dir='ltr'>’ἵξξᾞ</span> <span class='ocrx_word' id='word_1_68' title='bbox 1746 752 1796 803; x_wconf 66' lang='lat'>{31</span> 
     </span>
     <span class='ocr_line' id='line_1_9' title="bbox 186 811 1795 882; baseline 0.001 -18"><span class='ocrx_word' id='word_1_69' title='bbox 186 819 298 877; x_wconf 72' lang='grc' dir='ltr'><em>ἀνήρ</em></span> <span class='ocrx_word' id='word_1_70' title='bbox 336 825 607 874; x_wconf 79' lang='grc' dir='ltr'><em>Ταραντῖνος</em></span> <span class='ocrx_word' id='word_1_71' title='bbox 639 820 785 876; x_wconf 70' lang='grc' dir='ltr'><em>φυγάς</em></span> <span class='ocrx_word' id='word_1_72' title='bbox 816 819 1083 875; x_wconf 80' lang='grc' dir='ltr'><em>ῥυσάμενος,</em></span> <span class='ocrx_word' id='word_1_73' title='bbox 1116 820 1309 876; x_wconf 61' lang='grc' dir='ltr'><em>(ἐπήγαγε</em></span> <span class='ocrx_word' id='word_1_74' title='bbox 1338 821 1456 876; x_wconf 74' lang='grc' dir='ltr'><em>παρὰ</em></span> <span class='ocrx_word' id='word_1_75' title='bbox 1515 810 1795 882; x_wconf 53' lang='grc' dir='ltr'>ἕζῖι.ἶῖ.“ἐᾞρξῖ,“ᾞὲ“</span> 
     </span>
     <span class='ocr_line' id='line_1_10' title="bbox 162 877 1604 948; baseline 0.002 -14"><span class='ocrx_word' id='word_1_76' title='bbox 162 892 372 948; x_wconf 72' lang='grc' dir='ltr'><em>Ξβασιλὲα</em></span> <span class='ocrx_word' id='word_1_77' title='bbox 402 897 604 947; x_wconf 87' lang='grc' dir='ltr'><em>Δαρεῖον.</em></span> <span class='ocrx_word' id='word_1_78' title='bbox 664 891 688 936; x_wconf 91' lang='grc' dir='ltr'>ὁ</span> <span class='ocrx_word' id='word_1_79' title='bbox 720 891 765 935; x_wconf 77' lang='grc' dir='ltr'>δὲ</span> <span class='ocrx_word' id='word_1_80' title='bbox 795 890 891 934; x_wconf 87' lang='grc' dir='ltr'><em>οἷντὶ</em></span> <span class='ocrx_word' id='word_1_81' title='bbox 921 892 1091 934; x_wconf 87' lang='grc' dir='ltr'><em>τούτων</em></span> <span class='ocrx_word' id='word_1_82' title='bbox 1122 891 1292 948; x_wconf 76' lang='grc' dir='ltr'><em>ἑτοῖμος</em></span> <span class='ocrx_word' id='word_1_83' title='bbox 1314 887 1367 948; x_wconf 79' lang='grc' dir='ltr'><em>ἦν</em></span> <span class='ocrx_word' id='word_1_84' title='bbox 1397 896 1459 937; x_wconf 81' lang='grc' dir='ltr'><em>δι·-</em></span> <span class='ocrx_word' id='word_1_85' title='bbox 1516 877 1604 903; x_wconf 62' lang='lat'><strong>“¹³¹⁰</strong></span> 
     </span>
    </p>

    <p class='ocr_par' dir='ltr' id='par_1_7' title="bbox 1062 964 1517 1019">
     <span class='ocr_line' id='line_1_11' title="bbox 1062 964 1517 1019; baseline 0 -14"><span class='ocrx_word' id='word_1_86' title='bbox 1062 965 1217 1014; x_wconf 85' lang='grc' dir='ltr'><em>Γίλλος</em></span> <span class='ocrx_word' id='word_1_87' title='bbox 1248 964 1294 1007; x_wconf 81' lang='grc' dir='ltr'>δὲ</span> <span class='ocrx_word' id='word_1_88' title='bbox 1325 964 1517 1019; x_wconf 82' lang='grc' dir='ltr'><em>αἶρέε-9Ο</em></span> 
     </span>
    </p>

    <p class='ocr_par' dir='ltr' id='par_1_8' title="bbox 185 1034 1458 1092">
     <span class='ocr_line' id='line_1_12' title="bbox 185 1034 1458 1092; baseline 0.001 -14"><span class='ocrx_word' id='word_1_89' title='bbox 185 1053 256 1078; x_wconf 85' lang='grc' dir='ltr'>ται</span> <span class='ocrx_word' id='word_1_90' title='bbox 284 1034 474 1079; x_wconf 72' lang='grc' dir='ltr'><em>κάτοδόν</em></span> <span class='ocrx_word' id='word_1_91' title='bbox 504 1037 547 1078; x_wconf 80' lang='grc' dir='ltr'>οἱ</span> <span class='ocrx_word' id='word_1_92' title='bbox 576 1035 618 1087; x_wconf 79' lang='grc' dir='ltr'>ἐς</span> <span class='ocrx_word' id='word_1_93' title='bbox 653 1035 854 1090; x_wconf 81' lang='grc' dir='ltr'><em>Τοὶραντα</em></span> <span class='ocrx_word' id='word_1_94' title='bbox 883 1035 1107 1091; x_wconf 71' lang='grc' dir='ltr'><em>γενέσθαι,</em></span> <span class='ocrx_word' id='word_1_95' title='bbox 1153 1036 1458 1092; x_wconf 81' lang='grc' dir='ltr'><em>προαπηγησά-</em></span> 
     </span>
    </p>

    <p class='ocr_par' dir='ltr' id='par_1_9' title="bbox 158 1105 1459 1164">
     <span class='ocr_line' id='line_1_13' title="bbox 158 1105 1459 1164; baseline 0.002 -17"><span class='ocrx_word' id='word_1_96' title='bbox 158 1113 318 1162; x_wconf 86' lang='grc' dir='ltr'><em>3μενος</em></span> <span class='ocrx_word' id='word_1_97' title='bbox 355 1107 434 1163; x_wconf 79' lang='grc' dir='ltr'>τὴν</span> <span class='ocrx_word' id='word_1_98' title='bbox 473 1106 720 1163; x_wconf 83' lang='grc' dir='ltr'><em>συμφορήν.</em></span> <span class='ocrx_word' id='word_1_99' title='bbox 790 1109 863 1150; x_wconf 84' lang='grc' dir='ltr'>ἴνα</span> <span class='ocrx_word' id='word_1_100' title='bbox 902 1107 947 1150; x_wconf 81' lang='grc' dir='ltr'>δὲ</span> <span class='ocrx_word' id='word_1_101' title='bbox 990 1105 1047 1162; x_wconf 78' lang='grc' dir='ltr'>μὴ</span> <span class='ocrx_word' id='word_1_102' title='bbox 1089 1105 1337 1164; x_wconf 77' lang='grc' dir='ltr'><em>συνταράξῃ</em></span> <span class='ocrx_word' id='word_1_103' title='bbox 1378 1107 1459 1162; x_wconf 75' lang='grc' dir='ltr'>τήν</span> 
     </span>
    </p>

    <p class='ocr_par' dir='ltr' id='par_1_10' title="bbox 181 1176 1458 1235">
     <span class='ocr_line' id='line_1_14' title="bbox 181 1176 1458 1235; baseline 0.002 -16"><span class='ocrx_word' id='word_1_104' title='bbox 181 1176 388 1230; x_wconf 82' lang='grc' dir='ltr'><em>Ἑλλάδα,</em></span> <span class='ocrx_word' id='word_1_105' title='bbox 435 1176 490 1232; x_wconf 82' lang='grc' dir='ltr'><em>ἢν</em></span> <span class='ocrx_word' id='word_1_106' title='bbox 531 1179 572 1220; x_wconf 84' lang='grc' dir='ltr'><em>δί</em></span> <span class='ocrx_word' id='word_1_107' title='bbox 612 1177 748 1221; x_wconf 82' lang='grc' dir='ltr'><em>αὐτόν</em></span> <span class='ocrx_word' id='word_1_108' title='bbox 788 1176 941 1227; x_wconf 84' lang='grc' dir='ltr'><em>στόλος</em></span> <span class='ocrx_word' id='word_1_109' title='bbox 981 1177 1113 1234; x_wconf 79' lang='grc' dir='ltr'><em>μέγας</em></span> <span class='ocrx_word' id='word_1_110' title='bbox 1142 1177 1249 1234; x_wconf 79' lang='grc' dir='ltr'><em>πλέῃ</em></span> <span class='ocrx_word' id='word_1_111' title='bbox 1281 1177 1349 1221; x_wconf 79' lang='grc' dir='ltr'>ἐπὶ</span> <span class='ocrx_word' id='word_1_112' title='bbox 1379 1178 1458 1235; x_wconf 73' lang='grc' dir='ltr'>τὴν</span> 
     </span>
    </p>
   </div>
   <div class='ocr_carea' id='block_1_3' title="bbox 49 613 146 659">
    <p class='ocr_par' dir='ltr' id='par_1_11' title="bbox 49 613 146 659">
     <span class='ocr_line' id='line_1_15' title="bbox 49 613 146 659; baseline 0.01 -1"><span class='ocrx_word' id='word_1_113' title='bbox 49 613 146 659; x_wconf 84' lang='grc'>138</span> 
     </span>
    </p>
   </div>
   <div class='ocr_carea' id='block_1_4' title="bbox 1516 877 1794 939">
    <p class='ocr_par' dir='ltr' id='par_1_12' title="bbox 1516 877 1794 938">
     <span class='ocr_line' id='line_1_16' title="bbox 1680 877 1794 905; baseline 0.009 -1"><span class='ocrx_word' id='word_1_114' title='bbox 1680 877 1794 905; x_wconf 69' lang='lat' dir='ltr'>trustra</span> 
     </span>
     <span class='ocr_line' id='line_1_17' title="bbox 1516 915 1674 939; baseline 0 -2"><span class='ocrx_word' id='word_1_115' title='bbox 1516 915 1674 939; x_wconf 81' lang='lat' dir='ltr'>conantur.</span> 
     </span>
    </p>
   </div>
   <div class='ocr_carea' id='block_1_5' title="bbox 187 961 1002 1020">
    <p class='ocr_par' dir='ltr' id='par_1_13' title="bbox 187 961 1002 1020">
     <span class='ocr_line' id='line_1_18' title="bbox 187 961 1002 1020; baseline -0.004 -12"><span class='ocrx_word' id='word_1_116' title='bbox 187 963 317 1008; x_wconf 86' lang='grc' dir='ltr'><em>δόναι</em></span> <span class='ocrx_word' id='word_1_117' title='bbox 345 968 476 1007; x_wconf 83' lang='grc' dir='ltr'><em>τοῦτο</em></span> <span class='ocrx_word' id='word_1_118' title='bbox 507 964 532 1008; x_wconf 84' lang='grc' dir='ltr'>ὅ</span> <span class='ocrx_word' id='word_1_119' title='bbox 561 982 601 1008; x_wconf 90' lang='grc' dir='ltr'>τι</span> <span class='ocrx_word' id='word_1_120' title='bbox 621 962 827 1020; x_wconf 84' lang='grc' dir='ltr'><em>βούλοιτο</em></span> <span class='ocrx_word' id='word_1_121' title='bbox 856 961 1002 1014; x_wconf 78' lang='grc' dir='ltr'><em>αὐτός.</em></span> 
     </span>
    </p>
   </div>
   <div class='ocr_carea' id='block_1_6' title="bbox 184 1246 1514 1305">
    <p class='ocr_par' dir='ltr' id='par_1_14' title="bbox 184 1246 1514 1305">
     <span class='ocr_line' id='line_1_19' title="bbox 184 1246 1514 1305; baseline 0 -13"><span class='ocrx_word' id='word_1_122' title='bbox 184 1248 386 1305; x_wconf 86' lang='grc' dir='ltr'><em>Ἰταλίην,</em></span> <span class='ocrx_word' id='word_1_123' title='bbox 431 1251 645 1300; x_wconf 86' lang='grc' dir='ltr'><em>Κνιδίους</em></span> <span class='ocrx_word' id='word_1_124' title='bbox 683 1246 878 1304; x_wconf 84' lang='grc' dir='ltr'><em>μούνους</em></span> <span class='ocrx_word' id='word_1_125' title='bbox 918 1247 1115 1304; x_wconf 78' lang='grc' dir='ltr'><em>ἀποχρᾶν</em></span> <span class='ocrx_word' id='word_1_126' title='bbox 1153 1251 1196 1292; x_wconf 83' lang='grc' dir='ltr'>οἱ</span> <span class='ocrx_word' id='word_1_127' title='bbox 1233 1249 1316 1305; x_wconf 74' lang='grc' dir='ltr'>ἔφη</span> <span class='ocrx_word' id='word_1_128' title='bbox 1355 1250 1514 1301; x_wconf 83' lang='grc' dir='ltr'><em>τούς95</em></span> 
     </span>
    </p>
   </div>
   <div class='ocr_carea' id='block_1_7' title="bbox 188 1318 706 1376">
    <p class='ocr_par' dir='ltr' id='par_1_15' title="bbox 188 1318 706 1376">
     <span class='ocr_line' id='line_1_20' title="bbox 188 1318 706 1376; baseline 0.002 -13"><span class='ocrx_word' id='word_1_129' title='bbox 188 1318 453 1375; x_wconf 78' lang='grc' dir='ltr'><em>κατάγοντας</em></span> <span class='ocrx_word' id='word_1_130' title='bbox 482 1321 683 1376; x_wconf 70' lang='grc' dir='ltr'><em>γίνεσθαι</em></span> <span class='ocrx_word' id='word_1_131' title='bbox 697 1333 706 1342; x_wconf 94' lang='grc'>·</span> 
     </span>
    </p>
   </div>
   <div class='ocr_carea' id='block_1_8' title="bbox 754 1319 1458 1371">
    <p class='ocr_par' dir='ltr' id='par_1_16' title="bbox 754 1319 1458 1371">
     <span class='ocr_line' id='line_1_21' title="bbox 754 1319 1458 1371; baseline 0 -8"><span class='ocrx_word' id='word_1_132' title='bbox 754 1320 920 1364; x_wconf 81' lang='grc' dir='ltr'><em>δοκέων</em></span> <span class='ocrx_word' id='word_1_133' title='bbox 949 1319 1036 1364; x_wconf 77' lang='grc' dir='ltr'>οἷπὸ</span> <span class='ocrx_word' id='word_1_134' title='bbox 1067 1320 1258 1371; x_wconf 84' lang='grc' dir='ltr'><em>τούτων,</em></span> <span class='ocrx_word' id='word_1_135' title='bbox 1296 1320 1458 1364; x_wconf 78' lang='grc' dir='ltr'><em>ἐόντων</em></span> 
     </span>
    </p>
   </div>
   <div class='ocr_carea' id='block_1_9' title="bbox 188 1390 1461 1449">
    <p class='ocr_par' dir='ltr' id='par_1_17' title="bbox 188 1390 1461 1449">
     <span class='ocr_line' id='line_1_22' title="bbox 188 1390 1461 1449; baseline 0.002 -16"><span class='ocrx_word' id='word_1_136' title='bbox 188 1395 301 1433; x_wconf 89' lang='grc' dir='ltr'><em>τοῖσι</em></span> <span class='ocrx_word' id='word_1_137' title='bbox 325 1392 635 1445; x_wconf 87' lang='grc' dir='ltr'><em>Ταραντίνοισι</em></span> <span class='ocrx_word' id='word_1_138' title='bbox 665 1392 826 1448; x_wconf 84' lang='grc' dir='ltr'><em>φίλων,</em></span> <span class='ocrx_word' id='word_1_139' title='bbox 855 1390 1043 1448; x_wconf 80' lang='grc' dir='ltr'><em>μάλιστα</em></span> <span class='ocrx_word' id='word_1_140' title='bbox 1075 1391 1128 1449; x_wconf 77' lang='grc' dir='ltr'>δη</span> <span class='ocrx_word' id='word_1_141' title='bbox 1159 1391 1239 1448; x_wconf 84' lang='grc' dir='ltr'>τὴν</span> <span class='ocrx_word' id='word_1_142' title='bbox 1268 1391 1461 1436; x_wconf 79' lang='grc' dir='ltr'><em>κάτοδόν</em></span> 
     </span>
    </p>
   </div>
   <div class='ocr_carea' id='block_1_10' title="bbox 129 1542 794 2891">
    <p class='ocr_par' dir='ltr' id='par_1_18' title="bbox 129 1542 794 2891">
     <span class='ocr_line' id='line_1_23' title="bbox 130 1542 793 1591; baseline -0.003 -10"><span class='ocrx_word' id='word_1_143' title='bbox 130 1543 189 1581; x_wconf 93' lang='lat' dir='ltr'>De</span> <span class='ocrx_word' id='word_1_144' title='bbox 228 1542 392 1591; x_wconf 69' lang='lat' dir='ltr'>,Milone‚</span> <span class='ocrx_word' id='word_1_145' title='bbox 424 1542 558 1581; x_wconf 72' lang='lat' dir='ltr'>athleta</span> <span class='ocrx_word' id='word_1_146' title='bbox 596 1544 793 1581; x_wconf 78' lang='lat' dir='ltr'>Crotonia-</span> 
     </span>
     <span class='ocr_line' id='line_1_24' title="bbox 130 1600 792 1649; baseline 0 -13"><span class='ocrx_word' id='word_1_147' title='bbox 130 1603 168 1636; x_wconf 76' lang='lat' dir='ltr'>ta</span> <span class='ocrx_word' id='word_1_148' title='bbox 215 1600 477 1646; x_wconf 79' lang='lat' dir='ltr'>illustrissimo,</span> <span class='ocrx_word' id='word_1_149' title='bbox 516 1601 578 1649; x_wconf 90' lang='lat' dir='ltr'>qui</span> <span class='ocrx_word' id='word_1_150' title='bbox 630 1613 693 1638; x_wconf 85' lang='lat' dir='ltr'>sex</span> <span class='ocrx_word' id='word_1_151' title='bbox 739 1601 792 1636; x_wconf 77' lang='lat' dir='ltr'>vi-</span> 
     </span>
     <span class='ocr_line' id='line_1_25' title="bbox 130 1656 792 1707; baseline 0.003 -15"><span class='ocrx_word' id='word_1_152' title='bbox 130 1656 260 1693; x_wconf 78' lang='lat' dir='ltr'>ctorias</span> <span class='ocrx_word' id='word_1_153' title='bbox 305 1657 520 1707; x_wconf 67' lang='lat' dir='ltr'>Olympicus</span> <span class='ocrx_word' id='word_1_154' title='bbox 575 1662 792 1706; x_wconf 73' lang='lat' dir='ltr'>septemque</span> 
     </span>
     <span class='ocr_line' id='line_1_26' title="bbox 130 1712 792 1764; baseline 0 -15"><span class='ocrx_word' id='word_1_155' title='bbox 130 1712 301 1761; x_wconf 70' lang='lat' dir='ltr'>Pythicas</span> <span class='ocrx_word' id='word_1_156' title='bbox 329 1718 537 1764; x_wconf 75' lang='lat' dir='ltr'>reportasse</span> <span class='ocrx_word' id='word_1_157' title='bbox 557 1713 687 1760; x_wconf 85' lang='lat' dir='ltr'>fertur,</span> <span class='ocrx_word' id='word_1_158' title='bbox 719 1714 792 1764; x_wconf 87' lang='lat' dir='ltr'>pri-</span> 
     </span>
     <span class='ocr_line' id='line_1_27' title="bbox 129 1770 790 1807; baseline 0.002 -2"><span class='ocrx_word' id='word_1_159' title='bbox 129 1770 231 1805; x_wconf 84' lang='lat' dir='ltr'>marii</span> <span class='ocrx_word' id='word_1_160' title='bbox 252 1774 337 1806; x_wconf 87' lang='lat' dir='ltr'>sunt</span> <span class='ocrx_word' id='word_1_161' title='bbox 354 1770 424 1807; x_wconf 78' lang='lat' dir='ltr'>loci</span> <span class='ocrx_word' id='word_1_162' title='bbox 444 1770 486 1805; x_wconf 94' lang='lat' dir='ltr'>A.</span> <span class='ocrx_word' id='word_1_163' title='bbox 507 1770 616 1807; x_wconf 91' lang='lat' dir='ltr'>Gellii</span> <span class='ocrx_word' id='word_1_164' title='bbox 639 1770 687 1807; x_wconf 89' lang='lat' dir='ltr'>N.</span> <span class='ocrx_word' id='word_1_165' title='bbox 711 1772 790 1806; x_wconf 76' lang='lat' dir='ltr'><strong>Att.</strong></span> 
     </span>
     <span class='ocr_line' id='line_1_28' title="bbox 129 1826 790 1879; baseline 0.003 -18"><span class='ocrx_word' id='word_1_166' title='bbox 129 1826 211 1871; x_wconf 69' lang='lat' dir='ltr'>XV,</span> <span class='ocrx_word' id='word_1_167' title='bbox 235 1829 284 1866; x_wconf 89' lang='grc'>16</span> <span class='ocrx_word' id='word_1_168' title='bbox 307 1832 343 1863; x_wconf 91' lang='lat' dir='ltr'>et</span> <span class='ocrx_word' id='word_1_169' title='bbox 363 1826 517 1863; x_wconf 82' lang='lat' dir='ltr'>Pausan.</span> <span class='ocrx_word' id='word_1_170' title='bbox 540 1826 602 1873; x_wconf 78' lang='lat' dir='ltr'>vl,</span> <span class='ocrx_word' id='word_1_171' title='bbox 626 1826 675 1866; x_wconf 69' lang='lat'>14</span> <span class='ocrx_word' id='word_1_172' title='bbox 697 1826 731 1879; x_wconf 61' lang='grc' dir='ltr'>ἓ.</span> <span class='ocrx_word' id='word_1_173' title='bbox 752 1829 790 1867; x_wconf 73' lang='grc'>2.</span> 
     </span>
     <span class='ocr_line' id='line_1_29' title="bbox 131 1882 791 1931; baseline 0 -11"><span class='ocrx_word' id='word_1_174' title='bbox 131 1884 177 1926; x_wconf 80' lang='lat'>3,</span> <span class='ocrx_word' id='word_1_175' title='bbox 208 1883 269 1918; x_wconf 75' lang='lat' dir='ltr'>ubi</span> <span class='ocrx_word' id='word_1_176' title='bbox 301 1882 438 1931; x_wconf 83' lang='lat' dir='ltr'>reliqua</span> <span class='ocrx_word' id='word_1_177' title='bbox 463 1884 598 1919; x_wconf 80' lang='lat' dir='ltr'>indicat</span> <span class='ocrx_word' id='word_1_178' title='bbox 624 1883 791 1920; x_wconf 81' lang='lat' dir='ltr'>Siebelis.</span> 
     </span>
     <span class='ocr_line' id='line_1_30' title="bbox 132 1938 792 1988; baseline 0.005 -15"><span class='ocrx_word' id='word_1_179' title='bbox 132 1938 254 1974; x_wconf 63' lang='lat' dir='ltr'>Verba</span> <span class='ocrx_word' id='word_1_180' title='bbox 273 1938 309 1974; x_wconf 88' lang='lat' dir='ltr'>in</span> <span class='ocrx_word' id='word_1_181' title='bbox 328 1939 400 1975; x_wconf 85' lang='lat' dir='ltr'>flue</span> <span class='ocrx_word' id='word_1_182' title='bbox 418 1939 544 1988; x_wconf 84' lang='lat' dir='ltr'>capitis</span> <span class='ocrx_word' id='word_1_183' title='bbox 567 1940 705 1988; x_wconf 82' lang='lat' dir='ltr'>posita:</span> <span class='ocrx_word' id='word_1_184' title='bbox 725 1939 792 1977; x_wconf 75' lang='grc' dir='ltr'><em>ἵνα</em></span> 
     </span>
     <span class='ocr_line' id='line_1_31' title="bbox 133 1991 790 2047; baseline 0.003 -17"><span class='ocrx_word' id='word_1_185' title='bbox 133 1995 248 2047; x_wconf 63' lang='grc' dir='ltr'><em>φανῇ</em></span> <span class='ocrx_word' id='word_1_186' title='bbox 279 1991 378 2045; x_wconf 75' lang='grc' dir='ltr'><em>πρὸς</em></span> <span class='ocrx_word' id='word_1_187' title='bbox 407 1996 579 2044; x_wconf 79' lang='grc' dir='ltr'><em>Δαρείου</em></span> <span class='ocrx_word' id='word_1_188' title='bbox 616 1992 691 2034; x_wconf 69' lang='grc' dir='ltr'><em>ἐών</em></span> <span class='ocrx_word' id='word_1_189' title='bbox 723 2000 790 2032; x_wconf 81' lang='lat' dir='ltr'>etc.</span> 
     </span>
     <span class='ocr_line' id='line_1_32' title="bbox 132 2051 794 2101; baseline -0.002 -14"><span class='ocrx_word' id='word_1_190' title='bbox 132 2055 285 2087; x_wconf 85' lang='lat' dir='ltr'>sonant:</span> <span class='ocrx_word' id='word_1_191' title='bbox 317 2064 388 2099; x_wconf 84' lang='lat' dir='ltr'>quo</span> <span class='ocrx_word' id='word_1_192' title='bbox 409 2051 538 2087; x_wconf 79' lang='lat' dir='ltr'>Darius</span> <span class='ocrx_word' id='word_1_193' title='bbox 559 2053 794 2101; x_wconf 59' lang='lat' dir='ltr'>perspiceret,</span> 
     </span>
     <span class='ocr_line' id='line_1_33' title="bbox 133 2107 791 2157; baseline 0.002 -14"><span class='ocrx_word' id='word_1_194' title='bbox 133 2120 173 2143; x_wconf 87' lang='lat' dir='ltr'>se</span> <span class='ocrx_word' id='word_1_195' title='bbox 202 2119 348 2155; x_wconf 84' lang='lat' dir='ltr'>quoque</span> <span class='ocrx_word' id='word_1_196' title='bbox 377 2107 413 2143; x_wconf 89' lang='lat' dir='ltr'>in</span> <span class='ocrx_word' id='word_1_197' title='bbox 434 2108 554 2156; x_wconf 78' lang='lat' dir='ltr'>patria</span> <span class='ocrx_word' id='word_1_198' title='bbox 581 2109 677 2157; x_wconf 74' lang='lat' dir='ltr'>apud</span> <span class='ocrx_word' id='word_1_199' title='bbox 709 2122 791 2144; x_wconf 83' lang='lat' dir='ltr'>suos</span> 
     </span>
     <span class='ocr_line' id='line_1_34' title="bbox 130 2162 792 2212; baseline 0.002 -13"><span class='ocrx_word' id='word_1_200' title='bbox 130 2162 236 2200; x_wconf 62' lang='lat' dir='ltr'>xalde</span> <span class='ocrx_word' id='word_1_201' title='bbox 257 2163 326 2200; x_wconf 82' lang='lat' dir='ltr'>coli</span> <span class='ocrx_word' id='word_1_202' title='bbox 344 2165 573 2212; x_wconf 74' lang='lat' dir='ltr'>maximeque</span> <span class='ocrx_word' id='word_1_203' title='bbox 597 2165 792 2201; x_wconf 74' lang='lat' dir='ltr'>aestimari.</span> 
     </span>
     <span class='ocr_line' id='line_1_35' title="bbox 130 2217 794 2271; baseline 0.003 -15"><span class='ocrx_word' id='word_1_204' title='bbox 130 2219 225 2256; x_wconf 80' lang='lat' dir='ltr'>Nam</span> <span class='ocrx_word' id='word_1_205' title='bbox 254 2217 352 2270; x_wconf 85' lang='grc' dir='ltr'><em>πρὸς</em></span> <span class='ocrx_word' id='word_1_206' title='bbox 380 2222 553 2271; x_wconf 70' lang='grc' dir='ltr'><em>Δαρείου</em></span> <span class='ocrx_word' id='word_1_207' title='bbox 579 2221 675 2258; x_wconf 87' lang='lat' dir='ltr'>idem</span> <span class='ocrx_word' id='word_1_208' title='bbox 697 2221 794 2258; x_wconf 63' lang='lat' dir='ltr'>valet</span> 
     </span>
     <span class='ocr_line' id='line_1_36' title="bbox 131 2274 792 2328; baseline 0.009 -17"><span class='ocrx_word' id='word_1_209' title='bbox 131 2277 232 2324; x_wconf 84' lang='lat' dir='ltr'>quod</span> <span class='ocrx_word' id='word_1_210' title='bbox 252 2274 334 2315; x_wconf 71' lang='grc' dir='ltr'>ὑπό</span> <span class='ocrx_word' id='word_1_211' title='bbox 358 2278 552 2328; x_wconf 78' lang='grc' dir='ltr'><em>Δαρείου,</em></span> <span class='ocrx_word' id='word_1_212' title='bbox 585 2282 623 2313; x_wconf 90' lang='lat' dir='ltr'>ut</span> <span class='ocrx_word' id='word_1_213' title='bbox 648 2278 675 2324; x_wconf 88' lang='lat' dir='ltr'>l,</span> <span class='ocrx_word' id='word_1_214' title='bbox 702 2280 792 2317; x_wconf 70' lang='lat'>120.</span> 
     </span>
     <span class='ocr_line' id='line_1_37' title="bbox 131 2329 793 2385; baseline 0.006 -16"><span class='ocrx_word' id='word_1_215' title='bbox 131 2329 250 2383; x_wconf 74' lang='grc' dir='ltr'><em>λόγου</em></span> <span class='ocrx_word' id='word_1_216' title='bbox 278 2329 444 2380; x_wconf 77' lang='grc' dir='ltr'><em>ου’δενός</em></span> <span class='ocrx_word' id='word_1_217' title='bbox 472 2330 671 2384; x_wconf 71' lang='grc' dir='ltr'><em>γινόμεθα</em></span> <span class='ocrx_word' id='word_1_218' title='bbox 696 2331 793 2385; x_wconf 84' lang='grc' dir='ltr'><em>πρὸς</em></span> 
     </span>
     <span class='ocr_line' id='line_1_38' title="bbox 134 2387 724 2439; baseline 0.005 -14"><span class='ocrx_word' id='word_1_219' title='bbox 134 2387 322 2439; x_wconf 77' lang='grc' dir='ltr'><em>Περσέων</em></span> <span class='ocrx_word' id='word_1_220' title='bbox 344 2390 388 2437; x_wconf 90' lang='grc' dir='ltr'>ΙΙ,</span> <span class='ocrx_word' id='word_1_221' title='bbox 415 2393 505 2431; x_wconf 78' lang='lat'><strong>139.</strong></span> <span class='ocrx_word' id='word_1_222' title='bbox 528 2393 607 2431; x_wconf 70' lang='lat'>1:32</span> <span class='ocrx_word' id='word_1_223' title='bbox 626 2391 724 2428; x_wconf 75' lang='lat' dir='ltr'>alibi.</span> 
     </span>
     <span class='ocr_line' id='line_1_39' title="bbox 272 2447 650 2496; baseline 0.003 -14"><span class='ocrx_word' id='word_1_224' title='bbox 272 2447 381 2496; x_wconf 82' lang='lat' dir='ltr'><strong>Cap.</strong></span> <span class='ocrx_word' id='word_1_225' title='bbox 414 2447 650 2484; x_wconf 71' lang='lat' dir='ltr'><strong>CXXXVIII.</strong></span> 
     </span>
     <span class='ocr_line' id='line_1_40' title="bbox 188 2499 790 2554; baseline 0.007 -16"><span class='ocrx_word' id='word_1_226' title='bbox 188 2499 418 2541; x_wconf 79' lang='grc' dir='ltr'><em>ἐκπίπτουσι</em></span> <span class='ocrx_word' id='word_1_227' title='bbox 438 2524 491 2530; x_wconf 90' lang='lat'>—-</span> <span class='ocrx_word' id='word_1_228' title='bbox 513 2502 552 2549; x_wconf 81' lang='grc' dir='ltr'>ἐς</span> <span class='ocrx_word' id='word_1_229' title='bbox 570 2499 790 2554; x_wconf 68' lang='grc' dir='ltr'><em>Ἰηπυγίην]</em></span> 
     </span>
     <span class='ocr_line' id='line_1_41' title="bbox 134 2555 792 2608; baseline 0.005 -15"><span class='ocrx_word' id='word_1_230' title='bbox 134 2555 333 2595; x_wconf 72' lang='grc' dir='ltr'><em>ἐκπίπτειν</em></span> <span class='ocrx_word' id='word_1_231' title='bbox 358 2560 405 2597; x_wconf 89' lang='lat' dir='ltr'>‹le</span> <span class='ocrx_word' id='word_1_232' title='bbox 427 2560 469 2596; x_wconf 89' lang='lat' dir='ltr'>iis</span> <span class='ocrx_word' id='word_1_233' title='bbox 489 2561 632 2605; x_wconf 71' lang='lat' dir='ltr'>dicitur,</span> <span class='ocrx_word' id='word_1_234' title='bbox 657 2561 718 2608; x_wconf 85' lang='lat' dir='ltr'>qui</span> <span class='ocrx_word' id='word_1_235' title='bbox 739 2561 792 2596; x_wconf 85' lang='lat' dir='ltr'>in-</span> 
     </span>
     <span class='ocr_line' id='line_1_42' title="bbox 133 2613 792 2663; baseline 0.011 -16"><span class='ocrx_word' id='word_1_236' title='bbox 133 2613 195 2648; x_wconf 70' lang='lat' dir='ltr'>viti</span> <span class='ocrx_word' id='word_1_237' title='bbox 215 2614 250 2648; x_wconf 85' lang='lat' dir='ltr'>in</span> <span class='ocrx_word' id='word_1_238' title='bbox 263 2615 417 2663; x_wconf 75' lang='lat' dir='ltr'>aliquem</span> <span class='ocrx_word' id='word_1_239' title='bbox 428 2615 545 2652; x_wconf 89' lang='lat' dir='ltr'>locum</span> <span class='ocrx_word' id='word_1_240' title='bbox 567 2616 689 2662; x_wconf 66' lang='lat' dir='ltr'>delati,</span> <span class='ocrx_word' id='word_1_241' title='bbox 704 2630 792 2654; x_wconf 88' lang='lat' dir='ltr'>ven-</span> 
     </span>
     <span class='ocr_line' id='line_1_43' title="bbox 134 2671 790 2710; baseline 0.008 -5"><span class='ocrx_word' id='word_1_242' title='bbox 134 2673 252 2705; x_wconf 86' lang='lat' dir='ltr'>torum</span> <span class='ocrx_word' id='word_1_243' title='bbox 280 2671 313 2705; x_wconf 79' lang='lat' dir='ltr'>vi</span> <span class='ocrx_word' id='word_1_244' title='bbox 343 2672 390 2707; x_wconf 84' lang='lat' dir='ltr'>ad</span> <span class='ocrx_word' id='word_1_245' title='bbox 427 2677 560 2709; x_wconf 82' lang='lat' dir='ltr'>terram</span> <span class='ocrx_word' id='word_1_246' title='bbox 590 2673 790 2710; x_wconf 86' lang='lat' dir='ltr'>eiiciuntur.</span> 
     </span>
     <span class='ocr_line' id='line_1_44' title="bbox 134 2724 789 2779; baseline 0.009 -20"><span class='ocrx_word' id='word_1_247' title='bbox 134 2724 390 2763; x_wconf 82' lang='lat' dir='ltr'>Conf.Loee11.</span> <span class='ocrx_word' id='word_1_248' title='bbox 412 2729 458 2764; x_wconf 88' lang='lat' dir='ltr'>ad</span> <span class='ocrx_word' id='word_1_249' title='bbox 468 2729 634 2778; x_wconf 83' lang='lat' dir='ltr'>Xenoph.</span> <span class='ocrx_word' id='word_1_250' title='bbox 652 2730 789 2779; x_wconf 85' lang='lat' dir='ltr'>Ephes.</span> 
     </span>
     <span class='ocr_line' id='line_1_45' title="bbox 133 2782 790 2835; baseline 0.012 -19"><span class='ocrx_word' id='word_1_251' title='bbox 133 2793 167 2829; x_wconf 88' lang='lat' dir='ltr'>p.</span> <span class='ocrx_word' id='word_1_252' title='bbox 190 2782 270 2821; x_wconf 80' lang='lat'>239</span> <span class='ocrx_word' id='word_1_253' title='bbox 295 2787 332 2819; x_wconf 85' lang='lat' dir='ltr'>et</span> <span class='ocrx_word' id='word_1_254' title='bbox 355 2783 438 2820; x_wconf 82' lang='lat' dir='ltr'>vide</span> <span class='ocrx_word' id='word_1_255' title='bbox 458 2783 549 2820; x_wconf 87' lang='lat' dir='ltr'>Plut.</span> <span class='ocrx_word' id='word_1_256' title='bbox 569 2785 700 2835; x_wconf 87' lang='lat' dir='ltr'><strong>Pyrrh.</strong></span> <span class='ocrx_word' id='word_1_257' title='bbox 725 2786 790 2832; x_wconf 90' lang='grc'>15,</span> 
     </span>
     <span class='ocr_line' id='line_1_46' title="bbox 133 2836 790 2891; baseline 0.011 -19"><span class='ocrx_word' id='word_1_258' title='bbox 133 2836 193 2873; x_wconf 88' lang='lat' dir='ltr'>ubi</span> <span class='ocrx_word' id='word_1_259' title='bbox 229 2838 336 2875; x_wconf 78' lang='lat' dir='ltr'>etiam</span> <span class='ocrx_word' id='word_1_260' title='bbox 375 2837 568 2889; x_wconf 74' lang='lat' dir='ltr'>Iapygimn</span> <span class='ocrx_word' id='word_1_261' title='bbox 593 2846 790 2891; x_wconf 76' lang='lat' dir='ltr'>promonto-</span> 
     </span>
    </p>
   </div>
   <div class='ocr_carea' id='block_1_11' title="bbox 847 1544 1517 2894">
    <p class='ocr_par' dir='ltr' id='par_1_19' title="bbox 847 1544 1516 2271">
     <span class='ocr_line' id='line_1_47' title="bbox 849 1544 1515 1593; baseline 0.002 -14"><span class='ocrx_word' id='word_1_262' title='bbox 849 1545 941 1580; x_wconf 75' lang='lat' dir='ltr'>rium</span> <span class='ocrx_word' id='word_1_263' title='bbox 972 1548 1299 1590; x_wconf 82' lang='lat' dir='ltr'>commemoratur,</span> <span class='ocrx_word' id='word_1_264' title='bbox 1329 1544 1378 1581; x_wconf 79' lang='lat' dir='ltr'>ad</span> <span class='ocrx_word' id='word_1_265' title='bbox 1413 1544 1515 1593; x_wconf 86' lang='lat' dir='ltr'>quod</span> 
     </span>
     <span class='ocr_line' id='line_1_48' title="bbox 850 1601 1515 1650; baseline 0.002 -13"><span class='ocrx_word' id='word_1_266' title='bbox 850 1601 897 1637; x_wconf 89' lang='lat' dir='ltr'>ob</span> <span class='ocrx_word' id='word_1_267' title='bbox 919 1602 1013 1638; x_wconf 76' lang='lat' dir='ltr'>vada</span> <span class='ocrx_word' id='word_1_268' title='bbox 1034 1615 1076 1638; x_wconf 77' lang='lat' dir='ltr'>ac</span> <span class='ocrx_word' id='word_1_269' title='bbox 1100 1601 1178 1638; x_wconf 84' lang='lat' dir='ltr'>loca</span> <span class='ocrx_word' id='word_1_270' title='bbox 1199 1601 1422 1650; x_wconf 79' lang='lat' dir='ltr'>importuosa</span> <span class='ocrx_word' id='word_1_271' title='bbox 1435 1613 1515 1638; x_wconf 82' lang='lat' dir='ltr'>cae-</span> 
     </span>
     <span class='ocr_line' id='line_1_49' title="bbox 848 1656 1515 1707; baseline -0.003 -13"><span class='ocrx_word' id='word_1_272' title='bbox 848 1669 964 1706; x_wconf 85' lang='lat' dir='ltr'>caque</span> <span class='ocrx_word' id='word_1_273' title='bbox 985 1657 1141 1694; x_wconf 78' lang='lat' dir='ltr'>difficilis</span> <span class='ocrx_word' id='word_1_274' title='bbox 1165 1662 1201 1694; x_wconf 86' lang='lat' dir='ltr'>et</span> <span class='ocrx_word' id='word_1_275' title='bbox 1221 1656 1442 1707; x_wconf 86' lang='lat' dir='ltr'>periculosus</span> <span class='ocrx_word' id='word_1_276' title='bbox 1455 1669 1515 1693; x_wconf 81' lang='lat' dir='ltr'>ac-</span> 
     </span>
     <span class='ocr_line' id='line_1_50' title="bbox 849 1713 1514 1751; baseline 0 -1"><span class='ocrx_word' id='word_1_277' title='bbox 849 1726 985 1751; x_wconf 81' lang='lat' dir='ltr'>cessus.</span> <span class='ocrx_word' id='word_1_278' title='bbox 1067 1714 1244 1750; x_wconf 82' lang='lat' dir='ltr'>Romanis</span> <span class='ocrx_word' id='word_1_279' title='bbox 1285 1713 1514 1750; x_wconf 75' lang='lat' dir='ltr'>Salentz‘num</span> 
     </span>
     <span class='ocr_line' id='line_1_51' title="bbox 849 1770 1513 1821; baseline -0.002 -13"><span class='ocrx_word' id='word_1_280' title='bbox 849 1775 1000 1808; x_wconf 82' lang='lat' dir='ltr'>vocatur</span> <span class='ocrx_word' id='word_1_281' title='bbox 1017 1770 1322 1821; x_wconf 81' lang='lat' dir='ltr'>promontorium,</span> <span class='ocrx_word' id='word_1_282' title='bbox 1344 1774 1513 1819; x_wconf 85' lang='lat' dir='ltr'>terraque</span> 
     </span>
     <span class='ocr_line' id='line_1_52' title="bbox 847 1825 1514 1876; baseline -0.004 -11"><span class='ocrx_word' id='word_1_283' title='bbox 847 1827 1016 1865; x_wconf 79' lang='lat' dir='ltr'>adiacens</span> <span class='ocrx_word' id='word_1_284' title='bbox 1040 1827 1247 1873; x_wconf 71' lang='lat' dir='ltr'>Salentina,</span> <span class='ocrx_word' id='word_1_285' title='bbox 1267 1840 1295 1863; x_wconf 87' lang='lat' dir='ltr'>s.</span> <span class='ocrx_word' id='word_1_286' title='bbox 1315 1825 1514 1876; x_wconf 65' lang='lat' dir='ltr'>Blessapia,</span> 
     </span>
     <span class='ocr_line' id='line_1_53' title="bbox 848 1883 1515 1933; baseline -0.001 -13"><span class='ocrx_word' id='word_1_287' title='bbox 848 1885 926 1921; x_wconf 86' lang='lat' dir='ltr'>sive</span> <span class='ocrx_word' id='word_1_288' title='bbox 955 1885 1064 1921; x_wconf 73' lang='lat' dir='ltr'>etiam</span> <span class='ocrx_word' id='word_1_289' title='bbox 1084 1884 1258 1933; x_wconf 73' lang='lat' dir='ltr'>Iapygia.</span> <span class='ocrx_word' id='word_1_290' title='bbox 1315 1883 1425 1921; x_wconf 91' lang='lat' dir='ltr'>Nunc</span> <span class='ocrx_word' id='word_1_291' title='bbox 1450 1896 1515 1919; x_wconf 89' lang='lat' dir='ltr'>vo-</span> 
     </span>
     <span class='ocr_line' id='line_1_54' title="bbox 848 1939 1515 1990; baseline -0.001 -13"><span class='ocrx_word' id='word_1_292' title='bbox 848 1946 951 1977; x_wconf 78' lang='lat' dir='ltr'>catur</span> <span class='ocrx_word' id='word_1_293' title='bbox 977 1940 1074 1990; x_wconf 75' lang='lat' dir='ltr'>Capo</span> <span class='ocrx_word' id='word_1_294' title='bbox 1103 1942 1143 1977; x_wconf 66' lang='lat' dir='ltr'>(li</span> <span class='ocrx_word' id='word_1_295' title='bbox 1167 1940 1292 1976; x_wconf 75' lang='lat' dir='ltr'>Leuca</span> <span class='ocrx_word' id='word_1_296' title='bbox 1319 1941 1421 1990; x_wconf 81' lang='lat' dir='ltr'>(Cap</span> <span class='ocrx_word' id='word_1_297' title='bbox 1451 1939 1515 1976; x_wconf 86' lang='lat' dir='ltr'>Fi-</span> 
     </span>
     <span class='ocr_line' id='line_1_55' title="bbox 849 1996 1515 2044; baseline -0.002 -11"><span class='ocrx_word' id='word_1_298' title='bbox 849 1998 1022 2043; x_wconf 81' lang='lat' dir='ltr'>nisterre)</span> <span class='ocrx_word' id='word_1_299' title='bbox 1054 1998 1093 2032; x_wconf 86' lang='lat' dir='ltr'>in</span> <span class='ocrx_word' id='word_1_300' title='bbox 1122 1998 1274 2044; x_wconf 75' lang='lat' dir='ltr'>regione</span> <span class='ocrx_word' id='word_1_301' title='bbox 1304 1996 1515 2043; x_wconf 77' lang='lat' dir='ltr'>d&#39;Otranto‚</span> 
     </span>
     <span class='ocr_line' id='line_1_56' title="bbox 851 2052 1516 2103; baseline -0.002 -15"><span class='ocrx_word' id='word_1_302' title='bbox 851 2053 998 2089; x_wconf 75' lang='lat' dir='ltr'>ditionis</span> <span class='ocrx_word' id='word_1_303' title='bbox 1018 2052 1297 2103; x_wconf 79' lang='lat' dir='ltr'>Neapolitanae.</span> <span class='ocrx_word' id='word_1_304' title='bbox 1331 2053 1411 2088; x_wconf 71' lang='lat' dir='ltr'>Vid.</span> <span class='ocrx_word' id='word_1_305' title='bbox 1430 2052 1516 2088; x_wconf 90' lang='lat' dir='ltr'>Clu-</span> 
     </span>
     <span class='ocr_line' id='line_1_57' title="bbox 849 2108 1515 2158; baseline 0 -13"><span class='ocrx_word' id='word_1_306' title='bbox 849 2122 924 2146; x_wconf 74' lang='lat' dir='ltr'>ver.</span> <span class='ocrx_word' id='word_1_307' title='bbox 947 2109 983 2144; x_wconf 89' lang='lat' dir='ltr'>in</span> <span class='ocrx_word' id='word_1_308' title='bbox 1009 2109 1079 2145; x_wconf 74' lang='lat' dir='ltr'>Sic.</span> <span class='ocrx_word' id='word_1_309' title='bbox 1110 2110 1233 2157; x_wconf 84' lang='lat' dir='ltr'>Autiq.</span> <span class='ocrx_word' id='word_1_310' title='bbox 1258 2108 1320 2155; x_wconf 81' lang='lat' dir='ltr'>lv,</span> <span class='ocrx_word' id='word_1_311' title='bbox 1347 2109 1398 2148; x_wconf 82' lang='lat'>13</span> <span class='ocrx_word' id='word_1_312' title='bbox 1427 2121 1515 2158; x_wconf 74' lang='lat' dir='ltr'><strong>pag.</strong></span> 
     </span>
     <span class='ocr_line' id='line_1_58' title="bbox 854 2164 1515 2215; baseline 0.002 -15"><span class='ocrx_word' id='word_1_313' title='bbox 854 2167 961 2205; x_wconf 73' lang='lat'>1239</span> <span class='ocrx_word' id='word_1_314' title='bbox 982 2178 1058 2214; x_wconf 87' lang='lat' dir='ltr'>seq.</span> <span class='ocrx_word' id='word_1_315' title='bbox 1079 2170 1117 2202; x_wconf 88' lang='lat' dir='ltr'>et</span> <span class='ocrx_word' id='word_1_316' title='bbox 1137 2166 1255 2215; x_wconf 80' lang='lat' dir='ltr'>Poup</span> <span class='ocrx_word' id='word_1_317' title='bbox 1273 2164 1440 2214; x_wconf 81' lang='lat' dir='ltr'>prolegg.</span> <span class='ocrx_word' id='word_1_318' title='bbox 1466 2165 1515 2201; x_wconf 80' lang='lat' dir='ltr'>ad</span> 
     </span>
     <span class='ocr_line' id='line_1_59' title="bbox 852 2221 1291 2271; baseline 0.005 -12.033"><span class='ocrx_word' id='word_1_319' title='bbox 852 2221 1022 2270; x_wconf 70' lang='grc' dir='ltr'><em>ἸΙιιιο)-.(ἷ</em></span> <span class='ocrx_word' id='word_1_320' title='bbox 1044 2222 1120 2268; x_wconf 77' lang='lat'>1‚2</span> <span class='ocrx_word' id='word_1_321' title='bbox 1140 2235 1176 2271; x_wconf 88' lang='lat' dir='ltr'>p.</span> <span class='ocrx_word' id='word_1_322' title='bbox 1197 2221 1291 2261; x_wconf 75' lang='lat'><strong>547·</strong></span> 
     </span>
    </p>

    <p class='ocr_par' dir='ltr' id='par_1_20' title="bbox 848 2275 1517 2894">
     <span class='ocr_line' id='line_1_60' title="bbox 909 2275 1516 2326; baseline -0.002 -10"><span class='ocrx_word' id='word_1_323' title='bbox 909 2275 1114 2316; x_wconf 78' lang='grc' dir='ltr'><em>διδόναι</em></span> <span class='ocrx_word' id='word_1_324' title='bbox 1148 2278 1312 2326; x_wconf 82' lang='grc' dir='ltr'><em>τουτο]</em></span> <span class='ocrx_word' id='word_1_325' title='bbox 1345 2279 1463 2316; x_wconf 78' lang='grc' dir='ltr'><em>τοῦτο</em></span> <span class='ocrx_word' id='word_1_326' title='bbox 1495 2290 1516 2315; x_wconf 84' lang='lat' dir='ltr'>e</span> 
     </span>
     <span class='ocr_line' id='line_1_61' title="bbox 849 2334 1517 2382; baseline -0.004 -10"><span class='ocrx_word' id='word_1_327' title='bbox 849 2335 936 2372; x_wconf 86' lang='lat' dir='ltr'>Flor</span> <span class='ocrx_word' id='word_1_328' title='bbox 976 2348 1018 2371; x_wconf 84' lang='lat' dir='ltr'>ac</span> <span class='ocrx_word' id='word_1_329' title='bbox 1048 2335 1190 2372; x_wconf 85' lang='lat' dir='ltr'>duobus</span> <span class='ocrx_word' id='word_1_330' title='bbox 1213 2334 1345 2371; x_wconf 78' lang='lat' dir='ltr'>Pariss.</span> <span class='ocrx_word' id='word_1_331' title='bbox 1395 2334 1517 2382; x_wconf 83' lang='lat' dir='ltr'>Vulgo</span> 
     </span>
     <span class='ocr_line' id='line_1_62' title="bbox 849 2387 1515 2444; baseline -0.003 -16"><span class='ocrx_word' id='word_1_332' title='bbox 849 2405 928 2429; x_wconf 90' lang='lat' dir='ltr'>cum</span> <span class='ocrx_word' id='word_1_333' title='bbox 951 2390 1083 2428; x_wconf 70' lang='lat' dir='ltr'><strong>Matth.</strong></span> <span class='ocrx_word' id='word_1_334' title='bbox 1107 2387 1246 2444; x_wconf 79' lang='grc' dir='ltr'><em>τούτῳ.</em></span> <span class='ocrx_word' id='word_1_335' title='bbox 1305 2390 1515 2428; x_wconf 75' lang='lat' dir='ltr'>Memoratu</span> 
     </span>
     <span class='ocr_line' id='line_1_63' title="bbox 851 2446 1514 2497; baseline -0.003 -13"><span class='ocrx_word' id='word_1_336' title='bbox 851 2449 1004 2496; x_wconf 80' lang='lat' dir='ltr'>dignum</span> <span class='ocrx_word' id='word_1_337' title='bbox 1031 2452 1104 2495; x_wconf 76' lang='lat' dir='ltr'>est,</span> <span class='ocrx_word' id='word_1_338' title='bbox 1135 2448 1236 2497; x_wconf 86' lang='lat' dir='ltr'>quod</span> <span class='ocrx_word' id='word_1_339' title='bbox 1266 2460 1309 2484; x_wconf 80' lang='lat' dir='ltr'>ex</span> <span class='ocrx_word' id='word_1_340' title='bbox 1343 2446 1514 2497; x_wconf 83' lang='lat' dir='ltr'>Appulei.</span> 
     </span>
     <span class='ocr_line' id='line_1_64' title="bbox 848 2503 1515 2554; baseline -0.003 -14"><span class='ocrx_word' id='word_1_341' title='bbox 848 2504 988 2541; x_wconf 81' lang='lat' dir='ltr'>Florid.</span> <span class='ocrx_word' id='word_1_342' title='bbox 1022 2504 1055 2540; x_wconf 88' lang='lat' dir='ltr'>II</span> <span class='ocrx_word' id='word_1_343' title='bbox 1085 2518 1120 2554; x_wconf 91' lang='lat' dir='ltr'>p.</span> <span class='ocrx_word' id='word_1_344' title='bbox 1149 2507 1226 2545; x_wconf 80' lang='lat'>351</span> <span class='ocrx_word' id='word_1_345' title='bbox 1262 2503 1325 2553; x_wconf 89' lang='lat' dir='ltr'>(T.</span> <span class='ocrx_word' id='word_1_346' title='bbox 1348 2504 1381 2540; x_wconf 91' lang='lat' dir='ltr'>ll</span> <span class='ocrx_word' id='word_1_347' title='bbox 1405 2517 1439 2552; x_wconf 86' lang='lat' dir='ltr'>p.</span> <span class='ocrx_word' id='word_1_348' title='bbox 1462 2503 1515 2543; x_wconf 85' lang='lat'>57</span> 
     </span>
     <span class='ocr_line' id='line_1_65' title="bbox 849 2559 1517 2609; baseline -0.004 -12"><span class='ocrx_word' id='word_1_349' title='bbox 849 2561 1044 2609; x_wconf 88' lang='lat' dir='ltr'>Oudend.)</span> <span class='ocrx_word' id='word_1_350' title='bbox 1064 2561 1172 2598; x_wconf 85' lang='lat' dir='ltr'>affert</span> <span class='ocrx_word' id='word_1_351' title='bbox 1190 2559 1359 2606; x_wconf 83' lang='lat' dir='ltr'>Wessel.‚</span> <span class='ocrx_word' id='word_1_352' title='bbox 1379 2560 1517 2608; x_wconf 58' lang='lat' dir='ltr'><strong>Pytha-</strong></span> 
     </span>
     <span class='ocr_line' id='line_1_66' title="bbox 849 2617 1515 2666; baseline -0.002 -14"><span class='ocrx_word' id='word_1_353' title='bbox 849 2630 989 2666; x_wconf 82' lang='lat' dir='ltr'>goram,</span> <span class='ocrx_word' id='word_1_354' title='bbox 1001 2618 1196 2665; x_wconf 70' lang='lat' dir='ltr'>Cambysis</span> <span class='ocrx_word' id='word_1_355' title='bbox 1211 2617 1296 2653; x_wconf 89' lang='lat' dir='ltr'>olim</span> <span class='ocrx_word' id='word_1_356' title='bbox 1318 2617 1515 2666; x_wconf 80' lang='lat' dir='ltr'>captivum,</span> 
     </span>
     <span class='ocr_line' id='line_1_67' title="bbox 849 2673 1516 2738; baseline -0.004 -28"><span class='ocrx_word' id='word_1_357' title='bbox 849 2686 871 2710; x_wconf 83' lang='lat' dir='ltr'>a</span> <span class='ocrx_word' id='word_1_358' title='bbox 890 2675 1049 2738; x_wconf 76' lang='lat' dir='ltr'>quodam</span> <span class='ocrx_word' id='word_1_359' title='bbox 1072 2674 1187 2720; x_wconf 64' lang='lat' dir='ltr'>Gillo,</span> <span class='ocrx_word' id='word_1_360' title='bbox 1220 2673 1516 2710; x_wconf 84' lang='lat' dir='ltr'>Crotoniensium</span> 
     </span>
     <span class='ocr_line' id='line_1_68' title="bbox 848 2729 1514 2786; baseline -0.005 -20"><span class='ocrx_word' id='word_1_361' title='bbox 848 2731 1014 2786; x_wconf 82' lang='lat' dir='ltr'>principe</span> <span class='ocrx_word' id='word_1_362' title='bbox 1027 2731 1266 2779; x_wconf 76' lang='lat' dir='ltr'>reciperatum</span> <span class='ocrx_word' id='word_1_363' title='bbox 1281 2741 1372 2766; x_wconf 86' lang='lat' dir='ltr'>esse.</span> <span class='ocrx_word' id='word_1_364' title='bbox 1396 2729 1514 2772; x_wconf 88' lang='lat' dir='ltr'>Quem</span> 
     </span>
     <span class='ocr_line' id='line_1_69' title="bbox 850 2778 1514 2823; baseline -0.003 -1"><span class='ocrx_word' id='word_1_365' title='bbox 850 2778 1006 2823; x_wconf 73' lang='lat' dir='ltr'>eundem</span> <span class='ocrx_word' id='word_1_366' title='bbox 1029 2786 1167 2823; x_wconf 90' lang='lat' dir='ltr'>Gillum</span> <span class='ocrx_word' id='word_1_367' title='bbox 1188 2786 1222 2822; x_wconf 89' lang='lat' dir='ltr'>h.</span> <span class='ocrx_word' id='word_1_368' title='bbox 1243 2785 1265 2822; x_wconf 88' lang='lat' dir='ltr'>l.</span> <span class='ocrx_word' id='word_1_369' title='bbox 1293 2796 1514 2822; x_wconf 85' lang='lat' dir='ltr'>commemo-</span> 
     </span>
     <span class='ocr_line' id='line_1_70' title="bbox 848 2841 1438 2894; baseline -0.005 -15"><span class='ocrx_word' id='word_1_370' title='bbox 848 2844 918 2880; x_wconf 83' lang='lat' dir='ltr'>rari</span> <span class='ocrx_word' id='word_1_371' title='bbox 937 2843 1093 2894; x_wconf 87' lang='lat' dir='ltr'>suspicio</span> <span class='ocrx_word' id='word_1_372' title='bbox 1117 2846 1172 2880; x_wconf 87' lang='lat' dir='ltr'>est</span> <span class='ocrx_word' id='word_1_373' title='bbox 1192 2841 1242 2879; x_wconf 86' lang='lat' dir='ltr'>W</span> <span class='ocrx_word' id='word_1_374' title='bbox 1244 2841 1438 2889; x_wconf 84' lang='lat' dir='ltr'>esselingii.</span> 
     </span>
    </p>
   </div>
  </div>
 </body>
</html>
