1904 3304
426 241 510 281 128
813 239 1290 281 HERODOTI
1902 233 1904 314 Ι

419 346 694 399 Ὑστάσπεος,
735 348 780 391 ἐκ
812 347 1019 404 Περσέων
1046 348 1186 405 ἥκων·
1243 350 1412 394 τούτων
1440 351 1523 408 γὰρ
1553 352 1606 409 δὴ
1637 348 1694 411 ἦν

397 417 517 463 50ῖὸ
549 418 688 474 πατὴρ
717 417 924 474 ὕπαρχος.
981 420 1071 463 ἐπεὶ
1101 416 1164 464 ὧν
1195 416 1323 473 οὗτος
1354 420 1552 473 ἀπίκετο,
1581 429 1695 468 τοῖσι

422 491 467 542 ἓξ
500 493 589 533 τῶν
620 489 823 545 Περσέων
860 490 978 542 ἔδοξε
1016 492 1088 534 καὶ
1127 497 1318 548 Δαρεῖον
1358 496 1695 549 προσεταιρίσα-

297 559 361 604 71
424 567 541 605 σθαι.
603 559 904 613 Συνελθόντες
946 562 992 606 δὲ
1035 557 1179 613 οὗτοι,
1222 564 1363 616 ἐόντες
1396 564 1523 615 ἑπτὰ,
1560 565 1750 609 {dido-30

92 624 372 687 ξζζῖξζωξξῖξὲξζηὴ
427 633 510 676 σάν
549 644 671 689 σφισι
712 633 854 683 πίστις
892 634 966 676 καὶ
1005 633 1178 689 λόγους.
1237 636 1328 679 ἐπεί
1365 652 1409 679 τε
1449 635 1494 679 δὲ
1524 635 1567 687 ἐς
1598 641 1694 680 Δα-

93 691 366 721 ⁸¹¹³d⁶m³⁸v³¹¹⁰⁵t'
424 709 544 759 ρεῖον
573 703 747 746 ἀπίκετο
777 701 955 760 γνώμην
984 703 1331 762 ἀποφαίνεσθαι,
1371 705 1482 761 ἔλεγέ
1514 718 1594 763 σφι
1622 707 1695 751 τᾶ-

394 777 491 819 Ξδε·
550 773 692 830 ,,Ἐγώ
728 779 866 818 ταῦτα
904 775 1083 819 ἐδόκεον
1121 777 1200 832 μὲν
1240 774 1370 827 αὐτὸς
1408 782 1573 832 μοῦνος
1611 779 1696 822 ἐπί-

423 851 634 897 στασθαι,
686 844 752 889 ὅτι
793 861 837 888 τε
881 845 905 889 ὁ
947 846 1106 902 Μάγος
1143 849 1207 904 εἴη
1247 848 1270 892 ὁ
1313 847 1577 904 βασιλεύων,
1621 849 1696 892 καὶ

424 917 615 972 Σμέρδις
649 916 671 960 ὁ
704 916 861 972 Κύρου
891 917 1181 974 τετελεύτηκε·
1241 919 1314 962 καὶ
1354 918 1494 962 αὐτοῦ
1532 919 1751 964 τούτου35

425 991 589 1032 εἵνεκεν
620 988 712 1045 ἥκω
753 990 945 1044 σπουδῇ,
993 988 1051 1039 ὠς
1085 988 1310 1045 συστήσων
1352 990 1418 1033 ἐπὶ
1460 994 1521 1047 τῷ
1551 989 1695 1047 Μάγῳ

394 1060 637 1113 3θάνατον.

425 1131 547 1175 δέναι
586 1131 660 1174 καὶ
700 1130 758 1186 μὴ
792 1134 962 1186 μοῦνον
1003 1131 1092 1186 ἐμὲ,
1140 1132 1306 1175 ποιέειν
1337 1132 1493 1175 αὐτίκα
1521 1148 1597 1187 μοι
1626 1132 1694 1174 δο-

695 1059 788 1103 ἑπεί
816 1075 860 1102 τε
898 1059 944 1102 δὲ
983 1059 1210 1116 συνήνεικε
1241 1059 1348 1104 ὥστε
1378 1061 1450 1104 καὶ
1478 1059 1615 1116 ὑμέας
1643 1061 1696 1103 εἰ·

425 1203 533 1254 κέει,
586 1201 660 1246 καὶ
700 1200 758 1257 μή
806 1200 1177 1256 ὑπερβάλλεσθαι·

395 1272 540 1317 4Εἷπε
570 1270 682 1329 πρὸς
710 1275 847 1315 ταῦτα
877 1270 900 1315 ὁ
927 1270 1132 1329 Ὀτάνης·

370 1459 494 1509 414),
536 1461 651 1499 fuisse
675 1461 742 1499 hos
773 1465 914 1513 septem
943 1461 1034 1500 Per-

372 1530 450 1563 sas,
482 1518 544 1566 qui
573 1519 860 1564 coniuraverint,
901 1519 1034 1569 princi-

371 1586 439 1624 pes
463 1575 643 1621 tribuum,
681 1576 813 1624 quibus
841 1576 1032 1613 Persarum

373 1631 473 1666 natio
502 1631 726 1678 constiterit,
766 1631 822 1669 vel
844 1637 942 1669 certe
960 1632 1032 1681 pri-

372 1699 492 1723 mores
539 1700 559 1724 e
598 1687 890 1735 Pasargadarum
937 1687 1032 1724 tribu

374 1741 534 1792 (Statum
545 1766 561 1770 —
580 1743 669 1781 oder
686 1744 1034 1794 Familienlmeupter

375 1800 436 1836 der
464 1799 635 1848 Perser),
683 1814 835 1850 quorum
873 1814 917 1838 ea
948 1801 1033 1837 inde

372 1857 483 1894 suerit
502 1857 716 1904 auctoritas,
747 1863 809 1904 ut,
841 1858 942 1907 quod
961 1870 1032 1894 ne-

374 1914 461 1950 mini
479 1913 670 1950 Persarum
690 1914 800 1960 licuit,
825 1916 946 1951 aditus
967 1926 1034 1963 pa-

373 1973 468 2007 teret
484 1970 531 2006 ad
551 1983 685 2018 regem.
722 1972 833 2021 Apud
852 1971 1034 2007 istiusmo-

374 2026 411 2062 di
433 2032 552 2063 autem
584 2031 712 2075 gentes
741 2027 833 2064 tales
855 2027 1034 2064 delibera-

372 2083 490 2119 tiones
520 2083 723 2133 principum
745 2084 791 2121 de
812 2084 1034 2120 constituen-

373 2139 422 2176 do
446 2140 550 2188 regni
575 2152 781 2178 successore
809 2153 882 2177 non
908 2140 1032 2176 insoli-

373 2200 429 2232 tas
443 2208 523 2232 esse
542 2196 636 2233 idem
657 2202 779 2234 monet
790 2197 948 2234 Hecren.
964 2195 984 2232 l.
997 2195 1033 2242 l.‚

371 2251 628 2300 Mongolorum
669 2253 735 2289 hac
776 2253 813 2289 in
846 2266 886 2290 re
920 2253 1032 2289 citans

373 2307 589 2358 exemplum.
626 2308 707 2346 Nec
728 2308 798 2345 alio
817 2309 900 2345 mihi
922 2309 1035 2359 perti-

372 2376 460 2401 nere
479 2364 672 2411 videntur,
703 2378 798 2413 quae
820 2365 882 2411 ΙΙΙ,
902 2365 955 2405 84
979 2365 1032 2401 lc-

372 2424 533 2469 guntur,
580 2424 642 2457 aut
663 2434 757 2469 quae
779 2422 824 2458 de
847 2421 1031 2469 Hungaris

372 2477 567 2514 memoriae
585 2477 745 2526 prodidit
765 2477 942 2526 Anonym.
960 2478 1033 2513 Be-

373 2533 431 2570 lae
449 2534 610 2569 notarius
630 2545 709 2582 cap.
736 2533 775 2569 V.
810 2532 919 2583 Apud
941 2546 1031 2582 quos

373 2590 411 2626 in
432 2589 614 2639 Europam
636 2591 792 2637 migrare
809 2590 1032 2626 constituen-

373 2650 430 2683 tes
451 2646 607 2683 existunt
627 2649 750 2695 sepiem
771 2646 891 2694 gentis
904 2648 1034 2695 primo-

374 2715 439 2747 res,
466 2702 526 2751 qui
547 2702 658 2739 libera
678 2702 864 2738 voluntate
883 2709 919 2738 et
936 2716 1034 2738 com-

374 2760 475 2796 muni
492 2771 669 2795 consensu
686 2759 806 2807 gentis
826 2759 953 2795 ducem
971 2758 1033 2795 eli-

374 2819 466 2864 gunt
486 2815 636 2860 Almam,
666 2816 779 2851 virum
804 2827 939 2862 genere
960 2814 1033 2851 cla-

374 2872 504 2910 riorem
525 2875 563 2910 et
595 2871 632 2908 in
654 2870 749 2909 bello
775 2871 1030 2922 potentiorem.

1236 1203 1290 1246 ού
1337 1202 1419 1258 γάρ
1467 1201 1696 1257 ἅμεινον.“

1193 1267 1277 1325 „³52
1316 1278 1397 1317 παῖ
1417 1272 1751 1326 “Τστάσπεος,40

1091 1463 1199 1500 Conf.
1245 1463 1386 1500 Histor.
1436 1462 1545 1500 critic.
1583 1462 1750 1511 Hungar.

1090 1519 1190 1556 duce.
1221 1531 1242 1555 a
1262 1520 1412 1557 Katona
1442 1518 1599 1568 (Pestini
1624 1517 1749 1569 1778)

1088 1588 1124 1625 p.
1145 1577 1201 1616 32
1222 1588 1298 1624 seq.

1280 1663 1388 1714 Cap.
1419 1663 1552 1701 LXXI.

1147 1738 1308 1782 α’πίκετο
1341 1764 1392 1770 --
1429 1738 1748 1793 οἷποφαίνεσθαι]

1089 1800 1150 1838 De
1173 1800 1338 1835 infinitivi
1358 1812 1424 1836 usu
1440 1800 1511 1836 vid.
1531 1800 1664 1837 Matth.
1684 1800 1750 1836 Gr.

1091 1858 1158 1894 Gr.
1189 1869 1225 1906 p.
1252 1856 1371 1895 1044.
1432 1856 1471 1892 ln
1496 1869 1598 1905 seqq.
1622 1855 1750 1893 vocula

1091 1914 1241 1964 μοῦνος
1279 1925 1352 1948 non
1393 1913 1470 1949 sine
1504 1914 1537 1949 ri
1577 1913 1749 1962 quadam,

1090 1969 1332 2019 praecedente
1381 1964 1518 2015 αὐτός,
1588 1969 1749 2019 ponitur.

1090 2026 1172 2062 Vid.
1194 2025 1386 2062 Heindorf.
1407 2026 1453 2062 ad
1474 2025 1615 2063 Platon.
1636 2025 1752 2062 Char-

1089 2083 1175 2119 mid.
1198 2094 1283 2131 pag.
1304 2081 1370 2121 64.
1606 2125 1610 2131 p

1148 2134 1272 2176 αὐτοῦ
1297 2134 1441 2176 τούτου
1467 2135 1641 2186 εἵνεκεν]
1671 2136 1692 2173 i.
1717 2150 1749 2174 e.

1092 2195 1130 2231 ob
1150 2194 1189 2231 id
1215 2196 1346 2244 ipsum,
1390 2207 1418 2232 5.
1445 2194 1551 2230 solius
1572 2194 1679 2230 lanius
1699 2194 1753 2229 rei

1091 2264 1209 2287 causa.
1268 2251 1440 2288 Laudant
1483 2251 1529 2288 de
1569 2250 1751 2286 locutione

1090 2308 1227 2344 Herod.
1250 2307 1295 2353 ΙΙ,
1316 2311 1352 2349 3.
1375 2307 1577 2355 Thucydid.
1605 2306 1633 2352 Ι,
1660 2307 1750 2346 139.

1090 2364 1189 2409 vul,
1212 2365 1277 2403 67.
1309 2363 1462 2400 Pausan.
1485 2363 1512 2409 Ι,
1533 2365 1585 2404 23
1605 2361 1640 2413 ἓ.
1659 2364 1696 2402 6.

1150 2417 1203 2465 ὥς
1227 2415 1432 2469 συστήσων
1465 2417 1525 2457 ἐπὶ
1549 2420 1602 2472 τῷ
1616 2414 1749 2471 [Μάγῳ

1089 2471 1287 2525 θάνατον]
1341 2476 1446 2511 Conf.
1471 2475 1564 2512 infra
1586 2474 1653 2521 ΙΙΙ,
1683 2474 1748 2514 84.

1089 2532 1227 2570 Dicitur
1248 2532 1282 2568 h.
1302 2531 1323 2567 l.
1357 2526 1589 2569 συνιστάναι
1613 2532 1660 2568 de
1689 2544 1748 2577 eo,

1090 2590 1152 2637 qui
1172 2588 1261 2624 ulios
1283 2588 1398 2624 socios
1418 2588 1551 2625 excitat
1572 2592 1607 2625 et
1628 2599 1749 2625 secum

1089 2645 1300 2693 coniungit,
1337 2658 1409 2692 quo
1440 2645 1619 2681 interitum
1639 2656 1748 2692 mago

1089 2706 1231 2751 parent.
1254 2701 1312 2737 Cf.
1324 2701 1386 2746 U,
1400 2699 1463 2739 74.
1478 2720 1532 2727 —-
1546 2701 1603 2738 Ad
1627 2696 1748 2750 συνή-

1089 2770 1194 2795 νεικε
1232 2752 1331 2795 ὥστε
1366 2757 1460 2793 conf.
1496 2757 1534 2804 Ι,
1572 2757 1626 2798 74
1658 2756 1744 2805 ibiq.

1089 2818 1205 2859 nott„
1244 2818 1280 2850 et
1306 2814 1351 2850 de
1374 2813 1555 2851 locutione
1584 2808 1642 2852 σι’
1669 2809 1744 2864 γάρ

1090 2867 1255 2922 ἄμεινον
1277 2870 1358 2920 (nec
1377 2873 1468 2908 enim
1488 2869 1575 2907 utile
1595 2871 1682 2915 erit,
1712 2882 1743 2906 5.
