1904 3304
160 802 226 847 97

582 208 1143 249 MELPOMENE.
1202 210 1262 249 1V.
1468 215 1548 253 461

294 317 364 360 καὶ
393 318 472 359 τοῦ
502 319 742 372 καταγαίου
783 318 1015 374 οἰκήματος
1046 318 1143 362 οὔτε
1181 316 1385 371 ἀπιστέω,
1436 321 1535 363 οὔτε
1554 329 1592 361 11

295 382 356 431 οἷν
383 386 568 430 πιστεύω
593 404 632 430 τι
662 389 780 443 λίην·
840 389 975 433 δοκέω
1008 390 1053 433 δὲ
1080 394 1279 433 πολλοῖσι
1309 390 1416 434 ἔτεσι
1444 389 1547 444 πρό-

292 473 418 510 τερον
459 457 536 500 τὸν
577 457 790 513 Ζάλμοξιν
829 465 987 503 τοῦτον
1028 461 1229 516 γενέσθαι
1260 460 1547 517 Πυθαγόρεω.

261 530 397 570 ΞΕἴτε
429 528 473 570 δὲ
506 527 670 583 ἐγένετό
709 548 771 580 τις
803 531 1012 586 Ζάλμοξις
1051 531 1307 586 ἅνθρωπος,
1351 531 1426 576 εἴτ’
1459 532 1548 576 ἐστὶ

261 605 280 638 3
295 600 460 654 δαίμων
485 616 546 649 τις
564 599 719 656 Γέτῃσι
741 596 869 652 οὗτος
890 601 1136 656 ἐπιχώριος,
1166 604 1361 658 χαιρέτω.
1418 598 1548 647 Οὗτοι
1562 610 1603 644 15

289 668 367 723 μὲν
399 670 473 725 δὴ,
507 668 652 729 τρόπῳ
674 672 857 728 τοιούτῳ
882 672 1135 726 χρεώμενοι,
1166 673 1224 724 ὠς
1255 671 1548 730 ἐχειρώθησαν

285 737 372 782 ὑπὸ
409 741 630 793 Περσέων,
672 745 842 786 εἵποντο
874 748 934 800 τῷ
963 743 1077 798 ἄλλῳ
1109 748 1288 799 στρατῷ.

398 815 582 864 Δαρεῖος
613 814 658 856 δὲ
693 812 750 864 ὥς
781 811 955 856 ἀπίκετο
992 814 1065 856 καὶ
1099 812 1122 857 ὁ
1153 814 1278 867 πεζὸς
1316 812 1393 870 ἅμ’
1425 812 1544 872 αὐτῷ’

288 880 471 935 στρατός
501 882 568 925 ἐπὶ
597 884 672 926 τὸν
698 884 891 937 Ἴστρον,
940 883 1130 927 ἐνθαῦτα
1161 884 1408 940 διαβάντων
1436 884 1543 928 πάν-

286 968 373 994 των
403 958 591 1006 Δαρεῖος
631 953 821 998 ἐκέλευσε
851 954 951 1005 τοὺς
975 953 1129 1005 Ἴωνας
1157 955 1238 1012 τήν
1268 957 1438 1012 σχεδίην
1469 956 1661 999 λύ-ΞΟ“0“
1679 954 1759 982 ‘³⁰5⁸-

286 1033 445 1073 σαντας
484 1023 665 1068 ἕπεσθαι
705 1024 801 1069 κατ’
840 1025 1019 1081 ἤπειρον
1058 1025 1225 1082 ἑωυτῷ,
1274 1027 1345 1069 καὶ
1386 1027 1463 1069 τόν
1499 1026 1546 1070 ἐκ

256 1097 376 1136 Ξτῶν
424 1097 534 1137 νεῶν
579 1095 778 1151 στρατόν.

850 1093 1117 1139 Μελλόντων
1167 1097 1212 1140 δὲ
1260 1101 1347 1140 τῶν
1387 1095 1547 1141 Ἰώνων

285 1164 405 1208 λύειν
434 1166 506 1208 καὶ
536 1167 699 1211 ποιέειν
733 1166 784 1211 τοὶ
817 1165 1099 1222 κελευόμενα,
1147 1167 1278 1222 Κώης
1319 1166 1342 1211 ὁ
1377 1166 1547 1223 Ἐρξάν-

288 1238 426 1290 δρου,
466 1237 702 1293 στρατηγός
737 1237 821 1280 ἐών
852 1239 1184 1293 ιΜυτιληναίων,
1230 1239 1339 1290 ἔλεξε
1372 1241 1544 1295 Δαρείῳ

286 1305 411 1358 τάδε,
451 1306 700 1364 πυθόμενος
729 1306 942 1364 πρότερον
977 1310 1018 1351 εἴ
1045 1310 1088 1352 οἱ
1115 1311 1246 1364 φίλον
1275 1311 1339 1366 ε’ίη
1368 1310 1546 1367 γνώμην

423 1486 533 1535 Cap.
564 1484 695 1522 XCVI.

287 1538 378 1580 οὕτε
401 1536 591 1588 ἀπιστέω,
625 1538 714 1579 οὔτε
738 1534 794 1578 οἷν
821 1555 885 1578 πι-

231 1592 354 1636 στεύω
382 1611 417 1635 τι
447 1596 552 1647 λίην]
601 1596 768 1633 Produnt
795 1596 885 1633 haec

228 1654 337 1691 verba
365 1653 576 1703 scriptorem
608 1665 694 1690 sane
721 1653 884 1690 cautissi-

228 1722 325 1746 mum
346 1714 384 1746 et
405 1711 479 1748 veri
500 1709 698 1759 indagandi
718 1709 754 1745 in
778 1710 883 1746 sabu-

227 1764 294 1811 lis,
325 1777 414 1814 quas
442 1766 552 1803 fando
581 1766 764 1812 audierat,
803 1770 880 1802 stu-

230 1821 481 1859 diosissimum.
527 1822 584 1859 De
605 1835 677 1870 quo
702 1834 780 1858 cum
801 1834 882 1859 sae-

229 1878 310 1927 pius
334 1882 419 1915 ante
441 1879 512 1915 iam
531 1879 705 1915 monitum
728 1878 794 1923 sit,
824 1877 882 1914 hic

228 1933 381 1971 lectores
432 1934 627 1971 admonere
669 1935 727 1970 vix
777 1946 882 1984 opus,

231 1988 397 2027 Eandem
420 1995 528 2039 atque
540 1990 720 2027 Herodoti
741 1990 787 2027 de
799 1989 884 2026 Zal-

231 2047 344 2082 moxis
370 2051 490 2083 aetate
518 2046 629 2083 fuisse
667 2046 884 2083 sententiam

231 2100 408 2138 Hellanici
432 2114 542 2152 supra
571 2102 642 2138 iam
671 2103 883 2138 monuimus.

231 2155 329 2195 Add.
362 2157 529 2195 Eustath.
573 2159 620 2194 ad
655 2158 788 2207 Odyss.
819 2158 884 2205 IX,

232 2214 285 2254 65
303 2226 388 2264 pag·
409 2214 513 2260 335,
544 2215 570 2254 3
587 2214 698 2251 Basil.

287 2268 464 2320 χαιρέτω]
498 2270 604 2306 Conf.
627 2270 671 2316 ΙΙ,
700 2272 777 2310 117
797 2269 884 2319 ibiq.

229 2330 322 2363 nott.
349 2327 502 2363 Cautam
524 2326 617 2362 hanc
638 2326 820 2376 scriptoris
839 2327 885 2364 de

231 2382 395 2419 Zalmoxi
417 2382 490 2420 sive
520 2383 698 2420 daemone
719 2383 794 2419 sive
818 2382 885 2418 ho-

232 2439 327 2475 mine
346 2439 629 2475 admonitionem
648 2439 696 2475 ad
712 2451 755 2475 ea
778 2450 885 2488 prae-

234 2498 338 2543 cepta
355 2500 538 2544 spectare,
577 2507 670 2543 quae
689 2495 736 2532 de
759 2494 811 2531 his
832 2496 885 2532 le-

234 2554 365 2596 guntur
391 2551 488 2600 apud
514 2549 655 2588 Platon.
686 2550 775 2587 Min.
797 2563 883 2600 pag.

234 2605 315 2643 318
333 2605 374 2641 F.
405 2606 462 2643 De
479 2606 595 2656 Legg.
618 2607 653 2643 X
672 2620 708 2658 p.
729 2607 884 2653 886D.,

234 2665 358 2697 monet
390 2660 561 2700 Valcken.
611 2663 669 2700 Ad
703 2663 885 2700 Herodoti

234 2716 344 2752 verba
383 2717 505 2754 forsan
541 2724 644 2756 erunt
680 2719 883 2766 reserenda,

235 2783 328 2819 quae
360 2774 458 2822 apud
479 2772 634 2823 Diogen.
665 2775 686 2812 Ι.
707 2775 730 2815 1.
751 2776 885 2812 tradita

235 2831 392 2865 exstant:
431 2827 513 2879 ἔσχε
540 2832 607 2878 (sc.
638 2831 882 2880 Pythagoras)

943 1483 1087 1522 δοῦλον
1129 1480 1328 1534 Ζάμολξιν
1346 1514 1356 1533 ,
1412 1478 1444 1539 ᾦ
1483 1483 1596 1524 Γέται

941 1536 1111 1587 θύουσι,
1161 1536 1318 1591 Κρόνον
1358 1542 1596 1591 νομίζοντες,

942 1591 994 1641 ὥς
1011 1608 1133 1645 φησιν
1149 1592 1382 1647 Ἡρόδοτος,-
1412 1598 1479 1633 nisi
1496 1611 1597 1635 men·

940 1651 1025 1688 dum
1044 1653 1080 1688 in
1103 1652 1156 1688 his
1175 1653 1271 1689 inest
1281 1653 1409 1689 verbis.
1439 1653 1498 1690 De
1508 1653 1596 1690 Zal-

939 1709 1052 1744 moxis
1099 1709 1218 1745 divino
1246 1709 1344 1758 apud
1375 1709 1489 1746 Getas
1519 1709 1594 1746 cul-

937 1768 975 1800 tu
996 1764 1099 1814 plura
1116 1765 1249 1802 Strabo
1271 1765 1337 1801 Vll
1351 1778 1437 1816 pag.
1462 1767 1542 1807 298
1563 1778 1592 1802 s,

938 1820 1019 1862 457
1039 1819 1083 1857 A.

1121 1876 1152 1913 C
1164 1889 1185 1913 a
1196 1889 1232 1927 p.
1262 1876 1409 1914 XCVII.

996 1931 1063 1971 καὶ
1085 1930 1106 1972 ὁ
1124 1929 1239 1979 πεζὸς
1263 1928 1336 1983 ἅμ’
1357 1928 1465 1986 αὐτῷ
1483 1945 1594 1984 στρα-

940 1984 1024 2039 τός]
1067 1989 1136 2025 Vix
1170 1989 1310 2025 monitu
1342 2002 1454 2038 opus,
1494 1990 1597 2038 quod

941 2045 1080 2082 monuit
1106 2044 1276 2081 Larcher.
1307 2045 1353 2080 ad
1373 2044 1405 2080 h.
1424 2044 1447 2082 l.
1476 2042 1597 2092 πεζὸν

943 2098 1106 2151 στρατόν
1138 2100 1183 2137 de
1206 2101 1428 2136 terrestribus
1447 2101 1516 2138 dici
1541 2114 1596 2137 co-

936 2159 1032 2207 piis,
1062 2169 1156 2205 quae
1178 2155 1283 2193 classi
1307 2157 1382 2208 (τῷ
1402 2159 1593 2212 ναυτικῷ)

939 2217 1194 2263 opponantur3
1224 2213 1270 2249 de
1291 2213 1509 2262 pedestribus
1533 2227 1594 2250 co-

939 2270 1031 2320 piis,
1087 2269 1118 2305 si
1153 2273 1326 2316 sequatur
1359 2268 1504 2317 ἵππος,
1552 2274 1594 2307 ut

940 2324 1003 2370 1V‚
1028 2326 1116 2366 134.
1141 2326 1231 2365 136.
1261 2346 1317 2351 —-
1346 2324 1387 2362 In
1407 2338 1495 2363 voce
1513 2328 1594 2364 Δα-

942 2384 1047 2433 ρεῖος
1067 2381 1222 2431 repetita
1244 2393 1350 2418 nemo
1368 2381 1545 2420 haerebit.

998 2432 1122 2488 Κώης
1143 2435 1165 2476 ὁ
1183 2432 1442 2488 Ἐρξάνδρου]
1490 2437 1594 2475 Libri

942 2494 1090 2543 quidam
1108 2488 1334 2545 Ἐξοὲι’δρου.
1383 2494 1440 2531 Cf.
1461 2494 1507 2541 V,
1527 2496 1594 2534 37.

940 2551 1050 2600 Apud
1093 2549 1220 2587 Tzetz.
1265 2549 1357 2586 Chil.
1397 2549 1470 2596 ΙΙΙ,
1512 2548 1595 2590 465

941 2601 1065 2657 Κώης
1098 2601 1370 2657 Ὀρεξάνδρου.
1410 2627 1465 2633 —
1504 2607 1593 2644 Mox

939 2663 1083 2713 reposui
1136 2662 1453 2712 Μυτιληναίωνς
1519 2662 1591 2699 vid.

940 2723 1034 2756 nott.
1059 2719 1107 2755 ad
1122 2719 1158 2766 Ι,
1176 2720 1241 2760 27.
1259 2739 1315 2746 —-
1337 2718 1394 2756 De
1411 2718 1593 2756 locutione

943 2774 980 2814 εἴ
1000 2774 1040 2814 οἱ
1057 2775 1177 2824 φίλον
1199 2773 1259 2824 εἴη
1277 2776 1373 2812 conf.
1392 2775 1431 2822 Ι,
1453 2776 1517 2814 87.
1545 2774 1592 2820 11,

941 2829 995 2871 64
1013 2831 1137 2881 ibique
1158 2834 1254 2869 nott.

1605 320 1749 350 Herodoti
1772 322 1882 350 iudicio

1620 355 1767 394 Zalmoxis
1788 357 1865 384 anti-

1623 396 1709 455 ἓιέιι-(ἑτ
1754 389 1865 425 Pytha-

1600 819 1710 846 Darius
1721 840 1729 855 ‚
1748 819 1878 847 traiecto

1621 852 1714 887 Istro,
1741 856 1862 887 pontem

1600 887 1752 913 soluturus
1763 907 1770 919 ,
1807 887 1880 914 Cois

1600 920 1700 947 Lesbii
1718 921 1832 948 monitu
1845 920 1879 948 id
