1904 3304
83 436 108 480 1
118 436 140 478 1
148 435 179 479 9
224 425 373 483 ἀπῆκε.

628 174 980 213 THALIA.

1042 175 1104 213 ΙΙΙ,
1411 179 1495 218 215

227 280 315 328 ὦτα
343 284 416 327 καὶ
445 283 522 335 τοὶς
552 285 696 338 ῥῖνας·
752 285 825 328 καὶ
866 283 1040 340 ἀνείρας
1068 285 1166 338 περὶ
1204 284 1283 328 τόν
1314 286 1551 341 χαλινόνΙΟ

225 359 306 399 τοῦ
344 356 500 404 ἵππου,
543 355 639 409 περὶ
676 354 779 407 τούς
819 354 1004 413 αὐχένας
1044 356 1192 412 σφέων
1231 357 1375 413 ἔδησε,
1419 358 1492 401 καὶ

440 428 494 470 Οἱ
528 426 574 470 δὲ
613 430 674 484 τῷ
713 428 882 482 βασιλέϊ
909 428 1134 471 δεικνύασι
1164 427 1377 481 ἑωυτοὺς,
1419 429 1493 471 καὶ

192 496 306 554 Ξτὴν
335 498 477 553 αἰτίην
506 495 652 549 εἷπον,
697 499 739 541 δί
778 496 832 554 ἣν
869 499 1137 551 πεπονθότες
1181 501 1343 555 εἴησαν.
1403 504 1491 542 Δα-

221 573 339 623 ρεῖος
365 568 435 618 δὲ,
467 567 725 624 ἀρρωδήσας
752 567 810 624 μή
841 573 977 628 κοινῷ
1007 570 1122 629 λόγῳ
1156 573 1200 614 οἱ
1226 572 1271 624 ἓξ
1300 587 1482 627 πεποιη-

1498 579 1540 612 15

218 639 341 690 κότες
387 639 489 683 ἔωσι
528 643 687 690 ταῦτα,
741 640 1123 697 μεταπεμπόμενος
1170 643 1248 685 ἕνα
1296 642 1492 693 ἕκαστον,

218 711 479 765 ἀπεπειρᾶτο
509 708 706 766 γνώμης,
749 712 786 754 εἰ
817 712 1070 756 συνέπαινοί
1099 715 1179 756 εἰσι
1208 717 1268 768 τῷ
1306 729 1489 767 πεποιη-

191 790 210 824 3
223 783 352 840 μένῳ.

411 782 500 826 ἐπεί
529 797 572 824 τε
609 782 655 824 δὲ
695 781 871 838 ἐξέμαθε
902 781 961 834 ὥς
991 782 1044 826 οὐ
1079 783 1162 825 σὺν
1193 783 1397 827 ἐκείνοισι
1424 786 1489 838 εἴη

217 858 355 898 ταῦτα
374 853 629 909 πεποιηκώς,
654 853 778 907 ἔλαβε
798 851 935 896 αὐτόν
951 869 995 896 τε
1015 853 1396 909 τόνἸνταφέρνεα,
1416 855 1490 897 καὶ

217 924 322 976 τούς
341 927 499 976 παῖδας
515 923 666 976 αὐτοῦ,
681 928 753 968 καὶ
772 924 877 975 τούς
897 926 1093 981 οἰκηίους
1111 923 1288 976 πάντας·
1314 924 1488 975 ἐλπίδας

215 995 376 1047 πολλὰς
406 996 514 1052 ἔχων
543 994 648 1052 μετά
688 1000 778 1040 τῶν
807 996 1051 1053 συγγενέων
1087 1013 1165 1053 μιν
1192 992 1490 1051 ἐπιβουλεύειν

218 1171 378 1225 α’νείρας
394 1172 484 1224 περὶ
504 1170 573 1212 τόν
587 1169 748 1223 χαλινὸν
771 1196 820 1200 -

162 1231 291 1282 ἔδησε]
317 1230 530 1278 ‘Schweigh
557 1230 590 1266 h.
615 1230 637 1266 Ι.
670 1230 720 1265 sic
739 1230 823 1266 red-

161 1289 266 1325 didit.
298 1301 431 1334 „aures
452 1290 483 1323 et
502 1299 604 1322 nares
621 1286 822 1336 (praecisas

160 1347 229 1393 sc.)
263 1347 357 1381 circa
374 1343 520 1394 frenum
552 1344 633 1392 eque?
661 1342 822 1378 adnexas

159 1402 351 1437 cervicibus
373 1413 486 1437 eorum
510 1399 739 1435 circumdedit
763 1402 822 1434 at-

159 1470 223 1506 que
243 1459 295 1493 ita
318 1458 468 1493 homines
487 1456 659 1492 climisz'l.“
712 1455 819 1498 Quae

157 1527 237 1550 cum
269 1515 477 1551 obscuriora
507 1513 711 1558 videantur,
741 1524 820 1548 ma-

154 1569 214 1607 lim
242 1570 291 1607 ita
317 1570 572 1620 interpretari:
610 1581 744 1615 „aures
780 1572 817 1605 et

153 1640 258 1663 nares
273 1626 489 1674 (abscissas)
502 1627 538 1661 in
563 1625 675 1662 altum
695 1624 816 1660 subla-

153 1686 210 1719 tas
231 1684 280 1719 ad
301 1682 548 1733 equifrenum,
579 1686 650 1719 tum
673 1683 815 1718 cervice·-

153 1740 217 1776 bus
237 1740 373 1776 illorum
392 1739 573 1788 adligavit
594 1752 695 1788 eoque
717 1739 814 1774 modo

154 1810 207 1832 cos
228 1797 401 1833 dime'sitf‘
458 1795 540 1833 'Nec
562 1796 666 1833 aliter
684 1795 813 1843 Lange

153 1852 248 1889 hunc
295 1852 410 1889 locum
462 1853 642 1901 accepisse
680 1851 814 1896 laet0r3

154 1909 292 1958 quippe
320 1921 428 1957 quern
454 1908 504 1943 sic
536 1908 715 1944 reddidit:
748 1921 814 1953 „er

155 1977 227 2012 zog
255 1965 379 2001 seinen
409 1964 519 2000 sabel
552 1965 627 2000 und
656 1964 738 2000 hieb
759 1964 813 2000 ih-

153 2033 224 2057 nen
256 2020 381 2057 Nasen
409 2020 484 2056 und
509 2020 635 2057 Ohren
662 2020 706 2056 ab
737 2020 813 2056 und

152 2077 288 2125 hangte
309 2079 361 2114 sie
391 2089 437 2112 an
458 2077 530 2114 den
551 2076 670 2124 Ziigel
694 2077 812 2114 seines

151 2133 303 2170 Pserdes
325 2133 399 2170 und
421 2133 519 2169 band
547 2133 598 2169 sie
622 2132 732 2168 ihnen
752 2145 810 2168 uin

151 2190 223 2226 den
248 2189 339 2226 Hals
369 2189 443 2226 und
466 2190 564 2226 dann
590 2189 671 2226 liess
697 2201 736 2225 er
759 2189 811 2226 sie

150 2244 311 2283 lausen.“
369 2245 465 2283 Nam
490 2245 728 2295 lntaphernes
745 2258 810 2295 pro

151 2314 194 2339 eo
224 2302 416 2339 Persarum
452 2315 552 2339 more
580 2302 724 2352 patrio,
765 2303 811 2339 de

151 2370 224 2406 quo
246 2359 317 2395 vid.
338 2359 502 2396 Brisson.
524 2359 570 2395 de
591 2371 667 2406 reg.
688 2357 808 2394 Perss.

150 2414 300 2465 princip.
322 2415 386 2461 ΙΙΙ,
405 2418 442 2455 2.
464 2418 501 2461 3,
531 2415 694 2451 insidens
715 2428 810 2463 equo

153 2476 188 2506 et
206 2469 327 2517 gladio
355 2477 512 2509 armatus
533 2472 580 2508 ad
600 2472 718 2520 regias
747 2484 809 2508 ae-

153 2525 217 2563 des
230 2528 423 2565 accessisse
433 2528 618 2578 putandus
640 2532 706 2565 est.
732 2527 809 2565 Te-

153 2586 294 2618 stantur
312 2589 556 2631 monumenta,
582 2597 677 2633 quae
697 2584 807 2620 modo

153 2637 238 2683 dixi,
255 2638 537 2689 Persepolitana.
555 2663 605 2668 -
625 2641 684 2678 Ad
704 2635 808 2680 α’νεί-

151 2707 222 2744 ρας
235 2695 330 2731 conf.
356 2695 417 2741 111,
431 2698 504 2736 87:
535 2695 696 2748 ἕξείρας.

339 2751 452 2801 Cap.
483 2752 617 2790 CXIX.

205 2801 444 2859 ἀπεπειρᾶτο
474 2804 663 2861 γνώμης]
712 2809 737 2847 i.
775 2823 807 2847 e.

879 1175 986 1210 unius
1009 1175 1174 1223 cuiusque
1198 1174 1405 1209 sententiam
1427 1171 1543 1221 explo-

879 1232 1007 1276 rabat,
1051 1243 1327 1279 unumquemque
1369 1229 1542 1265 tentabat.

879 1288 940 1324 Sic
961 1287 1209 1333 111,52.128.
1233 1287 1312 1327 134
1341 1285 1541 1331 135 Vm‚

880 1346 945 1383 67.
973 1344 1000 1391 Ι,
1024 1345 1092 1388 4-7,
1121 1356 1166 1380 ne
1188 1342 1299 1393 plura.
1341 1342 1438 1379 Nam
1459 1355 1540 1379 ver-

876 1401 961 1437 bum
993 1400 1151 1437 medium
1187 1401 1406 1448 πειρᾶσθαι
1437 1398 1540 1436 inde-

876 1470 948 1505 que
968 1457 1168 1506 composita
1189 1456 1448 1505 deponentium
1467 1455 1538 1492 vim

875 1513 1084 1550 adsciscunt
1119 1512 1327 1561 significatu
1361 1511 1540 1557 tardandi,

874 1569 1107 1619 erploramlz',⁴
1144 1582 1216 1617 quo
1245 1569 1326 1618 ipso
1355 1568 1537 1616 distingu-

872 1630 983 1663 untur
1013 1626 1060 1662 ab
1086 1626 1204 1662 activo
1237 1625 1350 1662 verbo
1379 1626 1536 1674 πειρᾶν,

873 1683 973 1732 quod
1003 1681 1100 1719 valet
1131 1683 1263 1718 conari.
1294 1682 1377 1717 Vid.
1403 1681 1536 1731 Poppo

871 1739 930 1776 De
973 1738 1097 1775 verbb.
1131 1739 1283 1776 Graece.
1316 1737 1443 1775 mediis
1480 1737 1535 1788 (in

869 1796 1043 1833 Seebode
1089 1794 1220 1832 Archiv
1258 1795 1317 1831 fiir
1354 1793 1534 1842 Philolog.

874 1854 980 1892 1829
1000 1864 1053 1888 ur.
1074 1850 1146 1901 59)
1166 1865 1251 1902 pag.
1274 1852 1356 1891 236
1382 1855 1457 1887 not.
1481 1852 1534 1889 96

871 1914 907 1945 et
923 1907 1128 1945 Mehlhorn.
1143 1909 1178 1944 in
1191 1907 1362 1944 Seebode
1384 1912 1421 1944 et
1434 1906 1533 1943 lahn.

870 1963 1010 2001 Annali.
1033 1963 1167 2014 philoll.
1190 1968 1228 2001 et
1248 1964 1481 2014 paedagogg.
1507 1963 1535 2010 I,

874 2024 892 2060 1
915 2033 1000 2070 pag.
1017 2020 1071 2059 40
1094 2024 1169 2057 not.
1189 2023 1253 2059 32.

929 2074 983 2123 ὥς
1003 2072 1051 2115 ου’
1071 2072 1125 2114 σύ
1140 2091 1163 2113 ν
1183 2074 1369 2114 ἐκείνοισι
1392 2073 1467 2123 εἴη]
1490 2073 1531 2110 In

869 2132 923 2169 his
951 2133 1260 2183 praepositionem
1285 2128 1359 2169 σὺν
1391 2144 1532 2167 consen-

869 2202 943 2225 sum
969 2202 997 2225 s.
1024 2188 1200 2225 auxilium
1225 2189 1423 2234 denotare,
1452 2201 1531 2224 mo-

867 2247 945 2283 nuit
972 2245 1132 2282 Fischer.
1164 2245 1210 2282 ad
1238 2243 1387 2282 WVeller.
1414 2243 1478 2290 ΙΙΙ,
1503 2245 1528 2283 6

867 2300 1056 2354 pag-147.
1089 2300 1420 2347 Conf.Her0d.111‚
1437 2300 1528 2341 153.

924 2358 1085 2404 ἐλπίδας
1115 2355 1263 2404 πολλᾶς
1295 2355 1408 2407 ἔχων]
1438 2357 1461 2394 i.
1494 2369 1527 2393 e.

865 2415 972 2452 valde
992 2417 1199 2452 existimans
1218 2413 1265 2464 (s.
1285 2412 1449 2463 timens).
1466 2411 1528 2449 Ad

865 2485 974 2521 quam
1001 2473 1186 2509 notionem
1214 2472 1312 2507 vocis
1337 2469 1446 2516 ἐλπίς
1470 2473 1528 2506 at-

865 2541 937 2577 que
957 2527 1123 2575 ἐλπίζειν
1149 2529 1298 2574 faciunt,
1329 2539 1425 2576 qnae
1452 2530 1527 2562 tra-

865 2585 918 2622 dit
947 2585 1112 2622 Thomas
1137 2584 1290 2633 Magist.
1322 2596 1409 2634 pag.
1443 2584 1526 2623 299

865 2654 969 2691 seqq.
1000 2641 1079 2678 coil.
1111 2641 1314 2678 Stallbaum
1350 2641 1398 2676 ad
1429 2638 1526 2676 Plat.

865 2697 1004 2736 Phileb.
1033 2710 1120 2748 pag.
1138 2700 1207 2739 91.
1246 2697 1455 2746 Interprett.
1478 2694 1527 2731 ad

865 2753 1073 2802 Thucydid.
1101 2754 1132 2800 1,
1161 2757 1196 2795 1.
1245 2753 1353 2790 Conf.
1383 2750 1525 2788 Herod.

864 2810 929 2856 ῙΠ,
954 2812 1047 2851 122.
1096 2808 1157 2847 Ad
1179 2810 1292 2848 verba
1318 2808 1432 2858 ἔδησε
1452 2802 1526 2855 τήν

1549 428 1826 463 nariuslmaphor-

1551 471 1615 488 neni
1654 470 1718 489 cum
1754 462 1826 489 filus

1550 495 1745 529 manansque
1764 504 1826 522 om-

1551 529 1636 555 ninus
1656 529 1762 555 vinciri
1780 529 1825 555 iu-

1552 563 1600 589 bet
1631 562 1668 588 ad
1703 571 1823 589 necem:

1552 595 1824 630 ‹ixnrlntaphcrnis

1550 630 1619 656 data
1636 629 1754 663 optione
1764 628 1824 656 sra-

1550 663 1747 689 1remsnmit:
1776 671 1824 689 rc-

1548 696 1677 723 mittitur
1722 696 1749 722 ei
1794 701 1824 723 et

1548 730 1644 756 frater
1678 732 1708 756 et
1743 729 1823 756 lilius

1548 767 1620 791 natu
1638 764 1790 791 maximus.

1547 1007 1573 1045 to

1578 1005 1600 1046 01

1606 1008 1629 1045 *1
