1904 3304
117 534 229 561 Aurum
263 533 300 560 nb
330 533 394 559 Ari-

117 568 238 602 maspis,
254 567 315 600 Gr)⁴
341 566 395 606 liq-

117 608 183 627 rum
235 609 305 636 prae
330 610 395 627 υιιι-

118 634 181 662 but«.

450 219 534 260 210
849 211 1320 251 HERODOTI

420 324 542 369 4ἐστι
579 323 631 367 τὰ
672 322 868 366 ἐπέκεινα
907 324 982 377 τῆς
1012 320 1243 377 Εὐρώπης.
1303 320 1345 372 ἐξ
1375 319 1552 375 ἐσχάτης
1582 316 1623 362 δ’
1657 312 1720 361 ὧν

451 396 476 441 ὅ
519 412 562 439 τε
601 396 852 447 κασσίτερος
901 393 1006 449 ἡμῖν
1058 397 1216 451 φοιτᾷ,
1272 392 1345 435 καὶ
1390 391 1440 434 τὸ
1492 389 1716 447 ἤλεκτρον.
1733 393 1776 428 55

288 468 388 513 116
449 468 568 521 Πρὸς
600 466 645 509 δὲ
685 465 851 520 ἄρκτου
889 469 965 521 τῆς
1006 463 1224 520 Εὐρώπης
1257 466 1404 519 πολλῷ
1443 479 1484 504 τι
1521 466 1720 510 πλεῖστος

450 536 608 594 χρυσὸς
650 540 852 592 φαίνεται
895 535 998 580 ἐών·
1057 533 1169 586 ὅκως
1214 534 1294 590 μὲν
1336 530 1585 588 γινόμενος,
1635 531 1717 575 οὐκ
1783 527 1865 571 255

451 611 532 666 ἔχω
563 607 666 652 οὐὸὲ
695 611 827 651 τοῦτο
858 604 1069 662 ἀτρεκέως
1099 604 1235 649 εἶπαν
1290 604 1456 660 λέγεται
1487 603 1532 646 δὲ
1561 601 1641 646 ὑπ’
1674 602 1721 646 ἐκ

448 685 539 725 τῶν
566 683 748 735 γρυπῶν
777 677 987 733 ἁρπάζειν
1010 675 1325 731 Ἀριμασπούς,
1360 675 1526 728 ἄνδρας
1555 689 1718 730 μουνο-

419 751 701 808 Ξφθάλμους.
759 751 968 806 πείθομαι
997 749 1043 792 δὲ
1074 747 1177 792 ου’δὲ
1209 751 1361 800 τοῦτο,
1411 744 1525 797 ὅκως
1563 743 1777 802 μουνό-ΘΟ

395 925 531 962 Plinius
543 921 901 968 Hist.Nat.XXX111‚
914 924 952 968 4,
968 924 1057 969 23),

395 983 505 1019 modo
526 981 722 1025 succinum,
743 979 842 1027 quod
857 979 986 1016 (licitur
1007 981 1058 1016 si-

395 1038 552 1087 gnificet.
595 1036 823 1074 Herodotum
850 1035 896 1072 de
914 1037 1058 1073 succino

398 1095 519 1143 (quod
554 1094 676 1130 forsan
710 1104 778 1141 pro
817 1093 962 1128 metallo
995 1093 1060 1128 ha-

397 1152 500 1196 buit,
548 1150 660 1186 modo
698 1148 794 1184 norit
841 1149 1058 1194 accuratius,

398 1207 499 1256 quod
517 1207 634 1256 ipsum
654 1204 835 1250 dubitem)
864 1205 1058 1253 cogitasse,

396 1264 454 1300 vix
479 1268 536 1299 est
561 1261 660 1310 quod
688 1272 870 1299 moneam.
918 1261 1056 1306 „Confi

398 1320 505 1357 etiam
518 1317 648 1355 Millin.
670 1318 704 1353 in
721 1316 957 1365 Mineralogie
979 1317 1061 1354 Ho-

396 1375 561 1424 merique
581 1374 697 1411 ClasS.
719 1373 749 1409 V
767 1386 802 1422 p.
824 1372 876 1413 48
896 1386 976 1422 sqq.
1000 1373 1058 1410 ed.

395 1431 559 1477 secund.‚
594 1431 655 1467 ubi
685 1443 720 1480 p.
749 1431 802 1470 58
823 1429 1058 1466 Herodoteus

394 1501 541 1538 quoque
562 1487 661 1524 Iocus
684 1486 915 1532 attingitnrf‘
947 1485 977 1523 C
989 1499 1016 1522 r.

587 1543 700 1592 Cap.
731 1542 862 1579 CXVI.

453 1596 565 1651 Πρὸς
592 1596 633 1637 δὲ
654 1595 799 1650 ἄρκτου
821 1600 892 1647 τῆς
915 1593 1058 1648 Εὐρώ-

393 1656 486 1706 πης]
518 1656 574 1691 Ex
594 1655 626 1691 h.
648 1654 670 1691 I.
693 1659 729 1691 et
751 1654 809 1701 IV,
830 1653 896 1695 42.
924 1652 977 1694 45
1001 1655 1057 1690 in-

394 1713 511 1760 telligi
532 1712 581 1748 ait
601 1710 806 1759 Schweigh.
821 1738 832 1756 ‚
872 1710 1057 1760 Europam

395 1782 440 1807 ex
469 1768 651 1805 Herodoti
685 1767 827 1804 ratione
857 1767 1057 1805 secundum

396 1830 511 1862 totam
552 1824 675 1860 Asiam
720 1836 878 1874 superne
920 1823 1058 1873 porrigi

396 1883 675 1929 universamque
698 1880 825 1925 Asiae,
855 1893 966 1928 quain
989 1891 1056 1916 nos

395 1950 586 1984 vocamus,
624 1945 765 1986 partem
786 1936 1057 1985 septentriona-

397 1995 467 2031 lem
487 1992 810 2042 comprehendere.
848 1992 1058 2030 Accuratius

396 2051 433 2087 in
456 2050 546 2087 haec
566 2049 919 2097 inquisivitHeeren.
945 2049 1057 2085 ldeen

396 2106 425 2152 I,
448 2109 464 2145 1
489 2119 524 2156 p.
545 2107 612 2152 93,
641 2110 929 2142 commonstrans
946 2105 1060 2142 verba

395 2159 495 2212 πρός
522 2159 668 2212 ἄρκτου
697 2164 768 2209 τῆς
790 2156 993 2212 Εὐρώπης
1021 2165 1058 2198 et

396 2231 491 2268 quae
514 2231 618 2266 seqq.
654 2230 728 2254 non
758 2223 832 2254 tam
860 2219 911 2255 ad
941 2218 1058 2254 Euro-

397 2287 468 2324 pae
499 2279 645 2310 nostrae
684 2278 807 2324 partes
839 2274 1059 2324 septentrio-

397 2331 498 2366 nales
527 2335 562 2367 et
595 2329 839 2367 occidentales
879 2335 1059 2380 spectare,

397 2398 507 2435 quarn
530 2386 578 2422 ad
589 2384 699 2422 Asiae
720 2387 889 2434 regiones
910 2391 1059 2435 septen-

396 2441 570 2479 trionales
599 2442 674 2488 (ad
704 2454 794 2490 quas
825 2443 973 2479 easdem
1002 2443 1057 2478 sa-

397 2497 518 2535 bulam
556 2499 602 2535 ‹Ie
633 2498 832 2548 Arimaspis
874 2498 1059 2546 pertinere

396 2558 501 2604 patet
518 2553 635 2599 ele,
657 2556 732 2602 27)
749 2567 791 2591 ae
810 2554 992 2602 sigillatim
1011 2555 1059 2591 ad

396 2623 460 2647 eos
491 2615 656 2657 montes,
712 2611 775 2659 qui
816 2610 996 2647 Siberiam
1037 2623 1060 2647 a

396 2666 569 2704 Tartar-ia
585 2678 720 2715 magna
735 2667 943 2714 seiungant,
963 2679 1059 2703 nunc

395 2723 560 2771 cognitos
588 2723 736 2760 nomine
765 2722 869 2759 Altae·
899 2727 937 2759 et
968 2735 1057 2759 auro

395 2779 540 2816 minime
560 2784 748 2825 carentes,
777 2791 856 2816 cum
875 2791 969 2827 quae
990 2779 1058 2816 illic

395 2834 580 2873 habitasse
592 2835 757 2873 dicantur
768 2840 911 2884 gentes,
931 2847 1057 2872 omnes

1115 936 1203 959 auro
1224 920 1413 958 abundare
1431 919 1711 968 perhibeantur,
1740 921 1776 955 et

1115 978 1342 1017 metallorum
1381 975 1554 1023 reliquiae
1592 975 1709 1012 adhuc
1739 975 1777 1011 in

1114 1037 1157 1072 iis
1186 1036 1271 1085 ipsis
1304 1032 1512 1081 regionibus
1533 1032 1777 1077 inveniantur,

1116 1093 1248 1141 quibus
1278 1090 1400 1126 orbem
1427 1093 1602 1126 terrarum
1630 1088 1776 1125 omnino

1114 1148 1232 1186 claudi
1284 1151 1320 1183 et
1367 1146 1552 1182 terminari
1602 1145 1779 1194 putarint.

1115 1205 1224 1241 Conf.
1253 1204 1362 1241 etiam
1393 1214 1488 1250 quae
1516 1202 1564 1238 ad
1589 1201 1663 1247 Ill,
1697 1202 1779 1241 102

1115 1260 1383 1309 adscripsimus.

1172 1317 1306 1368 πολλῷ
1341 1329 1384 1353 τι
1420 1317 1601 1359 πλεῖστος
1633 1308 1778 1364 χρυσός

1117 1370 1320 1424 φαίνεται]
1358 1387 1395 1409 τι
1416 1384 1496 1408 curn
1518 1374 1669 1408 recentt.
1692 1369 1777 1408 edd.

1115 1430 1271 1482 plurium
1293 1429 1400 1465 codd.
1415 1427 1629 1465 auctoritate
1643 1425 1777 1476 recepi,

1115 1500 1195 1524 cum
1211 1485 1319 1533 vulgo
1338 1485 1498 1522 abesset.
1520 1505 1573 1510 --
1605 1482 1780 1520 Locutio-

1115 1556 1198 1580 nem
1225 1536 1298 1580 ὑπ’
1331 1540 1374 1579 ἐκ
1402 1542 1482 1578 τῶν
1502 1541 1667 1590 γρυπῶν
1697 1538 1779 1576 illu-

1114 1603 1232 1636 strant
1264 1598 1459 1634 Homerica
1489 1596 1526 1632 II.
1544 1595 1648 1643 XVI,
1677 1596 1775 1636 353.

1115 1656 1189 1692 Od.
1209 1654 1279 1698 XI,
1313 1656 1377 1693 37.
1416 1653 1455 1689 Il.
1477 1652 1522 1698 V,
1546 1650 1639 1692 854.
1679 1651 1777 1698 vul,

1116 1711 1208 1753 504.
1230 1710 1522 1755 xv‚628.720.
1552 1707 1778 1754 Xx'n,461.

1115 1769 1208 1809 581.
1258 1767 1357 1804 Idem
1387 1765 1531 1803 dicendi
1563 1777 1678 1813 genus
1704 1765 1778 1802 fre-

1114 1837 1228 1872 quens
1263 1823 1363 1873 apud
1405 1822 1654 1872 Apollonium·
1674 1820 1778 1858 Rho-

1114 1881 1213 1917 dium
1227 1909 1239 1925 ,
1268 1880 1366 1916 cuius
1387 1880 1485 1916 locos
1507 1877 1656 1926 collegit
1675 1876 1779 1915 wel-

1114 1936 1223 1974 Iauer.
1248 1936 1284 1972 in
1316 1936 1439 1972 Indice
1469 1935 1555 1972 edit.
1581 1946 1669 1971 suae
1691 1946 1717 1971 s.
1741 1946 1776 1970 v.

1113 2013 1168 2020 -
1187 1992 1245 2030 De
1261 1991 1447 2042 Gryphu‘m
1470 1989 1592 2028 fabula
1613 1990 1780 2041 disputa-

1114 2050 1228 2086 ximus
1258 2049 1294 2085 in
1316 2049 1483 2085 Excursu
1516 2047 1565 2084 ad
1594 2046 1627 2083 h.
1647 2047 1671 2084 l.
1718 2046 1778 2085 De

1114 2105 1316 2155 Arimaspis
1369 2104 1574 2142 videbimus
1621 2103 1671 2140 ad
1713 2102 1778 2149 IV,

1113 2164 1180 2202 27.
1210 2163 1275 2202 32.

1172 2215 1322 2268 ἄνδρας
1404 2209 1775 2265 μουνοφθάλμους]

1114 2274 1220 2312 Unus
1260 2274 1445 2310 Sancrosti
1494 2271 1583 2308 liber
1624 2285 1775 2320 μονο-

1115 2326 1241 2379 φθᾶλ.
1272 2330 1379 2367 Conf.
1402 2327 1530 2365 Pollux
1551 2326 1605 2373 II,
1636 2329 1702 2368 62.
1720 2348 1777 2355 —-

1114 2386 1204 2424 Mox
1224 2386 1355 2423 retinui
1375 2383 1418 2422 αῖ
1439 2380 1488 2433 δή
1513 2377 1569 2421 ὧν
1590 2382 1777 2433 ἐσχατιαί,

1116 2444 1217 2480 cuius
1248 2442 1326 2478 Ioco
1346 2441 1449 2477 Reiz.
1477 2439 1562 2478 αἵδε
1587 2433 1643 2478 ὦν
1664 2439 1779 2490 ἐσχα-

1115 2499 1218 2546 τιαῖς
1249 2504 1285 2535 et
1309 2498 1344 2533 in
1363 2496 1433 2534 fine
1453 2510 1531 2545 cap.
1545 2490 1663 2535 αὗται
1683 2497 1778 2548 (quo

1118 2555 1263 2603 longius
1289 2559 1467 2590 remotum
1487 2552 1658 2603 ἐσχατιαί
1681 2566 1776 2602 quo-

1117 2610 1315 2648 dammodo
1338 2610 1536 2659 repetitur)
1567 2623 1634 2660 pro
1660 2604 1778 2656 αὐτά,

1115 2666 1236 2716 quod,
1272 2666 1451 2716 probante
1471 2666 1736 2715 Wesselingio,
1757 2678 1778 2703 e

1115 2723 1257 2759 duobus
1300 2721 1400 2758 libris
1442 2727 1630 2772 receperat
1671 2721 1774 2760 Reiz.

1114 2779 1288 2827 quodque
1308 2791 1388 2815 mea
1413 2780 1598 2817 sententia
1619 2777 1776 2828 explica-

1114 2839 1154 2872 tu
1171 2839 1228 2872 est
1248 2833 1439 2871 difficilius.
