1904 3304
314 684 411 728 173

141 744 244 783 Psylli,
260 747 338 773 intra
349 747 419 782 Syr-

156 787 202 806 in:
232 780 337 809 horum
359 786 420 809 ter-

473 284 558 324 582

874 283 1344 323 IIERODOTI

442 399 461 431 7
480 393 650 434 Πίστισι
688 392 734 434 δὲ
775 392 968 448 τοιῃσίδε
996 393 1215 448 χρέωνται.
1277 394 1323 437 ἐκ
1352 398 1428 450 τῆς
1456 397 1598 450 χειρὸς
1627 397 1745 439 διδοῖ

470 467 609 514 πιεῖν,
658 463 731 504 καὶ
779 462 912 515 αὐτὸς
958 464 1005 507 ἐκ
1054 467 1128 520 τῆς
1177 468 1257 508 τοῦ
1302 465 1452 520 ἑτέρου
1496 469 1631 510 πίνει·
1687 466 1797 523 ἣν55

476 534 523 577 δὲ
552 533 609 588 μή
641 533 767 588 ἔχωσι
795 533 937 590 ὑγρόν
966 534 1121 592 μηδὲν,
1165 538 1210 579 οἱ
1238 537 1285 580 δὲ
1314 541 1390 593 τῆς
1416 536 1614 594 χαμάθεν
1642 549 1743 582 σπο-

474 605 558 647 δοῦ
589 603 797 660 λαβόντες
827 609 1028 662 λείχουσι.

584 677 830 731 Νασαμῶσι
863 678 910 721 δὲ
939 675 1240 733 προσόμουροι
1269 680 1349 722 εἰσι
1388 678 1566 723 Ψύλλοι.
1617 674 1743 723 οὗτοι

481 946 643 986 Πίστισι
662 944 719 997 δὲ]
738 947 846 985 Hanc
859 949 1006 986 dandae
1021 960 1082 985 ac-

420 1003 685 1053 cipiendaeque
723 1004 808 1042 fidei
845 1005 1082 1042 consuetudi-

420 1073 503 1097 nem
539 1062 575 1097 in
603 1065 711 1111 paeto
748 1061 928 1111 coniugali
963 1062 1081 1098 adhue

419 1117 518 1166 apud
544 1117 715 1165 Algeriae
748 1118 884 1154 incolas
913 1118 1081 1155 obtinere

419 1177 580 1210 testatur
597 1174 718 1210 Shaw.
733 1175 876 1223 Voyag.
898 1173 913 1210 l
933 1187 969 1224 p.
986 1175 1082 1214 393.

418 1250 474 1256 -
495 1229 585 1266 Mox
609 1243 629 1266 e
657 1229 865 1267 melioribus
886 1231 993 1267 codd.
1017 1231 1082 1267 de-

419 1286 537 1322 dimus
573 1282 756 1335 χαμοῖθεν
794 1300 860 1336 pro
890 1282 1081 1337 χαμόθεν.

419 1341 478 1378 Cf.
499 1341 546 1389 II,
568 1343 647 1383 125
669 1343 758 1392 ibiq.
778 1347 869 1380 nott.
900 1343 957 1380 Ad
978 1344 1082 1392 geni-

418 1398 530 1436 tivum
561 1399 716 1438 σποδοῦ
741 1401 837 1440 conf.
862 1399 994 1437 Matth.
1014 1400 1080 1437 Gr.

419 1454 484 1491 Gr.
504 1468 541 1506 p.
561 1457 656 1496 631.

577 1513 689 1563 Cap.
721 1511 925 1549 CLXXIII.

482 1563 652 1619 Ψύλλοι]
683 1569 741 1607 De
765 1569 833 1606 hac
856 1573 968 1617 gente
987 1569 1082 1606 conf.

418 1625 628 1675 Stephanus
639 1627 730 1674 Byz.
742 1638 771 1662 s.
783 1638 817 1662 v.
839 1625 1081 1671 Hecataeum,

418 1682 480 1730 qui
509 1681 598 1719 citat
629 1684 686 1732 (p.
717 1683 796 1722 133
826 1683 993 1730 sragmm.
1023 1682 1082 1718 ed.

419 1737 640 1785 Klausen.),
681 1738 812 1775 Suidas
841 1738 892 1776 Ill
921 1751 957 1788 p.
987 1739 1082 1778 709.

420 1794 571 1831 Photius
601 1808 628 1831 s.
655 1808 689 1831 v.
751 1795 852 1832 Inter
888 1799 1081 1844 utramque

418 1851 578 1899 Syrtim,
629 1851 725 1888 inter
761 1850 1001 1900 Lotophagos
1040 1863 1082 1887 ac

418 1906 670 1954 Nasamones,
701 1907 784 1944 olim
811 1908 996 1944 habitasse
1025 1907 1081 1943 di·

419 1967 550 1999 cuntur
569 1977 614 2001 ea
635 1965 670 2000 in
687 1964 853 2012 regione,
872 1976 966 2012 qnae
986 1976 1083 2000 nune

420 2023 571 2056 vocatur
608 2019 815 2067 IlIesurate,
855 2021 1084 2070 praedones-

419 2088 492 2124 que
512 2077 678 2113 feruntur
701 2077 793 2113 illius
811 2088 898 2113 orae
918 2077 1084 2113 famosis-

421 2132 499 2168 simi
530 2145 650 2182 aeque
669 2145 711 2170 ac
729 2132 972 2170 Nasamones.
1024 2133 1083 2170 Cf.

421 2188 696 2226 Schlichthorst.
730 2191 752 2228 1.
786 2190 806 2225 Ι.
836 2203 872 2240 p.
903 2192 982 2230 132
1003 2202 1082 2238 seq.

420 2245 576 2283 Rennol.
592 2260 627 2297 p.
651 2248 743 2286 636.
786 2246 970 2283 Mannert.
989 2247 1036 2293 X,
1057 2248 1084 2285 2

421 2315 457 2350 p-
480 2303 572 2343 182.
611 2303 773 2340 Heeren.
792 2302 915 2340 ldeen.
933 2303 980 2349 ΙΙ,
1002 2305 1021 2342 1
1046 2316 1084 2353 p.

420 2359 503 2398 223
525 2370 605 2407 seq.
635 2358 688 2395 Ac
708 2359 846 2396 Plinius
867 2371 1014 2409 quoque
1036 2359 1084 2395 H.

423 2413 473 2450 N.
494 2413 539 2460 V,
563 2414 589 2454 4
613 2427 723 2464 super
745 2416 993 2453 Garamantes
1016 2416 1086 2463 (de

423 2469 554 2519 quibus
574 2470 713 2508 Herod.
733 2471 797 2518 IV,
816 2470 916 2522 183)
933 2472 1087 2509 collocat

423 2525 586 2574 Psyllos;
632 2528 731 2564 unde
753 2528 843 2565 satis
872 2527 1014 2578 liquere
1033 2529 1086 2565 vi·-

424 2583 535 2620 detur
562 2581 609 2620 L.
638 2583 789 2630 Marco,
833 2597 897 2621 eos
927 2586 975 2622 ad
1000 2598 1087 2636 pro-

422 2639 645 2676 montorium
672 2640 863 2677 Mesurata
890 2641 1085 2678 habitasse.

422 2695 490 2731 Est
517 2708 604 2732 vero
639 2696 729 2734 haee
760 2696 965 2745 Psyllorum
994 2710 1085 2747 gens

421 2764 489 2801 per
529 2765 674 2790 omnem
714 2753 790 2790 fere
830 2755 1086 2803 antiquitatem

422 2808 563 2845 famosa
615 2809 663 2846 ob
710 2810 911 2846 fascinandi
956 2815 1084 2857 artem,

422 2863 495 2913 qua
544 2864 707 2902 letiferos
755 2871 945 2916 serpentes
991 2867 1085 2903 bene

423 2924 577 2959 tractare
616 2935 658 2959 ac
697 2924 848 2960 domare
888 2923 1083 2973 sopireqne

476 745 775 798 ἐξαπολώλασι
819 749 966 804 τρόπῳ
1013 750 1182 806 τοιῷδε.

1251 748 1275 793 ὁ
1315 748 1445 801 νότος
1484 762 1564 806 σφι
1600 751 1744 795 πνέων

1138 948 1303 985 valuerit.
1335 947 1460 985 Testis
1480 952 1536 985 est
1553 948 1693 985 Plinius
1718 948 1798 992 vn,

1137 1007 1163 1044 2
1185 1004 1264 1042 coll.
1295 1005 1413 1051 XXV,
1441 1007 1504 1045 10.
1553 1004 1722 1052 XXVIII,
1753 1007 1800 1050 ὃς

1137 1061 1227 1098 alios
1253 1062 1389 1098 excitat
1418 1062 1575 1111 Ruperti
1602 1062 1649 1098 ad
1674 1061 1800 1098 Silium

1138 1117 1220 1155 Ital.
1238 1117 1264 1163 l,
1282 1118 1376 1158 411.
1408 1118 1623 1154 Cuiusmodi
1643 1118 1799 1155 fascina-

1139 1178 1257 1211 torum
1288 1174 1445 1222 vestigia
1469 1173 1525 1209 vel
1555 1175 1591 1210 in
1615 1186 1717 1210 sacro
1739 1187 1801 1210 co—

1140 1231 1220 1267 dice
1252 1230 1384 1267 veteris
1413 1230 1622 1266 testamenti
1652 1230 1801 1280 reperiri

1138 1285 1284 1333 volunt,
1322 1298 1404 1322 cnm
1434 1285 1521 1322 alias
1552 1298 1700 1334 quoqne
1727 1287 1800 1323 fre-

1140 1355 1255 1392 quens
1274 1341 1413 1379 illornm
1433 1342 1581 1380 mentio.
1612 1342 1724 1379 Unde
1743 1343 1800 1380 fa-

1139 1404 1237 1437 ctum
1251 1427 1262 1445 ‚
1295 1402 1335 1435 ut
1353 1399 1561 1448 quicunque
1582 1398 1674 1435 tales
1698 1412 1800 1437 exer-

1139 1460 1264 1493 cerent
1311 1460 1411 1493 artes
1430 1482 1442 1501 ,
1514 1456 1537 1492 ii
1585 1460 1801 1493 vocarentur

1142 1511 1274 1562 Psylli.
1317 1512 1417 1555 Quin
1442 1512 1624 1561 hodieque
1640 1525 1706 1562 per
1727 1511 1802 1550 Ae-

1139 1574 1293 1619 gyptum
1322 1569 1524 1619 accepimus
1561 1581 1642 1606 esse
1676 1568 1802 1605 talium

1138 1626 1395 1662 saseinatorum
1414 1629 1583 1674 gentem,
1607 1625 1707 1662 cuius
1725 1637 1802 1662 ma-

1138 1683 1234 1718 xima
1260 1682 1343 1718 hinc
1371 1681 1470 1731 apud
1497 1681 1623 1730 vulgus
1646 1681 1803 1718 auctori-

1139 1743 1196 1775 tas
1228 1739 1460 1787 maximaque
1487 1738 1578 1774 iura.
1636 1737 1694 1775 De
1722 1738 1803 1787 qni-

1139 1795 1206 1830 bus
1245 1795 1381 1844 optime
1419 1795 1586 1843 exposuit
1622 1792 1689 1830 Vir
1723 1793 1804 1830 illu-

1138 1851 1334 1887 stris-simus
1355 1851 1412 1888 De
1435 1849 1607 1888 Minutoli
1626 1850 1683 1886 in:
1725 1849 1803 1886 Ab-

1138 1907 1274 1944 handll.
1308 1907 1524 1945 Vermischt.
1560 1906 1698 1944 Inhalts
1727 1906 1740 1943 I
1769 1919 1804 1956 p.

1141 1963 1195 2004 42
1223 1976 1327 2012 seqq.

1197 2015 1470 2066 ἐξαπολώλασι
1488 2015 1619 2072 τρόπῳ
1646 2016 1801 2070 τοιῷδε]

1140 2075 1279 2114 Plinius
1301 2077 1351 2113 H.
1376 2077 1424 2115 N.
1446 2077 1536 2124 Vll,
1568 2079 1616 2116 2:
1666 2075 1806 2123 „Haec

1140 2146 1231 2182 gens
1262 2134 1344 2183 ipsa
1370 2133 1518 2183 quidem
1548 2145 1666 2183 prope
1695 2132 1806 2168 inter-

1140 2191 1294 2227 necione
1325 2191 1468 2227 sublata
1494 2195 1552 2227 est
1578 2201 1600 2226 a
1624 2188 1806 2226 Nasamo-

1140 2246 1269 2293 nibus,
1298 2247 1359 2295 qui
1385 2259 1481 2283 nunc
1500 2259 1563 2283 eas
1592 2248 1720 2283 tenent
1747 2255 1804 2280 se-

1141 2303 1228 2340 des:
1270 2315 1385 2352 genus
1410 2307 1534 2340 tamen
1554 2302 1737 2339 hominum
1758 2311 1801 2335 ex

1142 2360 1209 2404 iis,
1238 2361 1301 2408 qui
1322 2361 1584 2410 profugerant,
1613 2361 1675 2394 ant
1692 2367 1803 2404 quum

1141 2420 1345 2467 pugnatum
1369 2422 1436 2463 est,
1465 2416 1646 2459 afuerunt,
1677 2412 1804 2448 hodie-

1144 2485 1216 2521 que
1244 2477 1408 2509 remanet
1436 2473 1471 2508 in
1500 2470 1672 2520 paucis‘.“
1733 2467 1803 2504 Cui

1144 2529 1344 2566 narrationi
1359 2527 1651 2578 probabilitatem
1665 2525 1804 2563 addere

1143 2585 1272 2622 Silium
1294 2585 1317 2631 l,
1340 2586 1433 2625 408.
1480 2583 1615 2620 Lucan.
1636 2583 1701 2628 IX,
1722 2581 1804 2622 439

1143 2641 1303 2687 -445,
1333 2644 1455 2678 monet
1474 2639 1747 2677 Schlichthorst.
1767 2649 1803 2687 p.

1147 2699 1227 2738 132
1245 2697 1326 2738 coll,
1346 2698 1528 2734 Mannert.
1551 2696 1573 2733 l.
1593 2696 1616 2732 l.
1648 2695 1703 2732 Ex
1723 2695 1804 2743 ipso

1144 2754 1339 2791 Herodoto
1360 2753 1519 2790 fabulam
1548 2756 1692 2791 enarrat
1709 2747 1803 2787 Gell.

1143 2809 1192 2847 N.
1217 2810 1288 2846 Att.
1308 2810 1415 2857 XVI,
1447 2812 1518 2855 113
1559 2809 1692 2858 quibus
1717 2806 1807 2843 haec

1148 2867 1292 2903 subiicit
1319 2867 1366 2903 ad
1395 2879 1503 2903 omne
1528 2864 1674 2903 fabulae
1701 2873 1809 2911 argu-

1147 2928 1306 2960 mentum
1338 2923 1540 2974 spectantia
1573 2921 1806 2959 Valcken.:
