1904 3304
500 240 1063 281 MELPOMENE.
1123 240 1184 279 IV.
1394 240 1478 279 333

215 355 267 412 δή
295 355 335 397 τί
372 354 478 401 ἐστι,
530 352 640 396 ἔνθα
669 350 774 402 τούς
802 350 880 407 μὲν
910 347 1023 394 ὀκτώ
1055 365 1145 392 των
1174 350 1325 404 μηνῶν
1355 345 1467 403 ἀφό-
1479 354 1501 388 5
1530 360 1579 387 hie
1563 369 1625 388 ems
1612 363 1675 388 set
1693 368 1744 388 aes
1719 363 1812 434 agranis

213 442 342 482 ρητος
381 421 474 474 οἶος
510 424 674 479 γίνεται
712 420 902 477 κρυμὸς,
946 421 992 464 ἐν
1022 425 1135 463 τοῖσι
1164 418 1284 473 ὕδωρ
1315 418 1474 474 ἐκχέας,
1532 432 1563 455 et

212 495 352 551 πηλον
390 493 443 537 ου’
485 494 702 550 ποιήσεις·

184 564 367 620 Ξπηλόν.
429 562 456 621 ἡ
498 566 543 608 δὲ
574 564 776 608 θάλασσα
806 564 1041 619 πήγνυται,
1086 562 1159 605 καὶ
1189 558 1212 604 ὁ
1244 557 1478 613 Βόσπορος

210 640 293 686 πᾶς
324 634 347 678 ὁ
380 635 636 691 Κιμμέριος·
668 635 742 678 καὶ
771 634 840 677 ἐπὶ
868 636 951 676 τοῦ
978 631 1252 685 κρυστάλλου
1284 632 1326 674 οἱ
1355 628 1476 681 ἐντὸς
1531 636 1614 676 293

212 705 387 762 τάφρου
411 704 592 749 Σκύθαι
615 704 922 761 κατοικημένοι
953 701 1283 755 στρατεύονται,
1312 701 1386 745 καὶ
1407 700 1480 752 τὰς
1493 709 1536 742 10

184 775 378 834 Βὰμάξας
409 776 698 820 ἐπελαύνουσι
727 775 864 832 πέρην
893 774 935 825 ἐς
964 772 1068 824 τούς
1097 771 1304 823 Σινδούς.
1362 771 1478 815 οὕτω

158 983 215 1007 me
228 969 453 1017 indiguerint
472 967 622 1014 incolae,
636 968 695 1014 ea,
707 980 816 1016 quam

158 1039 269 1076 supra
290 1027 458 1071 diximus,
488 1025 545 1060 via
566 1022 634 1073 (ad
657 1025 719 1070 lv,
742 1025 816 1071 24)

157 1082 398 1132 acquirendis.
434 1080 617 1118 Mannert.
638 1080 687 1117 lv
708 1094 744 1131 p.
763 1083 813 1120 71

156 1151 251 1189 quae
280 1139 335 1175 hic
363 1138 410 1175 de
438 1137 548 1174 nimio
570 1138 710 1185 frigore
732 1151 818 1187 pro-

158 1196 305 1241 duntur,
336 1195 423 1231 inde
445 1194 593 1244 repetit,
615 1194 714 1242 quod
736 1194 816 1231 He-

157 1252 308 1288 rodotus
350 1251 470 1299 regios
512 1251 668 1300 Scythas
705 1250 817 1286 multo

156 1308 273 1356 magis
295 1306 584 1356 septentrionem
604 1319 729 1343 versus
751 1307 817 1343 sibi

159 1365 383 1413 cogitaverit.
403 1385 458 1390 ——
488 1362 545 1398 Ad
578 1359 681 1401 οὕτω
711 1358 760 1413 δή
781 1378 817 1401 τι

159 1421 255 1457 conf.
281 1424 373 1456 nott.
399 1420 446 1455 ad
469 1419 530 1463 lll,
557 1422 646 1460 120.

217 1475 319 1514 ἔνθα
342 1472 460 1524 τούς
457 1473 525 1512 ιιὲν
544 1470 644 1513 ὀκτώ
666 1490 700 1513 κ.
718 1489 749 1512 τ.
765 1472 815 1524 λ.]

158 1532 234 1569 Res
218 1533 321 1583 spicit
344 1532 434 1568 haec
456 1532 621 1568 Eustath.
651 1532 699 1568 ad
722 1531 815 1567 Dio-

158 1601 237 1637 njs.
271 1587 412 1636 Perieg.
451 1589 542 1626 669
603 1588 661 1623 Ad
703 1587 814 1623 verba

158 1639 361 1694 ἀφόρητος
381 1644 464 1688 οἷος
486 1645 579 1680 conf.
600 1643 734 1680 Matth.
748 1643 813 1679 Gr.

158 1701 224 1737 Gr.
247 1699 281 1751 ξ.
301 1699 396 1746 445,
421 1702 458 1740 6
483 1700 516 1736 b.

214 1755 242 1807 ἦ
284 1754 326 1794 δὲ
364 1751 551 1795 θαλασσα
591 1750 813 1807 πηγνυται]

158 1813 397 1859 consimilia,
455 1826 550 1862 quae
595 1813 814 1862 interpretes

157 1869 379 1915 attulerunt,
418 1869 589 1917 leguntur
614 1870 715 1918 apud
737 1869 818 1905 Vir-

158 1925 220 1974 gil.
242 1925 380 1974 Georg.
403 1925 474 1971 Ill,
497 1927 589 1966 360.
613 1925 722 1962 Ovid.
760 1925 818 1962 Ex

158 1981 266 2018 Pont.
292 1981 354 2027 IV,
384 1983 423 2027 9,
451 1982 515 2021 84.
545 1980 624 2031 [lll,
662 1984 698 2026 1,
736 1981 815 2030 15.]

159 2037 337 2086 Pompon.
358 2036 443 2074 Mel.
467 2038 493 2084 l,
516 2040 580 2084 19,
611 2035 701 2077 140.
750 2038 819 2075 Se-

160 2107 238 2131 nec.
257 2094 369 2130 Herc.
388 2095 472 2130 Fur.
498 2094 581 2134 530
613 2092 694 2130 coll.
722 2093 817 2131 Gell.

159 2149 209 2186 N.
240 2148 282 2186 A.
314 2150 435 2196 XVII,
463 2152 500 2189 8.
541 2149 703 2186 Maerob.
740 2151 818 2187 Sat.

159 2205 240 2253 Vll,
270 2208 320 2246 12
341 2210 378 2243 et
396 2206 547 2244 Diodor.
567 2207 639 2244 Sic.
665 2206 729 2252 111,
753 2205 818 2246 34.

159 2261 213 2309 V,
242 2262 307 2303 25.

218 2317 258 2356 οἱ
291 2314 402 2364 ἐντός
443 2313 600 2367 τάφρου
637 2314 816 2368 Σκύθαι]

161 2374 218 2411 Cf.
237 2380 331 2411 nott.
360 2375 409 2411 ad
435 2375 497 2421 lv,
530 2376 568 2415 3.
627 2374 711 2411 Duo
738 2374 818 2412 libri

161 2426 328 2481 τάφρης.
386 2431 444 2468 De
471 2444 542 2480 quo
561 2432 632 2467 vid.
656 2436 747 2468 nott.
768 2432 816 2468 ad

162 2486 225 2532 IV,
247 2489 340 2528 201.
361 2508 415 2514 —
444 2487 515 2523 Pro
538 2483 816 2538 στρατεύονται

164 2542 402 2579 Valckenario
438 2545 474 2580 in
512 2549 670 2582 mentem
718 2545 817 2582 venit

167 2595 428 2646 αμαξεύονται
470 2600 526 2637 vel
564 2596 816 2647 ἴππεύονται,

167 2653 312 2704 Toupio
343 2656 521 2693 Emendd.
559 2657 595 2693 in
624 2657 727 2694 Suid.
764 2658 816 2694 ΙΙΙ

167 2722 252 2759 pag.
277 2710 357 2751 443
390 2711 489 2762 Lips.
513 2709 817 2765 στραγγεύονται

168 2766 218 2811 (i.
247 2780 277 2804 e.
307 2780 407 2817 super
432 2769 580 2816 glaciem
609 2771 816 2818 otiantur„

167 2823 267 2870 quod
308 2824 424 2873 ipsum
467 2827 586 2863 arrisit
620 2826 817 2864 Larchero.

167 2878 247 2915 Nec
275 2884 398 2917 tamen
423 2880 492 2918 ulla
518 2895 607 2932 opus
644 2884 818 2921 emenda-

876 966 988 1010 tione,
1019 977 1099 1001 cum
1118 964 1164 1001 de
1180 963 1301 1000 hostili
1319 963 1376 1000 hic
1392 963 1452 1012 agi
1472 974 1533 1000 ex-

875 1023 1040 1059 cursione
1062 1021 1172 1058 rerba
1198 1033 1302 1069 seqq.
1328 1016 1398 1065 τὰς
1427 1014 1534 1069 αμα-

875 1080 943 1126 ξας
967 1073 1230 1116 ἐπελαύνουσι
1252 1077 1337 1113 satis
1367 1077 1535 1113 doceant.

930 1133 970 1181 ἐς
1001 1149 1093 1180 τους
1120 1129 1316 1182 Σινδους]
1361 1132 1432 1169 Pro
1463 1127 1536 1170 ’Iv-

876 1186 996 1237 δούς,
1028 1191 1127 1240 quod
1154 1202 1281 1227 omnes
1305 1189 1384 1226 libri
1411 1188 1538 1238 scripti

873 1248 1084 1297 praebent,
1138 1248 1285 1297 reposui
1325 1259 1404 1283 cum
1448 1245 1534 1282 edd.

875 1299 1048 1349 Σινδούς
1081 1317 1123 1340 ex
1152 1302 1332 1339 Holstenii
1359 1302 1534 1339 emenda-

878 1361 980 1397 tione
1013 1361 1060 1396 ad
1089 1360 1219 1409 Steph.
1250 1360 1407 1407 Byzant.
1445 1358 1536 1406 (qui

872 1429 958 1466 pag.
995 1418 1075 1456 670
1106 1416 1218 1453 Berk.
1258 1413 1420 1458 Σινδοὶ,
1460 1410 1538 1453 oin&

873 1472 1118 1523 μεσημβρίας
1163 1475 1236 1523 τῆς
1296 1468 1534 1517 DImoinBog

872 1530 1034 1578 λίμνης
1079 1527 1176 1566 ε’νιοι
1207 1526 1248 1566 δὲ
1282 1543 1349 1565 και
1380 1524 1421 1566 τὸ
1441 1530 1533 1565 Σιν-

873 1582 982 1624 δικὸν
998 1582 1112 1636 γένος
1126 1583 1251 1634 φασὶν
1269 1580 1369 1622 εἶναι
1390 1587 1533 1621 Μαιω-

872 1644 949 1680 τών
970 1637 1230 1691 α’πόσπασμα)
1258 1640 1339 1677 coll.
1360 1641 1406 1676 Is.
1427 1641 1531 1676 Υο55.

872 1699 921 1735 ad
938 1698 1076 1746 Scylac.
1102 1698 1235 1748 Peripl.
1259 1695 1295 1747 ἓ.
1319 1699 1424 1746 72Ρ
1439 1695 1534 1737 450.

873 1755 920 1791 Τ.
947 1755 959 1790 l
983 1755 1040 1792 ed.
1065 1754 1160 1791 Gail.
1210 1754 1290 1791 Nec
1319 1753 1421 1790 aliter
1441 1753 1536 1790 infra

872 1811 937 1857 lv,
958 1812 1032 1857 86,
1070 1811 1130 1847 ubi
1149 1812 1251 1860 regio
1273 1809 1425 1855 Indica,
1458 1811 1533 1846 sive

875 1867 1044 1905 Sindica.
1073 1868 1191 1904 Recte
1210 1867 1304 1904 enim
1327 1866 1464 1903 Plinius
1484 1866 1532 1902 H.

873 1923 922 1961 N.
944 1925 1007 1971 lv,
1031 1925 1125 1971 (12)
1146 1926 1219 1964 26:
1270 1923 1410 1971 „regio
1441 1924 1534 1970 Scy-

874 1980 970 2017 thica
991 1980 1147 2017 Senclz'ca
1170 1980 1413 2016 nominatur.“
1435 1978 1534 2016 Mela

874 2037 903 2083 I,
927 2039 990 2082 19,
1015 2039 1115 2077 112:
1152 2066 1176 2083 ‚,
1189 2036 1323 2072 Sindos
1342 2037 1377 2072 in
1401 2035 1537 2072 Sindo-

874 2105 958 2129 num
975 2093 1021 2129 ab
1039 2093 1126 2142 ipsis
1146 2097 1323 2130 terrarum
1340 2092 1536 2128 cultoribus

876 2150 1025 2185 condita
1067 2151 1169 2185 est.“
1236 2149 1348 2186 Unde
1390 2148 1538 2194 „Sindi

877 2205 1055 2253 ignobiles
1068 2207 1092 2225 “
1111 2206 1211 2255 apud
1231 2205 1408 2242 Ammian.
1431 2204 1535 2240 Mar-

876 2262 953 2299 cell.
985 2262 1111 2308 XXll,
1150 2264 1186 2302 8.
1247 2261 1349 2304 Quos
1384 2261 1535 2298 eosdem

877 2318 1010 2355 Sindos
1045 2317 1299 2367 Sz'nclicamque
1348 2318 1535 2366 regionem

874 2380 1007 2411 norunt
1029 2375 1163 2411 Strabo
1191 2374 1260 2422 Xl,
1290 2378 1316 2416 2
1344 2388 1379 2424 p.
1403 2373 1484 2414 492
1503 2386 1532 2410 5.

874 2434 954 2472 753
976 2432 1019 2468 C.
1047 2445 1082 2481 p.
1108 2430 1189 2471 495
1221 2444 1248 2468 5.
1274 2433 1351 2472 757
1377 2431 1419 2467 C·
1450 2430 1533 2471 758

872 2487 915 2524 Α.
937 2501 972 2537 p.
993 2489 1072 2528 496
1094 2501 1122 2524 5.
1144 2488 1225 2529 759
1247 2488 1312 2533 C.,
1354 2487 1414 2523 ubi
1442 2486 1533 2523 Sin-

875 2544 999 2581 diacus
1046 2550 1171 2594 portus
1193 2573 1201 2591 ,
1264 2558 1292 2580 s.
1345 2543 1530 2589 Sindicas,

873 2614 980 2650 quem
1003 2601 1111 2637 etiam
1132 2604 1390 2637 commemorat
1406 2603 1532 2636 auctor

874 2656 1006 2707 Peripli
1040 2657 1186 2693 alterius
1209 2657 1317 2693 Ponti
1337 2656 1469 2692 Euxini
1492 2653 1528 2705 ἓ.

874 2718 900 2755 2
922 2727 1006 2764 pag.
1025 2714 1188 2754 2Huds.
1213 2726 1298 2762 pag.
1318 2714 1400 2752 207
1421 2712 1467 2749 Τ.
1483 2710 1530 2747 111

875 2770 992 2815 GaiL·
1030 2770 1161 2818 Scylax
1190 2768 1323 2818 Peripl.
1349 2766 1384 2818 §.
1409 2771 1462 2808 72
1492 2781 1528 2816 p

874 2829 927 2866 32
947 2827 1066 2863 Huds.
1093 2838 1176 2875 pag.
1208 2825 1288 2867 285
1311 2823 1479 2861 Gail.'1.
1503 2822 1527 2858 Ι.

874 2883 1050 2933 Stephan.
1073 2882 1228 2931 Byzant.
1262 2894 1290 2917 5.
1312 2894 1343 2918 ν.
1375 2893 1411 2930 p.
1435 2881 1528 2920 670.

1532 403 1589 429 equ

762 497 852 546 πῦρ
894 492 939 534 δὲ
983 490 1228 540 ανακαίων,
1279 488 1477 545 ποιήσεις
1534 461 1628 530 (11183211Ι

1621 403 1654 429 ΡΙ·

1593 395 1752 455 111ιιΙ115Ηῐῐί
1729 436 1812 461 rugus

1629 466 1724 523 alif?

1728 467 1794 488 ntra
