1904 3304
293 442 392 489 159

117 508 200 536 Batti
223 507 246 535 1.
270 516 394 542 regnum

117 542 154 569 ab
170 551 199 568 a·
209 542 258 568 (ΗΟ
275 543 312 569 ad
326 543 394 570 hoo:

451 262 535 303 556

451 372 597 414 θαῦτα
623 369 730 424 ὑμῖν
767 366 993 423 ἐπιτήδεον
1023 366 1200 410 οἰκέειν·

911 436 1006 481 Ἐπὶ
1042 438 1120 493 μέν
1157 454 1241 481 νυν
1270 437 1440 482 Βάττεώ
1470 456 1514 484 τε
1543 444 1623 483 τοῦ
1653 442 1714 483 οἰ-

450 439 583 496 ρανὸς
619 439 856 495 τέτρηται.“

865 258 1336 297 HERODOTI

1254 366 1446 412 ἐνθαῦτα
1473 368 1555 425 γάρ
1589 368 1611 412 ὁ
1642 369 1714 413 ου’-

451 509 605 554 κιστὲω
644 514 719 566 τῆς
761 507 883 565 ζόης,
921 507 1132 563 ἄρξαντος
1167 507 1235 550 ἐπὶ
1263 509 1574 562 τεσσεράκοντα
1605 512 1713 565 ἔτεα,

119 576 265 603 Arcesilai
299 577 323 603 I.
358 576 396 603 ab

453 693 631 734 ἐνθαῦτα
658 688 733 745 γοῖρ
755 688 778 730 ὁ
803 685 975 741 ου’ρανός
995 687 1057 728 τὲ-

397 749 549 802 τρηται]
582 750 608 787 i.
629 763 662 787 e.
689 749 746 786 hic
777 749 865 784 enim
888 746 1056 797 perfora-

398 812 472 845 tum
494 810 545 843 est
566 807 704 845 coelum.
754 804 874 848 Quam
902 803 1057 840 locutio-

399 877 508 910 nem,
548 864 596 900 de
631 865 769 912 copiosa
807 861 888 897 istic
923 860 1060 897 coelesti

399 934 494 969 aqua
521 919 814 968 intelligendam,
857 915 1057 954 wesselin-

401 979 482 1026 gius
514 980 701 1026 comparat
733 987 811 1010 cum
839 973 941 1009 simili
961 972 1059 1009 locu-

400 1035 502 1070 tione
523 1033 661 1069 GeneS.
682 1030 762 1076 VII,
786 1032 833 1070 11
857 1027 947 1077 (,‚et
973 1029 1060 1065 coele

393 1089 573 1140 fenestrae
593 1091 767 1125 reseratae
786 1087 912 1133 sunt“)
930 1086 1058 1122 ass'ert-

400 1159 473 1195 que
494 1145 672 1182 Eustathii
703 1143 812 1180 verba
838 1143 885 1178 ad
906 1142 1054 1178 Homer.

400 1216 437 1253 p-
456 1202 553 1247 742,
575 1203 627 1241 22
647 1213 674 1236 S
699 1200 793 1244 638,
812 1198 879 1244 40,
909 1198 1058 1245 egregie

401 1258 435 1294 h.
449 1257 473 1294 l.
492 1257 725 1293 illustrantia:
757 1252 779 1293 ό
800 1251 841 1292 δὲ
859 1254 951 1304 περί
969 1267 1058 1291 τινα

399 1310 590 1363 Λιβυκην
618 1327 697 1376 γην
734 1310 948 1362 τετρησθαι
986 1324 1057 1348 τον

401 1365 594 1418 ουρανόν,
633 1382 814 1418 φαμενος
844 1390 895 1396 -
926 1365 1056 1417 ἐτερα-

399 1424 585 1465 τεύσατο·
631 1423 759 1464 ἐθέλει
796 1420 870 1491 γοέο
916 1422 1055 1470 εἰπεῖν,

398 1480 470 1522 τόν
493 1478 692 1533 ου’ρανόν,
721 1496 776 1527 ως
795 1477 859 1520 οἱοὶ
886 1494 974 1518 τινα
995 1479 1054 1518 δε-

399 1536 598 1590 ξαμενην,
640 1537 682 1577 ἐν
710 1535 781 1588 μὲν
809 1540 894 1583 ταῖς
918 1533 1054 1582 ἄλλαις

399 1597 530 1648 γαίαις
556 1594 868 1646 ἐστεγανῶσθαι·
872 1590 988 1650 περὶ
1010 1590 1053 1631 δὲ

397 1667 467 1691 τον
490 1650 616 1691 τόπον
637 1651 813 1697 ἐκεῖνον,
847 1644 934 1688 οἷον
961 1660 1053 1686 συν-

397 1711 635 1759 τετρησθαι,
676 1723 732 1754 ως
759 1721 877 1745 νεῖον
908 1702 1054 1755 συχνόν

399 1760 677 1816 ἐξερεύγεσθαι
721 1762 788 1801 καὶ
829 1759 965 1813 ἅρὸειν
1005 1777 1053 1800 τα

399 1820 482 1861 ἐκεῖ
517 1817 618 1872 πρός
658 1815 937 1870 τροφιμότητα.
1002 1816 1056 1854 Ac

400 1881 590 1929 praeterea
627 1877 663 1912 in
700 1877 767 1912 hac
799 1875 978 1912 locutione
1006 1874 1056 1911 ad

399 1935 554 1985 priscam
574 1933 758 1982 quandam
776 1932 908 1981 respici
923 1932 1055 1967 famam

399 1992 572 2028 observat
590 1989 760 2037 Bbttiger
779 1989 862 2035 (Isis
888 1988 993 2027 1829
1015 2000 1052 2036 p.

397 2048 480 2087 318
503 2047 619 2093 not),
649 2048 964 2082 commemoratam
982 2042 1055 2078 Pli-

399 2103 458 2140 nio
480 2103 529 2139 H.
547 2101 594 2139 N.
618 2101 706 2138 XIX
726 2103 809 2149 (3),
844 2101 915 2141 15:
976 2099 1054 2146 „Id

400 2158 609 2209 (silphium)
632 2159 729 2208 apud
752 2161 918 2194 auctores
938 2155 1055 2192 Grae-

399 2216 476 2252 ciae
519 2214 807 2252 evidentissimos
856 2213 1054 2249 invenimus

400 2276 523 2308 natum
550 2271 664 2307 imbre
684 2271 787 2321 piceo
808 2274 960 2319 repente
976 2281 1054 2305 ma-

399 2328 543 2364 defacta
574 2327 720 2373 tellure,
765 2327 859 2363 circa
881 2325 1057 2375 Hesperi-

399 2383 486 2420 dum
504 2383 626 2419 hortos
645 2383 854 2431 Syrtimque
871 2382 1055 2429 maiorem,

400 2444 542 2489 septem
565 2440 669 2474 anuis
689 2443 774 2475 ante
795 2438 967 2488 oppidum
982 2438 1056 2485 Cy-

399 2508 590 2541 renatum,
639 2495 738 2542 quod
774 2496 956 2530 conditum
999 2498 1056 2530 est

398 2551 499 2588 urbis
538 2553 685 2587 nostrae
727 2562 822 2586 anno
855 2549 1056 2586 CXLIII.“

398 2608 508 2645 Hunc
548 2607 641 2644 enim
682 2605 796 2642 locum
834 2618 901 2655 pro
940 2606 1056 2655 silphii

405 2663 508 2712 quasi
537 2662 759 2699 incunabulis
785 2662 946 2698 habitum
975 2675 1056 2699 esse

399 2719 474 2756 vult
493 2719 668 2767 Bottiger.
699 2717 806 2754 Aliud
828 2717 916 2766 quid
937 2731 978 2754 ex
999 2718 1054 2754 his

401 2776 521 2812 verbis
550 2775 670 2823 colligi
695 2786 803 2824 posse
824 2778 946 2810 censet
964 2774 1056 2811 Bre-

404 2832 486 2868 ‹low
507 2832 682 2882 (Specim.
707 2829 907 2877 Uranolog.
930 2843 965 2879 p.
986 2829 1055 2867 XII

404 2887 520 2936 not.):
562 2886 699 2925 coelum
726 2886 891 2923 nimirum
910 2885 1054 2934 Libycis

1111 702 1260 739 quoque
1291 689 1496 726 hominibus
1521 690 1634 728 visum
1658 692 1770 730 fuisse

1113 747 1241 782 durum
1263 759 1394 796 corpus
1417 746 1494 783 sive
1514 746 1671 794 ligneum
1692 748 1769 786 sive

1113 815 1287 849 aeneum,
1326 814 1401 839 non
1432 801 1537 841 aliter
1559 817 1602 840 ac
1623 804 1768 854 reliquls

1115 860 1340 908 antiquitatis
1362 859 1542 907 gentibus,
1572 872 1665 909 quae
1684 874 1769 898 coe-

1114 916 1188 952 Iurn
1223 915 1414 952 habuerint
1454 915 1595 952 firmum
1627 929 1771 967 corpus,

1113 972 1270 1008 maxime
1288 971 1425 1009 malleis
1447 985 1644 1022 expansum
1659 978 1695 1010 et
1713 972 1769 1011 la-

1113 1029 1258 1077 quearis
1279 1028 1389 1064 modo
1414 1029 1594 1077 obtegens
1621 1033 1768 1068 terram.

1112 1084 1166 1120 Ac
1192 1084 1373 1132 denique,
1413 1088 1453 1120 ut
1475 1086 1523 1121 ad
1552 1086 1631 1134 ipsa
1648 1085 1769 1122 Hero-

1113 1141 1190 1176 doti
1207 1141 1316 1177 verba
1336 1145 1516 1188 revertar,
1547 1141 1642 1177 haud
1662 1154 1769 1191 prae-

1112 1196 1348 1233 termittenda
1403 1201 1459 1234 cst
1515 1197 1768 1234 Valckenaerii

1114 1252 1334 1298 emendatio,
1354 1265 1428 1301 qua
1446 1250 1469 1290 ὁ
1486 1247 1653 1303 οὐρανὸς
1671 1266 1770 1290 com-

1113 1313 1274 1346 mutetur
1299 1310 1336 1345 in
1362 1307 1382 1347 ὁ
1408 1304 1573 1359 βουνός,
1616 1314 1656 1346 ut
1678 1309 1768 1347 haec

1113 1365 1199 1402 inde
1238 1365 1372 1402 evadat
1423 1366 1627 1402 sententia:
1677 1366 1768 1412 „hic

1113 1423 1201 1457 enim
1229 1422 1345 1468 collis,
1392 1434 1420 1458 s.
1451 1434 1537 1470 ager
1565 1421 1768 1471 perforatus

1112 1481 1182 1525 est,
1215 1478 1379 1528 sontibus
1407 1478 1597 1524 nimirum,
1637 1479 1676 1515 id
1696 1484 1766 1525 est,

1113 1536 1168 1585 γῆ
1191 1533 1269 1573 ἐστι
1293 1534 1462 1584 ἔπυδρος
1481 1534 1639 1581 πίδαξι,
1667 1536 1769 1584 quod

1110 1590 1245 1638 legitur
1273 1604 1302 1628 c.
1338 1592 1465 1630 198.“
1520 1590 1655 1640 Neque
1682 1604 1767 1629 vero

1111 1647 1300 1695 quisquam
1329 1646 1567 1684 Valckenario
1597 1659 1766 1685 assensus

1111 1707 1167 1740 est
1188 1703 1377 1740 editorum.
1416 1703 1475 1741 De
1495 1716 1583 1740 voce
1606 1699 1767 1753 βουνός,

1111 1760 1158 1796 de
1187 1760 1259 1808 quit
1291 1759 1403 1796 multa
1436 1760 1484 1797 ad
1518 1760 1552 1796 h.
1585 1759 1606 1795 l.
1648 1760 1768 1797 attulit

1110 1816 1206 1852 idem
1230 1816 1422 1865 Valcken.‚
1461 1815 1685 1853 monebimus
1717 1817 1768 1854 ad

1110 1871 1175 1920 IV,
1200 1874 1290 1914 199.

1294 1961 1325 1999 C
1342 1975 1364 1999 a
1378 1975 1415 2013 p.
1454 1962 1583 2000 CLIX.

1167 2039 1232 2080 ἐπὶ
1258 2039 1328 2091 μέν
1360 2056 1435 2080 νυν
1457 2037 1612 2079 Βάττεώ
1634 2055 1674 2080 τε
1695 2043 1768 2081 τοῦ

1112 2096 1289 2137 οἰκιστέω
1311 2100 1382 2148 τῆς
1405 2093 1511 2148 ζόης]
1565 2097 1662 2135 Male
1683 2098 1767 2135 hinc

1111 2154 1195 2191 olim
1235 2154 1371 2192 finxere
1416 2155 1540 2191 urbem
1578 2155 1696 2201 zoen,
1743 2168 1765 2191 a

1109 2211 1222 2248 Batto
1247 2211 1443 2248 conditam.
1473 2210 1530 2247 De
1551 2222 1623 2259 quo
1645 2223 1766 2248 errore

1113 2267 1265 2318 plurima
1291 2267 1393 2304 dabit
1413 2266 1554 2315 Thrige
1574 2267 1596 2303 1.
1626 2266 1647 2302 l.
1678 2278 1763 2315 pag.

1116 2326 1195 2363 113
1219 2327 1294 2360 not.
1316 2345 1371 2351 —-—
1400 2323 1518 2369 „Vita
1539 2319 1568 2371 ἦ
1587 2319 1664 2370 ζωή
1684 2322 1764 2358 He-

1112 2381 1245 2417 rodoto
1272 2380 1440 2416 scribitur
1468 2373 1555 2427 ζόη·
1598 2377 1662 2416 ἐπὶ
1691 2375 1764 2427 μέν

1112 2451 1188 2474 νυν
1215 2438 1286 2486 τῆς
1315 2431 1405 2485 ζόης
1427 2431 1580 2472 Βάττεω
1604 2436 1675 2472 τοῦ
1708 2433 1765 2472 οἰ-

1112 2490 1259 2531 κιστέω.
1300 2492 1467 2528 Errorcm
1486 2491 1626 2539 peperit
1652 2503 1671 2526 e
1693 2490 1764 2527 situ

1112 2562 1201 2596 suo,
1238 2548 1449 2584 Herodoteo
1472 2558 1593 2591 more,
1634 2546 1765 2582 distra-

1112 2611 1169 2642 cta
1196 2604 1329 2641 vocula.
1375 2601 1473 2640 Nihil
1494 2606 1546 2638 est
1569 2603 1605 2638 in
1626 2602 1678 2638 his
1699 2606 1764 2639 aut

1111 2661 1233 2697 vicinis
1256 2660 1396 2696 nodosi.
1426 2658 1520 2694 Dum
1542 2660 1667 2694 viveret
1693 2657 1765 2707 Cy-

1111 2730 1207 2754 renes
1234 2715 1384 2753 conditor
1413 2714 1569 2761 Battus,
1608 2714 1669 2763 qui
1698 2726 1765 2762 per

1111 2785 1225 2810 annos
1245 2773 1407 2819 regnavit
1424 2771 1678 2819 quadraginta,
1697 2769 1765 2806 liu-

1111 2831 1238 2877 iusque
1269 2828 1341 2864 tilio
1369 2827 1526 2864 Arcesila
1557 2840 1623 2876 per
1647 2837 1761 2863 annos

1111 2885 1267 2923 sedecim
1303 2888 1504 2934 regnante,
1552 2895 1609 2921 res
1647 2882 1763 2932 Cyre-
