1904 3304
461 253 546 292 60⁰

851 246 1323 287 HERODOTI

461 358 536 404 καὶ
571 356 656 413 γοὲρ
686 357 735 400 τὸ
775 356 823 399 ἐν
862 354 1054 412 Θήβῃσι,
1093 353 1153 407 ὥς
1190 357 1264 400 καὶ
1301 356 1516 413 πρότερον
1553 357 1718 413 εἴρηταί

433 437 456 471 5
466 446 561 485 μοι,
592 426 927 482 κριοπρόσωπον
955 430 1035 470 τοῦ
1054 426 1164 478 Διὸς
1191 426 1396 483 τῶγαλμά
1426 429 1525 472 ἔστι.
1563 426 1717 483 τυγχά-
1728 433 1774 466 60

462 515 527 543 νει
565 498 610 541 δὲ
648 498 720 541 καὶ
759 496 865 540 ἄλλο
906 509 986 554 σφι
1014 498 1136 553 ὕδωρ
1167 503 1378 554 κρηναῖον
1407 498 1501 542 ἐόν·
1558 499 1607 542 τὸ
1640 499 1718 541 τὸν

462 569 541 624 μὲν
570 567 740 621 ὄρθρον
767 571 931 624 γίνεται
957 569 1152 624 χλιαρὸν,
1187 569 1351 625 ἀγορῆς
1372 569 1417 613 δὲ
1435 569 1719 625 πληθυούσης

462 637 755 694 ψυχρότερον·

814 643 1057 697 μεσαμβρίη
1086 640 1130 684 τέ
1160 642 1272 692 ἐστι,
1317 641 1390 683 καὶ
1417 640 1465 683 τὸ
1495 639 1629 694 κάρτα
1658 641 1719 694 γί-

462 726 582 754 νεται
611 709 801 766 ψυχρόν·
848 716 1083 771 τηνικαῦτα
1113 713 1158 757 δὲ
1187 711 1372 768 ἄρδουσι
1400 710 1501 762 τοὺς
1529 709 1717 767 κήπους·

409 860 470 897 toli
491 860 514 898 l.
542 860 565 898 l.
594 874 672 912 cap.
700 859 734 898 V
763 873 849 911 pag.
877 859 930 901 95
961 874 1063 911 seqq.

410 919 503 958 166.
531 919 608 958 168
631 931 755 967 seqq.‚
777 930 884 966 quem
908 931 1065 966 sequun-

409 976 469 1009 tur
488 974 649 1011 Heeren.
677 975 790 1010 ldeen
811 974 855 1019 ll,
879 976 899 1014 1
923 988 957 1024 p.
982 977 1064 1015 213

409 1041 515 1078 seqq.
542 1030 674 1068 Ritter.
694 1029 808 1066 Erdk.
832 1030 847 1065 Ι
868 1043 904 1080 p.
926 1033 1019 1071 982.

468 1083 522 1132 ὥς
565 1085 633 1124 καὶ
676 1082 870 1139 πρότερον
913 1086 1066 1139 εἴρηταί

410 1141 494 1194 μοι]
527 1141 610 1180 Vid.
634 1142 679 1189 11,
697 1141 764 1182 42.

468 1194 653 1250 τυγχάνει
684 1195 726 1236 δὲ
763 1195 831 1235 καὶ
859 1194 954 1236 ἄλλο
995 1209 1067 1245 σφι

409 1249 519 1304 ’ὕδωρ
541 1270 575 1292 κ.
592 1270 622 1293 τ.
642 1254 689 1303 L]
733 1254 839 1296 Quae
863 1255 972 1291 refert
990 1254 1069 1291 He-

410 1311 585 1357 rodotus,
620 1311 668 1347 ad
688 1322 767 1348 eum
788 1310 971 1358 pertinent
987 1311 1068 1346 fon-

411 1370 512 1414 tem,
570 1379 680 1416 quem
722 1365 818 1403 Solis
866 1365 1066 1415 appellant,

412 1426 507 1460 teste
529 1422 628 1460 Mela
649 1423 678 1470 l,
706 1425 731 1464 8
753 1422 831 1458 init.
862 1423 941 1469 (ubi
959 1421 1071 1472 pluri-

412 1491 472 1516 ma
483 1479 603 1516 attulit
613 1479 826 1516 Tzschucke
836 1483 927 1515 nott.
941 1492 1071 1527 exegg.

413 1535 496 1572 Vol.
520 1536 570 1572 ΙΙΙ
591 1536 632 1572 P.
655 1536 669 1572 I
692 1549 728 1585 p.
753 1534 833 1574 205
852 1536 970 1584 seq),
1010 1535 1071 1583 qui

413 1604 496 1628 mox
519 1592 608 1629 haec
628 1592 791 1629 subiicit:
822 1592 930 1638 „sons
950 1592 1070 1628 media

412 1652 520 1685 nocte
548 1649 687 1695 servet,
724 1660 806 1684 mox
837 1652 874 1684 et
898 1647 1069 1697 paulatim

413 1708 603 1754 tepescens
618 1734 627 1751 ,
677 1704 719 1740 fit
768 1703 846 1741 luce
896 1703 1069 1751 frigidus:

414 1763 501 1796 tunc
521 1764 558 1796 ut
578 1760 630 1796 sol
654 1760 792 1808 surgit,
832 1760 882 1796 ita
907 1759 1072 1808 frigidior

415 1816 589 1853 subinde:
628 1829 694 1866 per
713 1816 898 1853 meridiem
918 1817 1071 1853 maxime

415 1873 520 1920 riget.
579 1872 697 1908 Sumit
739 1873 873 1909 deinde
923 1877 1070 1922 tepores

415 1928 546 1965 iterum
575 1933 611 1965 et
643 1929 759 1977 prima
788 1933 898 1965 nocte
925 1928 1073 1975 calidus,

415 1988 528 2032 atque
548 1988 588 2020 ut
607 1984 668 2021 illa
684 1985 869 2033 procedit,
908 1985 959 2021 ita
987 1985 1072 2020 cali-

416 2040 517 2076 dior:
567 2053 689 2076 rursus
723 2054 802 2077 cum
842 2044 900 2077 cst
938 2041 1071 2088 media,

415 2097 635 2146 perfervet.“
662 2096 758 2133 Add.
779 2096 872 2133 Plin.
890 2097 938 2132 H.
959 2096 1007 2133 N.
1027 2097 1073 2143 ll,

418 2154 499 2192 103
521 2152 656 2199 (106).
686 2153 732 2200 V,
755 2152 790 2191 5.
837 2153 982 2190 Lucret.
1009 2153 1074 2199 vl,

417 2207 498 2248 849
508 2221 583 2257 seq.
615 2209 723 2245 Ovid.
738 2208 979 2258 Metamorph.
991 2209 1074 2258 XV,

418 2267 510 2305 309.
543 2265 688 2301 Curtius
713 2264 775 2311 IV,
796 2269 821 2305 7
842 2264 879 2315 ξ.
905 2269 964 2305 12.
1006 2265 1075 2301 Ar-

416 2321 506 2357 rian.
528 2319 670 2369 Exped.
694 2320 792 2358 Alex.
814 2322 876 2370 Ill,
899 2324 936 2362 4.
980 2321 1073 2358 Dio-

417 2376 496 2412 dor.
539 2376 610 2412 Sic.
638 2376 753 2425 XVH,
781 2378 846 2418 50.
900 2378 1073 2426 Antigon.

418 2431 565 2480 Caryst.
596 2434 695 2478 159,
748 2434 807 2470 ubi
846 2435 918 2470 vid.
952 2434 1075 2471 Beck-

418 2500 539 2525 mann.
562 2501 599 2537 p.
622 2488 714 2528 205.
746 2490 851 2532 Quae
870 2503 943 2527 non
966 2503 1073 2540 prae-

418 2544 571 2581 termisit
590 2545 757 2580 Minutoli
787 2544 807 2580 l.
836 2546 856 2582 l.
889 2559 966 2596 cap.
993 2547 1073 2583 vm

418 2613 455 2649 P·
484 2603 561 2641 163
582 2613 617 2650 p-
639 2602 691 2640 96
718 2601 816 2645 (coll.
836 2603 993 2639 Heeren.
1018 2603 1070 2641 ld.

419 2656 465 2700 ll,
494 2659 509 2694 1
542 2670 576 2705 p.
598 2656 690 2697 215.
720 2658 849 2694 Ritter.
868 2658 981 2694 Erdk.
1004 2659 1017 2694 Ι
1039 2673 1074 2709 p.

420 2710 545 2759 983),
577 2713 637 2748 ubi
657 2713 791 2762 primus
813 2714 970 2761 edocuit,
994 2715 1076 2751 son-

419 2770 516 2813 tem,
555 2780 662 2816 quem
691 2769 781 2805 mira
811 2770 944 2807 virtute
966 2784 1074 2820 prae-

420 2824 538 2859 ditum
569 2824 796 2861 celebrarunt
815 2830 974 2871 veteres,
1009 2828 1075 2864 ad-

420 2879 488 2916 huc
507 2884 649 2918 exstare
671 2894 742 2918 uno
760 2882 870 2920 horae
890 2883 1075 2932 quadran-

1121 865 1158 900 te
1187 874 1207 899 a
1227 860 1322 899 lovis
1343 859 1525 897 Ammonii
1553 859 1688 910 templo
1717 871 1776 896 re-

1121 923 1256 956 motum
1274 918 1457 954 meridiem
1470 929 1593 953 versus
1606 917 1642 953 in
1654 928 1777 952 amoe-

1122 976 1270 1012 nissimo
1290 974 1488 1023 palmarum
1504 975 1596 1020 luco,
1623 973 1684 1009 ubi
1702 971 1777 1009 exi-

1122 1045 1231 1080 guum
1253 1032 1385 1067 efficiat
1407 1030 1544 1076 lacum,
1575 1041 1682 1078 quem
1704 1027 1777 1065 Pli-

1122 1088 1201 1125 nius
1221 1087 1240 1123 l.
1254 1087 1274 1123 l.
1298 1090 1461 1134 stagnum
1472 1090 1579 1122 vocat
1591 1084 1661 1134 (ita
1680 1085 1777 1121 enim

1123 1149 1221 1180 recte
1238 1156 1333 1179 nunc
1354 1142 1526 1190 legitur),
1557 1146 1632 1178 tam
1653 1140 1779 1177 diluci-

1125 1200 1210 1236 dum
1245 1203 1286 1235 ut
1318 1199 1365 1234 ad
1392 1199 1543 1234 fundum
1583 1209 1718 1246 usque,
1757 1208 1779 1233 e

1125 1268 1196 1304 quo
1219 1254 1351 1291 multae
1372 1254 1539 1299 bullulae,
1561 1257 1603 1290 ut
1621 1266 1642 1290 e
1660 1252 1780 1290 lebete

1124 1312 1300 1357 ferventi,
1344 1310 1381 1346 in
1420 1310 1534 1347 altum
1573 1308 1780 1360 prosiliunt,

1125 1380 1275 1405 cernere
1306 1366 1424 1403 liceat.
1475 1365 1643 1414 Aquam,
1671 1369 1781 1402 noctu

1127 1425 1332 1461 calidiorem
1376 1435 1484 1472 quam
1527 1423 1613 1469 diu,
1664 1422 1782 1472 prima

1128 1480 1205 1517 luce
1241 1481 1377 1516 fumum
1413 1479 1594 1528 quendam
1626 1479 1782 1515 excitare

1127 1537 1224 1573 idem
1242 1541 1422 1581 testatur,
1461 1536 1513 1572 ita
1537 1541 1577 1572 ut
1596 1536 1678 1572 sons
1697 1534 1782 1571 cali-

1127 1593 1195 1629 dus
1216 1606 1295 1630 esse
1312 1593 1496 1638 videatur,
1526 1592 1625 1628 cuius
1646 1591 1707 1639 qui
1726 1594 1782 1628 est

1126 1649 1297 1685 naturalis
1319 1647 1437 1693 calor,
1482 1648 1544 1683 diu
1566 1647 1712 1695 quidem
1734 1647 1781 1683 ob

1127 1704 1237 1741 solem
1260 1705 1365 1741 nimis
1395 1704 1604 1749 ardentem,
1642 1703 1781 1753 percipi

1127 1765 1296 1810 nequeat.
1349 1761 1441 1797 Cum
1463 1764 1584 1797 autem
1601 1759 1783 1797 Herodoti

1128 1831 1148 1854 e
1175 1818 1292 1854 verbis
1323 1817 1399 1853 iure
1425 1816 1593 1864 colligaS,
1637 1820 1782 1865 praeter

1128 1874 1222 1910 hunc
1243 1872 1336 1909 Solis
1357 1874 1518 1919 fontem,
1549 1872 1595 1909 de
1617 1884 1689 1920 quo
1706 1871 1782 1908 Pli-

1127 1931 1206 1966 nius
1228 1929 1273 1976 V,
1297 1929 1344 1975 5,
1367 1929 1471 1966 aliam
1492 1942 1639 1977 quoque
1658 1929 1695 1965 in
1715 1928 1783 1965 hac

1128 1986 1204 2022 oasi
1252 1998 1333 2022 esse
1381 1998 1535 2034 aquam,
1585 1998 1629 2022 eo
1670 1986 1784 2023 refert

1129 2043 1289 2079 Heeren.
1320 2041 1342 2078 l.
1377 2041 1399 2078 l.
1432 2042 1608 2088 rivulum,
1664 2042 1727 2090 qui
1761 2055 1782 2080 e

1129 2098 1208 2135 lacu
1231 2100 1415 2147 profluens
1436 2103 1471 2136 et
1490 2111 1570 2134 cum
1591 2097 1660 2134 alio
1679 2100 1783 2136 fonte

1130 2167 1173 2192 ex
1193 2155 1319 2192 eadem
1341 2154 1539 2204 palmarum
1561 2154 1661 2204 sylva
1679 2168 1786 2193 exora

1130 2224 1171 2247 so
1203 2212 1412 2247 coniunctus
1441 2211 1488 2247 ad
1514 2212 1627 2261 ipsius
1659 2212 1783 2261 templi

1129 2268 1251 2304 ruinas
1282 2268 1316 2303 in
1343 2267 1510 2316 paludem
1539 2269 1780 2317 demergatur.

1129 2324 1184 2360 Ac
1208 2324 1311 2360 Plinii
1342 2323 1457 2360 locum
1483 2323 1531 2360 H.
1555 2323 1602 2360 N.
1627 2324 1662 2360 in
1690 2324 1780 2360 libro

1130 2381 1287 2417 secundo
1309 2381 1356 2416 ad
1378 2381 1513 2417 fontem
1535 2379 1628 2415 Solis
1656 2380 1782 2416 referri

1128 2448 1237 2486 posse
1255 2441 1367 2484 negat
1388 2437 1531 2473 Marcus
1552 2449 1585 2484 p.
1601 2439 1678 2476 170
1690 2449 1784 2485 seq„

1131 2505 1210 2529 cuin
1229 2493 1258 2528 is
1277 2493 1399 2541 potius
1423 2492 1481 2528 illo
1505 2491 1582 2527 loco
1604 2492 1781 2541 intelliga-

1129 2552 1188 2585 tur
1205 2550 1298 2594 sons,
1320 2549 1379 2596 qui
1393 2548 1438 2583 ad
1454 2548 1544 2583 viam
1563 2561 1583 2583 a
1597 2548 1782 2586 Gadames

1127 2605 1176 2641 ad
1200 2605 1334 2641 Germa
1356 2605 1548 2641 ducentem
1570 2605 1783 2653 reperiatur.

1189 2656 1334 2710 ἀγορῆς
1356 2657 1396 2697 δὲ
1419 2656 1693 2710 πληθυούσης]
1724 2660 1783 2698 Ad

1131 2715 1349 2753 locutionem
1387 2718 1478 2752 conf.
1523 2722 1615 2753 nott.
1653 2718 1700 2754 ad
1735 2716 1782 2764 ll,

1135 2774 1225 2812 173.
1256 2771 1317 2818 ΙΙΙ,
1343 2772 1433 2819 104,
1463 2777 1500 2810 et
1518 2773 1564 2810 ad
1579 2786 1680 2809 usum
1696 2786 1782 2823 par-

1131 2827 1318 2865 ticularum
1354 2843 1392 2867 τε
1422 2852 1477 2856 —
1506 2830 1572 2868 καί
1605 2835 1696 2869 nott.
1736 2829 1784 2867 ad

1131 2884 1200 2931 IV,
1227 2884 1290 2923 53.
