1904 3304
440 240 524 281 500

840 237 1303 278 HERODOTI

282 354 382 398 124
434 347 547 391 Ἐπεὶ
587 340 648 389 ὦν
688 347 713 390 ὁ
752 349 940 401 Δαρεῖος
987 340 1095 401 ἦλθε
1142 346 1187 398 ἐς
1225 347 1307 404 τήν
1354 348 1537 403 ἐρῆμον,
1590 356 1757 392 παν-95

113 420 223 448 Darius
257 419 297 446 ad
327 420 387 445 Oa-

113 463 176 481 ium
211 452 375 480 subsistens

112 492 143 514 et
171 487 295 514 castella
317 487 330 512 i
345 472 388 512 lii

112 521 246 551 faciens,
285 520 387 547 hostes

128 540 283 581 circu-nitu
310 553 372 579 ela-

111 596 146 623 ps
150 596 181 614 os
209 588 322 622 lugisse
350 584 389 611 ad

113 630 197 648 occas
202 629 248 647 um
293 622 376 648 ratus

113 663 149 682 co
168 655 277 689 pergit.

444 418 630 473 σάμενος
677 420 757 460 τοῦ
804 417 992 472 δρόμου,

419 491 631 543 Ξποταμῷ
669 485 820 544 Ὀάρῳ.

416 701 614 754 3ἐρείπια
645 701 738 741 σῶα
766 693 832 753 ἦν.

1059 419 1209 471 ἵδρυσε
1254 418 1332 474 τὴν
1380 419 1583 475 στρατιὴν
1633 420 1703 463 ἐπὶ

896 490 1028 529 τοῦτο
1070 487 1117 531 δὲ
1155 487 1361 543 ποιήσας,
1411 487 1522 533 ὀκτώ
1568 492 1704 545 τείχεα

448 561 594 614 ἐτείχεε
623 556 808 612 μεγάλα,
846 558 945 600 ἴσον
983 555 1060 600 ἄπ’

446 632 569 679 &tous
600 626 657 678 ὡς
696 627 903 683 ἑξήκοντα
934 626 1121 682 μάλιστά
1149 645 1227 684 κη·

1100 556 1295 614 ἀλλήλων
1335 557 1567 615 ἀπέχοντα,
1608 573 1703 603 στα-

1274 633 1363 671 τῶν
1393 630 1454 672 ἔτι
1483 630 1524 680 ἐς
1553 630 1623 685 ἐμὲ
1651 629 1703 673 τὰ

889 696 960 741 Ἐν
990 694 1025 756 ᾦ
1055 699 1101 742 δὲ
1129 694 1258 750 οὗτος
1283 698 1392 753 πρὸς
1421 704 1556 744 ταῦτα
1584 700 1703 754 ἐτρά-

445 787 569 824 πετο,
601 771 643 814 οῑ
674 768 933 826 διωκόμενοι
962 768 1141 814 Σκύθαι
1169 769 1470 826 περιελθόντες
1497 771 1549 814 τὰ
1577 771 1705 814 κατύ-

390 963 551 1013 spicalur
584 973 665 998 esse
693 957 871 1007 Volgam‚
907 956 1047 1007 Lycum

391 1024 429 1057 et
461 1018 603 1068 Syrgz'n
639 1029 683 1054 ea
714 1015 854 1051 Tanais
887 1014 1046 1060 brachia,

391 1075 522 1123 quibus
542 1086 635 1110 nunc
653 1084 786 1109 nomen
808 1069 1048 1118 Meqlweclzvza

391 1134 431 1169 et
456 1130 598 1178 Claeoper.
644 1129 775 1165 Ritter.
794 1127 996 1163 Erdkunde
1015 1126 1047 1161 ll

391 1200 428 1236 p.
450 1186 530 1226 765
560 1198 639 1221 cum
657 1185 799 1231 Bayero
823 1182 960 1218 Oarum
981 1194 1049 1231 pro

400 1242 513 1288 I‘olga
543 1254 570 1277 s.
602 1240 687 1275 Rha
719 1239 850 1283 habet3
896 1238 944 1274 de
976 1250 1048 1286 quo

392 1298 535 1334 dubitat
565 1297 739 1346 Riippen.
767 1293 789 1330 l.
820 1294 841 1330 l.
870 1306 957 1344 pag.
984 1295 1047 1333 18.

389 1352 448 1391 De
474 1352 597 1389 Tanna
615 1351 709 1388 conf.
726 1350 791 1397 lV,
810 1350 876 1391 57.

561 1408 674 1458 Cap.
711 1405 876 1443 CXXlV.

447 1460 704 1514 παυσάμενος
752 1465 825 1502 τοῦ
874 1456 1044 1513 δοὸμου]

393 1523 501 1560 conf.
534 1526 625 1558 nott.
655 1519 704 1558 ad
728 1519 799 1566 IV,
834 1520 926 1560 122.
972 1518 1046 1554 Pro

395 1574 673 1628 παυσάμενος,
710 1575 810 1624 quod
838 1574 960 1625 plures
989 1577 1048 1610 tu-

391 1638 498 1672 entur
516 1634 643 1679 codd.‚
681 1631 766 1668 olim
790 1628 1047 1680 παυσαμένου

393 1691 495 1739 quod
528 1694 564 1727 et
599 1690 719 1739 ipsum
758 1687 922 1724 codicum
957 1698 1049 1735 quo-

391 1747 550 1782 rundam
576 1745 788 1782 auctoritate
814 1743 950 1779 nititur.
998 1740 1051 1778 At

392 1803 466 1839 vid.
493 1802 539 1848 11,
567 1802 654 1841 159.
678 1800 741 1846 lV,
767 1801 859 1845 126,
879 1802 1050 1846 recteque

394 1858 533 1895 monuit
550 1855 699 1893 Dorvill.
730 1855 778 1892 ad
800 1854 940 1892 Charit.
963 1866 1049 1903 pag.

394 1913 497 1961 254,
531 1913 723 1961 legendum
744 1923 825 1947 esse
846 1904 1050 1959 παυσάμε-

394 1984 485 2016 νος-ς
532 1981 605 2017 quo
632 1967 823 2018 participio
857 1978 932 2002 non
967 1978 1049 2003 eum

394 2029 557 2071 tantum,
596 2024 657 2072 qui
686 2036 753 2059 sua
778 2025 897 2073 sponte
916 2026 1050 2068 cessat,

393 2094 517 2119 verum
539 2080 648 2118 etiam
669 2092 774 2126 eum,
813 2079 875 2127 qui
894 2078 937 2114 ab
960 2091 1050 2114 cau-

394 2150 436 2174 sa
484 2140 629 2173 artemia
667 2135 855 2180 inducam,
911 2138 1050 2171 coactus

393 2197 527 2238 cessat,
557 2196 597 2229 ut
615 2193 772 2242 speciem
789 2190 963 2241 patientis
982 2192 1049 2227 ad-

395 2254 525 2295 sumat,
550 2249 746 2297 significari
766 2248 948 2292 observat,
970 2260 1050 2284 ver-

394 2306 433 2343 bi
459 2310 588 2341 natura
618 2305 764 2341 minime
788 2304 874 2341 inde
900 2304 1050 2340 mutata.

451 2356 550 2399 ὀκτώ
575 2360 700 2410 τείχεα
730 2359 865 2409 ἐτείχεε
885 2355 1048 2410 μεγάλα]

395 2416 520 2466 τείχεα
541 2429 638 2453 arces
659 2418 814 2452 munitae
843 2421 949 2462 sunt,
990 2429 1049 2452 ca-

397 2473 511 2510 stella.
549 2473 656 2509 Conf.
675 2472 738 2519 lv,
758 2470 823 2512 46.
862 2472 968 2515 Quae
988 2484 1049 2509 ca-

394 2529 501 2566 stella
522 2541 594 2578 quo
617 2528 695 2564 loco
717 2540 835 2576 quove
856 2528 1005 2564 consilio
1027 2540 1048 2564 a

392 2585 507 2622 Dario
547 2585 679 2621 fuerint
716 2587 914 2631 exstructa,
959 2584 1048 2621 mul-

396 2645 470 2677 tum
500 2641 594 2678 inter
625 2640 720 2676 viros
746 2640 874 2676 doctos
906 2641 1049 2688 quaeri·

396 2700 465 2734 tur.
505 2697 580 2734 Des
601 2697 765 2745 Guignes
783 2694 824 2747 (l.
847 2695 868 2733 l.
891 2709 927 2746 p.
945 2695 1046 2743 547)

395 2752 433 2789 in
464 2753 668 2799 montibus,
717 2752 816 2789 unde
846 2752 882 2788 in
905 2752 1048 2789 Cauca-

396 2821 475 2845 sum
496 2809 750 2858 interiorisque
770 2807 881 2844 Asiae
900 2820 1047 2857 campos

395 2864 516 2901 aditus
541 2869 687 2916 pateat,
727 2865 763 2901 in
787 2869 885 2903 terra
905 2863 1048 2901 Circas-

1106 958 1261 1004 siorum,
1291 956 1459 1001 aliorum,
1497 955 1587 995 haec
1610 955 1760 994 castella

1105 1018 1287 1052 exstructa
1317 1027 1397 1051 esse
1426 1017 1554 1064 putat,
1592 1025 1665 1062 quo
1694 1013 1762 1050 mi-

1105 1083 1174 1106 nus
1187 1069 1251 1118 Sc)
1261 1070 1345 1107 thae
1368 1071 1404 1107 in
1424 1070 1532 1106 Asiae
1554 1069 1758 1119 provincias

1106 1125 1228 1162 Persis
1264 1126 1429 1162 subditas
1463 1126 1643 1162 incurrere
1673 1137 1759 1175 pos-

1105 1186 1200 1218 sent.
1231 1181 1346 1218 Simili
1365 1181 1510 1218 consilio
1529 1186 1678 1231 postera
1695 1193 1759 1217 ae-

1105 1240 1182 1274 tate
1209 1236 1341 1274 similes
1364 1242 1563 1274 exstructas
1585 1236 1655 1273 illic
1677 1248 1758 1273 esse

1105 1304 1220 1340 arces,
1238 1293 1284 1329 ab
1303 1293 1400 1330 hisce
1419 1293 1511 1330 'uene
1531 1293 1758 1341 distinguen-

1104 1349 1182 1385 das.
1212 1348 1309 1385 Add.
1330 1348 1483 1386 Danvill.
1504 1348 1590 1386 ibid.
1614 1362 1650 1399 p.
1664 1347 1759 1388 587.

1104 1404 1283 1442 Rennelio
1303 1410 1448 1442 auctore
1467 1419 1503 1455 p.
1524 1402 1606 1446 420
1625 1404 1757 1442 Darius

1104 1461 1280 1498 orientem
1299 1474 1423 1498 versus
1451 1462 1499 1498 ad
1518 1472 1599 1498 eam
1617 1459 1759 1509 Volgae

1103 1521 1245 1567 partem
1289 1530 1404 1566 usque
1449 1517 1638 1568 pervenit,
1686 1517 1759 1566 qua

1104 1574 1198 1610 circa
1213 1573 1397 1621 regionem
1409 1573 1571 1609 Zaritzin
1591 1573 1760 1609 occiden-

1104 1633 1178 1666 tem
1225 1642 1349 1666 versus
1389 1629 1537 1666 multum
1577 1634 1757 1675 curvatur,

1104 1696 1220 1735 prope
1241 1686 1405 1722 Saratow
1428 1686 1496 1722 sub
1517 1686 1636 1733 gradu
1654 1686 1760 1734 quin-

1105 1742 1317 1789 quagesimo
1336 1742 1453 1791 primo
1476 1741 1673 1777 latitudinis
1696 1741 1760 1777 bo-

1104 1797 1225 1834 realis.
1283 1798 1366 1840 Quo
1398 1810 1514 1846 usque
1543 1808 1760 1846 progressus

1105 1865 1192 1900 rex,
1221 1852 1333 1890 veloci
1353 1853 1492 1902 Volgae
1511 1865 1615 1889 cursu
1635 1853 1683 1889 ad
1702 1865 1761 1890 re-

1106 1909 1223 1946 ditum
1250 1909 1317 1945 suit
1344 1916 1510 1956 coactus,
1551 1909 1580 1945 si
1607 1909 1757 1946 Renne-

1103 1963 1190 2001 lium
1203 1966 1338 2003 audias,
1368 1965 1585 2002 Dahlmann.
1598 1965 1759 2012 (Herod.

1105 2034 1143 2071 p.
1162 2022 1256 2069 161)
1287 2022 1333 2059 de
1360 2021 1444 2071 ipsis
1469 2022 1632 2069 arcibus,
1670 2033 1761 2070 qua-

1104 2090 1183 2113 rum
1214 2076 1385 2126 reliquias
1405 2078 1615 2114 Herodotus
1639 2090 1679 2115 se
1707 2077 1760 2113 vi-

1106 2133 1203 2171 disse
1222 2137 1387 2179 testatur,
1415 2138 1457 2170 ut
1474 2133 1629 2170 dubitari
1648 2145 1758 2183 posse

1105 2194 1242 2238 negat,
1280 2190 1331 2226 ita
1353 2190 1419 2227 hoc
1438 2190 1560 2240 potius
1579 2201 1759 2239 quaeren-

1105 2246 1192 2283 dum
1218 2246 1418 2292 existimat,
1456 2251 1573 2283 utrum
1597 2258 1618 2282 a
1643 2245 1756 2282 Dario

1105 2301 1185 2340 illae
1219 2302 1352 2339 suerint
1387 2306 1609 2347 exstructae,
1649 2314 1758 2351 prae-

1105 2359 1227 2396 sertim
1274 2371 1355 2395 cum
1392 2357 1540 2406 intelligi
1585 2361 1758 2409 nequeat,

1104 2428 1178 2464 quo
1227 2414 1374 2451 consilio
1413 2418 1449 2451 et
1485 2426 1678 2462 quemnam
1720 2414 1757 2449 in

1106 2471 1214 2508 finem
1231 2470 1503 2507 commodumve
1522 2470 1610 2506 haec
1628 2469 1758 2507 castel·

1106 2526 1141 2564 la
1162 2527 1249 2575 erigi
1270 2539 1331 2563 rex
1352 2526 1514 2564 voluerit,

1158 2578 1198 2620 ’E
1211 2597 1232 2620 ν
1253 2583 1282 2620 ὡ
1306 2581 1346 2620 ὁὲ
1364 2575 1539 2627 οὗτος-
1553 2576 1752 2632 ἕτραπετο]

1103 2639 1146 2675 In
1173 2650 1243 2675 una
1280 2639 1452 2688 temporis
1490 2639 1546 2674 si
1523 2639 1681 2686 gnificati
1685 2650 1755 2675 one

1104 2695 1210 2741 (nos:
1248 2693 1433 2763 τιιῖἶΙιΓθιιιΙ)
1462 2695 1559 2744 apud
1586 2694 1755 2731 Herodo-

1103 2755 1176 2787 tum
1209 2750 1278 2786 dici
1317 2749 1359 2789 ἐν
1395 2751 1424 2788 (ὁ
1455 2763 1574 2800 neque
1612 2749 1654 2789 ἐν
1688 2751 1754 2802 τῶ,

1102 2806 1220 2843 multis
1246 2807 1416 2856 exemplis
1444 2808 1600 2856 probare
1619 2806 1755 2843 studuit

1101 2862 1233 2901 Struve
1252 2863 1320 2914 lp.
1343 2864 1410 2905 39.
1431 2884 1488 2889 ——
1518 2863 1559 2900 In
1585 2875 1688 2912 seqq.
1706 2860 1755 2898 ad
