1904 3304
545 238 1235 279 MELPOMENE.1V.

227 359 248 393 7
257 349 442 404 ἁπολαχό
449 365 553 400 ντες.

1436 242 1520 283 525

621 350 1007 403 Λακεδαιμονίοισι
1064 348 1110 391 δὲ
1166 347 1265 391 ἕαδε
1317 348 1520 393 δέκεσθαι

255 423 358 473 τούς
394 420 567 471 Μινύας
606 419 678 463 ἐπ’
711 418 796 463 οἷσι
825 421 1008 463 θέλουσι
1040 417 1191 461 αὐτοί·

1251 419 1436 474 μάλιστα
1474 421 1520 463 δὲ

252 493 374 548 ἐνῆγέ
417 505 552 547 σφεας
590 490 697 535 ὥστε
728 490 892 534 ποιέειν
921 494 1058 532 ταῦτα
1090 493 1178 532 τῶν
1213 490 1576 544 Τυνδαριδέων15

267 563 278 576 Γ
484 566 492 579 Ι
565 564 575 577 ⁸)
683 566 700 574 -e
740 562 749 576 ἲ
868 566 885 573 av

252 582 279 618 η
321 569 520 620 ναυτιλιη
559 581 606 607 εν
646 581 698 619 τῃ
742 568 892 617 Αργοι.

954 560 1176 616 δεξάμενοι
1219 560 1263 603 δὲ
1302 563 1404 612 τοὺς
1436 566 1520 605 Μι-

253 631 385 683 νύας,
422 638 500 689 γῆς
530 651 573 679 τε
603 635 861 691 μετέδοσαν,
902 632 975 676 καὶ
1004 631 1046 684 ἐς
1077 632 1219 688 φυλὰς
1250 632 1518 676 διεδάσαντο.

200 841 258 880 Ad
289 844 401 880 verba
435 838 503 882 ἐπ’
531 838 611 883 οἷσι
637 846 732 882 conf.
764 847 857 882 nott.

201 900 250 936 ad
279 900 313 946 1,
350 901 438 940 141.

258 958 332 1007 γῆς
360 971 399 994 τε
432 954 668 1006 μετέδοσαν,
716 955 783 994 καὶ
819 954 860 1002 ἐς

202 1009 333 1060 φυλὰς
350 1009 597 1063 διεδάσαντο]
637 1013 751 1050 Aliam
775 1026 859 1049 cau-

201 1081 302 1113 sam,
333 1082 394 1105 cur
415 1070 575 1106 advenas
602 1070 756 1106 civitatis
781 1071 859 1106 iure

201 1125 393 1170 donarint,
445 1126 605 1162 afferunt
643 1126 858 1162 Plutarchus

201 1194 242 1218 ac
264 1181 466 1230 Polyaenus
490 1182 510 1218 l.
534 1182 554 1218 l.
573 1211 582 1225 ,
615 1183 674 1230 qui
697 1182 860 1230 Tyrrhe·

201 1250 326 1274 norum
349 1251 375 1273 s.
398 1238 636 1286 Pelasgorum
660 1239 777 1283 filios,
814 1238 859 1274 ab

202 1292 485 1330 Atheniensibus
552 1294 675 1343 pulsos
741 1294 860 1330 Imbro

202 1348 431 1398 Lemnoque,
450 1351 658 1387 Taenarum
677 1351 859 1400 appulisse

203 1407 352 1442 tradunt
392 1420 433 1443 ac
467 1408 656 1456 Spartanis
691 1409 727 1443 in
765 1407 859 1443 bello

205 1475 284 1498 cum
311 1462 455 1499 Helotis
483 1475 589 1512 opem
614 1463 737 1500 tulisse
759 1476 859 1500 eam-

204 1531 276 1566 que
304 1519 350 1554 ob
372 1531 515 1555 causam
538 1520 684 1555 civitate
714 1532 756 1555 ac
784 1533 861 1555 ma-

200 1574 369 1610 trimonio
407 1575 575 1623 dignatos
615 1588 705 1611 esse.
766 1576 859 1612 Cum

201 1642 288 1666 vero
314 1643 434 1678 neque
458 1631 506 1666 ad
534 1632 769 1679 magistratus
796 1645 861 1669 ne—

204 1699 275 1735 que
306 1687 343 1722 in
371 1693 536 1724 senatum
566 1688 859 1735 admitterentur,

203 1743 241 1779 in
273 1743 515 1792 suspicionem
541 1757 604 1780 eos
630 1745 773 1782 venisse
799 1758 859 1781 re-

202 1811 282 1835 rum
309 1811 483 1836 novarum
512 1800 671 1848 indeque
695 1814 861 1850 compre-

204 1854 338 1891 hensos
371 1868 392 1892 a
413 1855 714 1894 Lacedaemoniis
736 1859 861 1894 vincu-

203 1910 245 1947 lis
277 1916 388 1959 atque
417 1913 581 1949 custodia
609 1917 773 1950 retentos
805 1914 861 1950 su-

204 1967 286 2003 isse.
345 1967 427 2010 Qua
446 1969 492 2005 de
511 1981 549 2005 re
569 1969 697 2006 eadem
717 1971 766 2006 sic
787 1970 860 2006 Va-

204 2022 313 2060 lerius
325 2022 503 2060 Maximus
518 2024 538 2061 l.
551 2024 573 2061 l.
605 2026 736 2071 „Quos
748 2027 861 2074 Spar-

205 2083 290 2115 tana
326 2080 452 2116 civitas
486 2087 655 2129 respectu
680 2082 863 2129 Tyndari—

206 2135 397 2171 ‹larum—
410 2136 584 2173 deductos
601 2138 685 2173 inde
707 2138 747 2184 (e
762 2138 863 2185 Tay-

205 2190 310 2240 geto)
336 2191 475 2240 legibus
499 2193 770 2242 commodisque
787 2194 861 2230 suis

205 2248 418 2294 immiscuit3
457 2250 522 2286 sed
545 2249 615 2285 hoe
631 2253 770 2286 tantum
794 2250 861 2287 be-

203 2304 370 2341 neficium
391 2305 426 2341 in
450 2305 615 2341 iniuriam
636 2306 731 2343 bene
755 2307 862 2343 meri-

204 2363 268 2398 tae
304 2361 400 2397 urbis
438 2374 591 2410 regnum
632 2362 860 2410 affectantes,

204 2418 450 2463 verterunt;“
498 2430 593 2466 quae
614 2419 694 2467 ipsa
718 2432 761 2455 ex
780 2419 862 2456 He-

204 2473 364 2509 rodoteis
379 2487 548 2524 expressa
566 2474 761 2511 arbitratur
775 2474 862 2510 Val-

206 2528 439 2576 ckenaerius,
478 2531 532 2567 cui
564 2542 585 2566 a
611 2530 802 2567 Plutarcho
826 2535 862 2568 et

206 2583 390 2631 Polyaeno
413 2586 519 2623 allata
544 2587 636 2624 ratio
666 2587 783 2635 magis
809 2587 862 2622 vi-

206 2639 313 2676 detur
352 2642 556 2690 probabilis.
615 2643 707 2680 Cum
739 2647 862 2680 autem

206 2695 252 2731 illi
279 2708 342 2744 per
369 2699 480 2734 tribus
501 2699 687 2735 distributi
706 2712 784 2737 esse
803 2701 860 2736 di-

207 2758 354 2799 cantur,
383 2753 451 2790 hoc
472 2754 515 2791 C.
536 2756 582 2792 O.
600 2756 773 2793 Miillerus
788 2756 860 2793 Or-

206 2807 370 2845 chomen.
394 2821 478 2858 pag.
497 2812 576 2851 313
599 2825 701 2861 seqq.
720 2813 766 2849 de
786 2817 861 2849 ter-

205 2864 261 2900 nis
298 2865 375 2901 istis
413 2865 554 2904 Dorum
596 2868 859 2918 Spartanorum

915 843 1079 880 tribubus
1120 843 1273 892 intelligi
1309 857 1419 895 posse
1461 848 1575 894 negat

915 913 993 936 cum
1017 899 1147 936 nullum
1175 913 1333 948 unquam
1356 902 1502 939 omnino
1519 903 1574 937 in-

915 960 971 992 ter
1007 956 1209 1005 Spartanos
1259 962 1371 1006 atque
1414 958 1575 994 advenas

916 1013 1085 1048 connubii
1111 1012 1166 1047 ius
1187 1013 1305 1049 fuerit.
1364 1013 1456 1050 Tres
1479 1015 1575 1051 enim

916 1068 994 1104 illas
1016 1069 1051 1103 in
1073 1068 1208 1114 tribus,
1239 1069 1373 1118 quibus
1398 1070 1576 1118 antiquis-

917 1125 1007 1161 simo
1028 1125 1113 1161 inde
1134 1137 1176 1161 ex
1197 1137 1287 1162 aevo
1309 1126 1575 1174 Spartanorum

917 1182 1080 1217 constitit
1094 1181 1297 1229 respublica
1327 1183 1441 1229 (conf.
1465 1183 1577 1219 citata

917 1238 963 1273 ab
989 1238 1032 1274 C.
1056 1237 1099 1273 F.
1126 1237 1326 1274 Hermann.
1359 1239 1395 1274 in
1424 1239 1575 1276 Handb.

917 1294 984 1330 der
1011 1292 1142 1330 hellen.
1166 1294 1437 1330 Staatsalterth.
1458 1293 1494 1344 ὃ.
1521 1298 1574 1336 20

916 1354 990 1386 not.
1010 1351 1076 1395 3),
1107 1350 1285 1386 neminem
1306 1351 1418 1400 recipi
1438 1351 1577 1400 potuis-

918 1419 957 1442 se
985 1406 1215 1455 pronuntiat,
1255 1407 1323 1442 nisi
1355 1407 1417 1455 qui
1448 1420 1574 1444 revera

916 1462 1050 1499 Dorica
1070 1462 1181 1512 stirpe
1202 1475 1240 1499 se
1260 1464 1449 1500 oriundum
1470 1464 1577 1513 plane

917 1519 1130 1568 probasset,
1175 1518 1454 1568 Minyarumque
1491 1521 1576 1556 stir-

916 1587 1001 1623 pem
1037 1574 1208 1611 Doricam
1246 1576 1576 1625 cognationemque

917 1643 997 1667 cum
1027 1630 1220 1679 Spartanis
1250 1631 1428 1677 Doribus,
1466 1644 1576 1681 quam

916 1686 1128 1724 Herodotus
1147 1687 1330 1736 proferat,
1361 1700 1441 1725 eam
1461 1689 1576 1726 multo

916 1747 1002 1793 post
1024 1743 1143 1779 fictam
1174 1744 1286 1780 fuisse
1309 1744 1422 1781 videri
1451 1745 1496 1781 ab
1521 1745 1574 1781 his

916 1800 1001 1849 ipsis
1014 1828 1026 1845 ,
1056 1804 1096 1835 ut
1119 1799 1306 1848 probabile
1324 1801 1492 1837 videatur
1504 1801 1578 1837 Mi-

916 1868 1067 1904 nyarum
1086 1857 1256 1905 posteris.
1297 1856 1405 1900 Quae
1428 1870 1507 1894 cum
1526 1859 1576 1894 ita

917 1913 1008 1958 sint,
1055 1925 1121 1962 per
1155 1913 1411 1950 Perioecorum
1449 1914 1574 1963 potius

917 1969 1031 2005 tribus
1052 1973 1162 2016 atque
1180 1968 1365 2005 Laconum
1383 1970 1575 2018 indigena·

917 2037 995 2061 rum
1016 2024 1162 2073 Minyas
1189 2025 1400 2061 distributos
1420 2038 1500 2063 esse
1517 2038 1577 2063 ar-

917 2081 1094 2128 bitratur,
1123 2081 1212 2127 nisi,
1243 2082 1282 2117 id
1302 2083 1401 2129 quod
1424 2082 1478 2118 vel
1499 2095 1577 2119 ma·

920 2137 976 2184 gis
995 2137 1043 2173 ad
1063 2149 1184 2173 verum
1207 2136 1255 2173 illi
1276 2139 1450 2175 accedere
1474 2139 1577 2175 vide-

918 2198 998 2239 tur,
1036 2193 1140 2229 sedes
1171 2206 1317 2242 prorsus
1348 2195 1527 2231 seiunctas
1554 2206 1576 2230 a

919 2248 1066 2297 reliquis
1091 2249 1275 2286 Laconiae
1291 2250 1413 2286 incolis
1427 2251 1463 2286 in
1476 2250 1575 2287 Tae-

919 2306 997 2342 nari
1028 2307 1279 2355 promontorio
1314 2310 1425 2355 atque
1458 2307 1575 2343 insula

920 2362 1076 2408 Cranae,
1096 2374 1169 2397 non
1179 2362 1283 2399 valde
1296 2368 1432 2400 remota
1446 2363 1574 2413 (quip-

918 2430 966 2468 pe
986 2430 1079 2466 quae
1096 2419 1175 2455 loca
1197 2417 1351 2468 Minyis,
1382 2432 1476 2468 quae
1495 2421 1575 2457 fue-

918 2474 964 2510 rit
982 2487 1072 2522 gens
1089 2474 1195 2512 rebus
1220 2475 1406 2512 navalibus
1436 2476 1574 2521 dedita,

918 2532 1071 2568 maxime
1121 2531 1334 2569 convenisse
1386 2536 1575 2569 consenta-

918 2586 1066 2637 neum),
1108 2591 1221 2636 atque
1256 2588 1363 2624 etiam
1392 2588 1429 2624 in
1461 2589 1575 2636 Amy-

919 2642 1018 2681 claea
1055 2644 1193 2682 ditione
1234 2644 1330 2682 inter
1367 2644 1432 2680 hos
1474 2645 1573 2693 ipsos

918 2699 1084 2737 Achaeos
1104 2701 1318 2745 Perioecos‚
1359 2713 1512 2749 quorum
1537 2700 1573 2735 in

916 2757 1030 2793 tribus
1059 2757 1194 2793 fuerint
1223 2758 1378 2806 recepti,
1422 2768 1573 2805 accepe-

916 2814 998 2850 rint.
1049 2813 1190 2856 Quibus
1223 2825 1295 2861 quo
1327 2813 1443 2848 minus
1472 2824 1573 2848 acce-

918 2870 1025 2917 dam,
1065 2869 1211 2906 obstant
1250 2870 1329 2919 ipsa
1358 2869 1476 2906 Patris
1504 2867 1572 2903 Hi-
