1904 3304
127 1160 196 1187 Asia
213 1160 251 1187 flo
236 1168 352 1187 orenso

125 1195 162 1221 bu
147 1202 197 1221 us:
236 1193 305 1220 Dari
310 1202 342 1220 us
356 1169 398 1222 pa.

123 1228 174 1254 514
194 1226 251 1262 Scy
256 1227 321 1254 thas

178 1302 223 1321 nm
241 1297 290 1321 ten
274 1303 345 1321 nuer
350 1303 385 1321 ιιι
380 1300 401 1322 ιι

124 1327 162 1354 ab
181 1335 209 1354 a.
219 1328 269 1354 62⁴
279 1327 317 1354 ad
331 1329 399 1355 596·

125 1360 319 1388 redeuntibus

141 1394 271 1430 patriam
306 1395 369 1422 obsi

141 1430 225 1455 stunt
257 1436 341 1455 arma
324 1430 379 1462 ai‚t

819 714 1370 773 HPOAOTOY

577 830 1067 878 ΙΣΤΟΡΙΩΝ

1142 829 1605 878 ΤΕΤΑΡΤΗ.

854 990 1331 1032 ΜΕΛΠΟΜΕΝΗ.

356 1098 391 1196 p1i
455 1077 659 1136 ΜΕΤΑ
681 1093 726 1137 δὲ
742 1093 823 1150 τὴν
845 1098 1110 1150 Βαβυλῶνος
1132 1094 1298 1149 αἵρεσιν
1328 1092 1497 1149 ἐγένετο
1525 1091 1592 1135 ἐπὶ
1611 1090 1728 1134 Σκύ-

355 1228 398 1254 ul-

370 1370 401 1388 ln

388 1170 548 1216 ’Ξθας
571 1164 708 1208 αὐτοῦ
724 1167 917 1220 Δαρείου
940 1166 1094 1217 ἔλασις
1128 1163 1361 1221 Ἀνθεύσης
1383 1164 1466 1220 γὰρ
1489 1167 1566 1220 τῆς
1589 1162 1729 1220 Ἀσίης

123 1264 155 1288 tu
159 1260 242 1288 mn·
269 1262 324 1295 Scy
329 1260 400 1288 ηπ
458 1233 668 1290 ἀνδράσι,
713 1237 787 1279 καὶ
825 1235 1057 1293 χρημάτων
1087 1235 1286 1293 μεγάλων
1322 1235 1588 1287 συνιόντων,
1629 1234 1720 1278 ἐπε·
1737 1241 1756 1274 5

456 1306 627 1363 θύμησε
668 1305 692 1350 ὁ
729 1313 919 1362 Δαρεῖος
963 1309 1170 1352 τίσασθαι
1207 1305 1422 1358 Σκύθας,
1468 1305 1535 1350 ὅτι
1574 1307 1730 1351 ἐκεῖνοι

458 1377 683 1432 πρότεροι,
726 1377 982 1434 ἐσβαλόντες
1012 1379 1053 1430 ἐς
1081 1379 1160 1435 τὴν
1191 1377 1397 1435 Μηδικὴν
1427 1378 1500 1421 καὶ
1527 1395 1570 1422 va
1573 1378 1731 1436 κήσαν-

124 1449 400 1523 fflssgssfflfflgoeflgvhss
428 1456 529 1501 3τες
557 1467 671 1506 μαχῃ
700 1449 802 1501 τοὺς
833 1449 1164 1507 αντιουμένους,
1193 1448 1393 1536 ὑπῆρξαν
1422 1447 1602 1507 ἀδικίης.
1645 1454 1732 1507 Τῆς

124 1532 315 1564 pepererant.

457 1537 541 1576 γαρ
572 1519 663 1564 ἅνω
690 1519 832 1577 Ἀσίης
860 1523 1016 1576 ἦρξαν,
1056 1521 1116 1573 ὠς
1153 1522 1226 1566 καὶ
1254 1519 1471 1576 πρότερόν
1503 1539 1579 1579 μοι
1610 1523 1733 1577 ειρη-
1748 1528 1789 1561 10

427 1595 554 1643 4ται,
584 1589 764 1635 Σκύθαι
794 1591 889 1635 ἔτεα
919 1594 1039 1636 δυῶν
1072 1593 1229 1637 δέοντα
1258 1591 1507 1648 τριήκοντα.

649 1766 759 1816 Cap.
789 1766 817 1804 Ι.

484 1816 624 1861 Αὐτοῦ
678 1822 851 1875 Δαρείου
912 1822 1064 1873 ἔλασις]

403 1878 752 1927 Schweighaeuser„
778 1893 887 1929 quem
907 1893 1068 1930 sequun-

402 1940 461 1972 tur
481 1936 598 1972 Gaisf.
628 1939 666 1973 et
683 1934 875 1981 Matthiae,
906 1950 974 1987 pro
994 1932 1066 1975 αύ-

402 1993 475 2031 τοῦ
493 1992 541 2029 de
561 2004 626 2028 suo
648 1992 794 2042 scripsit
817 1986 870 2031 αὖ
889 1995 975 2041 τοῦ,
1005 2007 1067 2030 co-

402 2048 544 2085 dicibus
563 2048 840 2097 refragantibus.
881 2049 1065 2099 Equidem

402 2105 451 2142 ad
486 2103 670 2153 vulgatam
714 2104 908 2143 lectionem
946 2107 1065 2144 redire

401 2160 530 2207 malui,
561 2174 640 2198 cum
664 2162 736 2210 ipse
759 2161 889 2199 Darius
913 2163 1066 2213 expedi-

402 2217 539 2254 tionem
568 2218 773 2268 suscepisse
803 2231 866 2255 cur
895 2219 965 2256 dici
997 2232 1064 2257 ne-

404 2277 539 2322 queat,
569 2272 667 2310 haud
689 2274 898 2324 intelligam.
928 2275 979 2312 Et
999 2289 1065 2325 pa-

403 2329 604 2365 troeinatur
642 2329 789 2367 lectioni
833 2326 959 2369 αὕτοῦ
990 2331 1066 2369 Le-

403 2389 536 2421 tronne
555 2385 590 2420 in
604 2385 731 2422 Journ.
751 2387 784 2423 d.
800 2388 942 2423 Savans
956 2389 1064 2428 1817

403 2453 489 2491 pag.
517 2442 594 2486 92,
635 2442 694 2478 ubi
722 2442 810 2479 haec
836 2443 980 2480 addidit
1012 2445 1065 2480 vir

405 2496 657 2533 doctissimus:
689 2499 776 2544 „On
789 2499 907 2535 auroit
926 2501 946 2535 a
964 2499 1065 2538 s‘ex-

405 2565 506 2590 ercet
525 2565 587 2589 sur
611 2552 789 2603 plusieurs
809 2555 994 2592 centaines
1016 2557 1064 2594 de

404 2620 595 2659 passages,
626 2609 654 2644 s’
674 2609 697 2646 il
718 2610 828 2647 sallait
847 2612 1007 2660 corriger
1030 2612 1063 2651 le

405 2668 506 2703 texte
526 2665 572 2702 de
593 2669 651 2702 eet
671 2665 847 2704 historien
868 2671 990 2705 toutes
1010 2668 1061 2706 les

405 2721 488 2767 sois,
522 2720 583 2770 qu'
603 2721 626 2758 il
646 2722 800 2772 emplaie
821 2718 940 2769 αὐτός
960 2725 1008 2761 de
1028 2724 1062 2761 la

406 2778 522 2814 meme
540 2778 712 2824 mamere,
743 2792 808 2830 par
823 2792 893 2817 une
904 2786 1002 2817 sorte
1015 2781 1062 2818 de

405 2833 695 2881 surabondanee,
726 2836 797 2872 soit
813 2848 905 2886 pour
925 2848 1061 2886 rappe-

404 2889 457 2927 ler
473 2889 681 2928 l'attention
698 2904 760 2929 sur
779 2904 849 2930 une
861 2904 1079 2943 personna--

1569 1595 1727 1648 Κιμμε-

1124 1780 1185 1817 ge,
1208 1767 1299 1805 dont
1318 1767 1341 1804 il
1362 1768 1463 1804 vient
1487 1767 1534 1804 de
1555 1766 1689 1818 parler,
1715 1767 1787 1804 soit

1124 1837 1217 1874 pour
1235 1825 1379 1873 ajouter
1391 1837 1461 1861 une
1473 1836 1612 1861 nuance
1626 1823 1672 1860 de
1691 1822 1784 1873 plus,

1125 1893 1265 1918 comme
1291 1881 1383 1918 dans
1402 1880 1435 1918 la
1454 1879 1586 1930 phrase
1609 1880 1669 1929 qui
1693 1892 1784 1916 nous

1125 1938 1312 1987 occupe.“
1346 1958 1401 1964 ——
1438 1937 1601 1974 Verbum
1626 1931 1787 1975 οἷντιοῦ-

1125 1997 1221 2032 σθαι
1235 1994 1369 2030 obviam
1379 1995 1442 2042 ire,
1458 2005 1648 2041 occurrere,
1661 1991 1783 2030 hostili

1123 2050 1339 2100 plerumque
1370 2063 1503 2096 sensu,
1543 2048 1684 2088 Nostro
1711 2049 1786 2086 fre-

1123 2119 1252 2156 quens.
1303 2106 1361 2144 De
1387 2119 1462 2156 quo
1489 2106 1560 2144 vid.
1580 2104 1780 2155 Schweigh.

1122 2162 1243 2201 Lexic
1264 2163 1409 2200 Herod.
1428 2177 1457 2201 s.
1475 2175 1508 2200 v.
1606 2180 1608 2185 ,

1178 2217 1364 2270 υπῆρξαν
1394 2214 1568 2269 ἀδικίης]
1613 2218 1636 2255 ἱ.
1666 2230 1698 2255 e.
1725 2230 1783 2254 ιη-

1121 2277 1225 2313 itium
1249 2275 1367 2325 fecere
1395 2277 1630 2321 iniuriarum,
1674 2276 1786 2323 primi

1121 2334 1278 2369 ini'ureas
1302 2332 1512 2369 intulerunt.
1544 2331 1643 2368 Citat
1664 2330 1781 2368 locum

1121 2389 1254 2426 Suidas
1278 2401 1308 2426 s.
1327 2401 1359 2424 v.
1384 2388 1430 2424 111
1455 2401 1491 2437 p.
1510 2387 1604 2428 550.
1647 2386 1705 2424 De
1728 2386 1782 2423 lo-

1123 2446 1270 2481 cutione
1290 2445 1384 2481 conf.
1403 2443 1576 2480 Yalcken.
1605 2443 1654 2480 ad
1672 2443 1781 2480 Euri-

1121 2501 1196 2552 pid.
1227 2500 1415 2537 phoeniss,
1444 2514 1480 2550 p.
1508 2499 1588 2540 533
1621 2505 1660 2537 et
1688 2500 1782 2536 infra

1122 2557 1261 2594 Herod.
1293 2556 1363 2603 lV,
1402 2558 1502 2603 119,
1535 2556 1658 2605 ibique
1689 2561 1781 2593 nott.

1121 2613 1244 2662 Ipsum
1267 2613 1415 2649 verbum
1439 2611 1624 2663 υπηρξαν
1645 2613 1780 2650 Suidas

1121 2669 1270 2719 exponit
1291 2664 1628 2737 προκατηρξαντο.

1177 2739 1230 2770 ως
1242 2739 1307 2762 και
1324 2722 1518 2774 πρότερόν
1531 2740 1598 2776 μοι
1613 2724 1776 2775 εἴρηται]

1120 2781 1250 2818 Vides
1235 2794 1343 2831 supra
1369 2782 1395 2829 l,
1421 2783 1508 2822 103
1538 2780 1630 2828 105,
1657 2782 1780 2830 ibique

1119 2842 1209 2873 nott.
1268 2838 1356 2874 Mox
1389 2838 1514 2888 scripsi
1561 2838 1670 2876 δυῶν
1711 2850 1778 2888 pro

1119 2893 1250 2946 δυῷνς
1290 2894 1336 2931 de
1368 2907 1440 2944 quo
1462 2895 1532 2931 vid.
1563 2898 1658 2931 nott.
1681 2894 1728 2931 ad
1751 2893 1778 2940 l,

1793 1106 1875 1146 280
