1904 3304
493 229 1060 271 MELPOMENE.
1118 232 1181 272 IV.

177 344 285 386 Ξᾶτε
313 343 388 394 τῆς
416 339 558 396 χώρης
598 340 750 396 ἐούσης
779 340 957 395 χέρσου·
1011 340 1103 384 ἐπεί
1139 356 1183 384 τε
1223 341 1269 384 δὲ
1302 341 1346 393 ἐς
1385 342 1466 398 τὴν
1522 342 1700 373 ⁶⁸V⁰⁰³¹¹¹¹t=
1745 355 1797 381 1¹⁸¹

204 417 291 456 τῶν
318 414 548 453 Βουδίνων
576 411 721 467 χώρην
750 411 978 466 ἐσέβαλον,
1021 411 1213 455 ἐνθαῦτα
1251 411 1303 468 δὴ
1343 412 1464 456 ε’ντυ-

1381 237 1465 277 499

1522 384 1588 404 eam
1622 379 1661 404 lv

1520 412 1799 447 turc'1'1135s21g‹·tis

1522 443 1662 480 flumina,
1692 455 1798 474 exone-

1542 480 1640 505 tantia
1671 489 1702 505 sc
1728 489 1761 514 με

202 483 350 539 χόντες
380 486 438 539 τῷ
469 483 625 537 ξυλίνῳ
656 484 803 536 τείχεϊ,
841 481 1155 525 ἐκλελοιπότων
1185 486 1274 525 τῶν
1306 486 1465 528 Βουδί-
1504 509 1537 536 Μ

202 569 308 606 νων,
341 554 414 595 καὶ
443 554 741 608 κεκενωμένου
771 557 852 596 τοῦ
882 555 1039 607 τείχεος
1062 553 1261 604 πάντων,
1289 554 1466 612 ἐνέπρη-

172 631 289 668 3σαν
320 623 439 667 αὐτό.
497 629 629 667 τοῦτο
673 626 718 668 δὲ
759 623 1038 679 ποιήσαντες,
1084 626 1259 667 εἵποντο
1300 628 1383 669 αἰεὶ
1420 613 1546 671 τό8ξ)8

200 695 351 750 πρόσω
382 695 490 738 κατὰ
523 699 694 751 στίβον
742 696 785 746 ἐς
817 694 843 737 ὃ
877 693 1164 746 διεξελθόντες
1193 696 1381 752 ταύτην,
1423 698 1467 750 ἐς

173 767 288 823 4τήν
324 767 486 823 ἐρῆμον
520 766 742 810 ἀπίκοντο.

800 765 827 822 ἡ
861 766 906 808 δὲ
940 765 1100 821 ε’ρῆμος
1131 765 1239 822 αὕτη
1269 765 1357 811 ὑπὸ
1395 767 1469 813 οὐ-

203 841 354 894 δαμῶν
374 839 545 892 νέμεται
565 836 753 891 ἀνδρῶν,
779 836 918 879 κέεται
943 836 989 878 δὲ
1013 834 1122 888 ὑπὲρ
1144 840 1219 891 τῆς
1238 841 1469 884 Βουδίνων

174 910 369 965 5χώρης,
402 910 538 951 ἐοῦσα
567 912 739 964 πλῆθος
769 907 874 950 ἑπτά
904 906 1098 961 ἡμερέων
1121 905 1242 949 ὁδοῦ.
1283 908 1397 964 ὑπὲρ
1421 912 1467 954 δὲ

202 984 277 1036 τῆς
293 979 458 1036 ἐρήμου
473 979 741 1034 Θυσσαγέται
762 977 965 1020 οἰκέουσι·
989 979 1174 1033 ποταμοὶ
1193 979 1239 1021 δὲ
1260 979 1302 1031 ἐξ
1321 980 1468 1024 αὐτῶν
1479 989 1525 1024 90

201 1051 396 1105 τέσσερες
419 1049 597 1106 μεγάλοι
622 1050 794 1105 ῥέοντες
820 1049 891 1092 διὰ
912 1049 1148 1105 Μαιητέων
1172 1049 1393 1094 ἐκδιδοῦσι
1423 1053 1466 1103 ἐς

200 1125 280 1178 τὴν
315 1124 471 1177 λίμνην
499 1121 578 1176 τήν
615 1121 880 1175 καλεομένην
909 1124 1128 1175 Μαιῆτιν·
1179 1126 1292 1165 τοῖσι
1333 1122 1467 1167 οὐνό-

201 1209 314 1249 ματα
344 1193 484 1236 κέεται
513 1191 633 1244 τάδε,
665 1191 832 1244 Λύκος,
851 1190 1035 1245 ’Όαρος,
1071 1191 1253 1246 Τάναϊς,
1286 1193 1464 1251 Σύργις.

146 1395 201 1450 μὴ
232 1395 513 1451 γεωργούμενα
546 1403 584 1437 et
612 1412 707 1449 quae
734 1400 805 1438 aua

145 1456 265 1492 attulit
286 1456 490 1494 Blomfield.
513 1456 549 1492 in
572 1457 732 1493 Glossar.
756 1458 804 1493 ad

144 1512 310 1561 Aeschyl.
343 1513 381 1549 S.
412 1526 441 1548 c.
470 1512 540 1548 Th.
563 1513 627 1552 64.
660 1533 715 1539 —-
745 1513 803 1550 De

144 1569 228 1604 urbe
248 1568 366 1616 lignea
388 1569 431 1605 cf.
453 1567 515 1613 IV,
540 1569 629 1608 108.
679 1570 737 1605 Ad
758 1566 801 1607 ‘ro'

143 1619 276 1675 πρόσω
299 1626 392 1661 conf.
414 1622 449 1675 ἓ.
464 1626 545 1664 283
560 1637 596 1673 p.
610 1625 691 1664 572
705 1630 742 1662 et
757 1626 804 1661 ad

142 1677 243 1720 κατὰ
266 1682 401 1731 στίβον
423 1686 515 1717 nott.
540 1681 587 1717 ad
608 1681 678 1727 lv,
713 1684 804 1723 122.

202 1737 240 1783 εἷς
276 1735 350 1787 τήν
397 1737 548 1788 ἐρῆμον
593 1733 802 1787 ἅπίκοντο]

145 1794 253 1831 Conf.
284 1794 356 1841 lv,
392 1796 466 1840 22,
516 1794 578 1830 ubi
614 1794 723 1831 etiam
757 1795 804 1832 de

150 1849 395 1900 Thym-agetis.
454 1850 513 1886 Ad
544 1850 654 1888 verba
682 1849 804 1889 ἐοῦσα

145 1909 306 1955 πλῆθος
338 1908 431 1943 conf.
462 1907 603 1943 Herod.
634 1907 672 1953 I,
708 1910 803 1948 203.

146 1962 279 1999 Matth.
304 1963 368 1999 Gr.
394 1963 459 2000 Gr.
482 1961 518 2013 ξ.
542 1963 636 2008 428,
664 1964 687 2004 5
718 1976 803 2012 pag.

147 2017 243 2058 794.
265 2039 320 2046 --·
353 2020 444 2057 Mox
468 2016 601 2057 αὐτῶν
625 2019 710 2056 dedi
737 2032 805 2070 pro

148 2071 310 2114 αι’τέων.

205 2128 270 2170 δισὶ
285 2128 518 2180 Μἀιητέων]
532 2128 698 2166 Maeotae
709 2143 808 2168 com-

148 2192 393 2226 memorantur
412 2188 510 2236 apud
519 2187 659 2235 Scylae.
673 2186 805 2237 Peripl.

150 2243 187 2295 ἓ.
204 2248 269 2285 71.
285 2245 430 2292 Scymn.
442 2244 509 2279 Ch.
530 2245 697 2291 sragmm.
713 2246 804 2284 126.

149 2302 241 2342 139.
262 2301 377 2350 Orph.
398 2299 534 2348 Argon.
559 2302 678 2345 1062,
702 2299 804 2347 alios,

149 2370 240 2407 quos
272 2358 359 2393 citat
380 2356 594 2393 Tzschucke
625 2357 672 2392 ad
696 2356 806 2392 Pom—

148 2427 234 2464 pon.
263 2413 349 2450 Mel.
382 2412 420 2459 I,
457 2416 508 2453 19
545 2417 638 2449 nott.
675 2425 806 2460 exegg.

151 2469 250 2518 (Vol.
270 2469 321 2505 ΙΙΙ
341 2469 381 2505 Ρ.
403 2469 438 2517 I)
456 2482 540 2519 pag.
564 2472 657 2509 637.
698 2469 806 2519 Apud

152 2525 380 2562 Herodotum
395 2538 468 2562 non
491 2526 560 2562 nisi
583 2538 654 2562 uno
673 2525 806 2563 hoclo-

152 2594 194 2617 co
217 2586 558 2627 commemorantum
588 2582 677 2629 nisi,
707 2582 806 2631 quod

151 2648 329 2687 perquam
348 2638 517 2675 credibile
538 2643 612 2684 est,
651 2639 718 2675 hoc
740 2652 808 2675 no-

153 2705 237 2729 men
267 2692 373 2729 latius
402 2695 518 2742 patuit
545 2696 661 2744 iisque
685 2696 807 2744 genti-

155 2749 245 2794 bus,
282 2753 462 2797 quotquot
481 2750 684 2789 Maeoticae
704 2752 807 2802 palu-

154 2806 209 2841 dis
229 2805 370 2842 accolae
391 2810 491 2851 sunt,
521 2820 709 2846 commune
728 2809 805 2844 fuit.

154 2861 261 2898 Conf.
292 2861 426 2899 Ritter.
452 2862 621 2901 Vorhalle
643 2878 681 2915 p.
710 2863 805 2905 294.

862 1399 1022 1449 Koppen
1052 1398 1315 1448 Nordgestade
1343 1401 1380 1437 d.
1411 1400 1522 1439 Pont.

861 1468 946 1506 pag.
968 1457 1030 1496 18.

916 1507 1075 1556 Λύκος,
1117 1507 1290 1560 ”Οαρος,
1358 1508 1519 1561 Τάναϊς,

862 1563 1029 1618 Σύργις]
1062 1566 1120 1603 De
1139 1567 1304 1615 Guignes
1322 1567 1452 1614 (Mem.
1473 1571 1520 1607 de

861 1623 998 1660 l'Acad.
1021 1623 1055 1659 d.
1080 1623 1189 1661 Inscr.
1203 1624 1346 1660 XXXV
1364 1638 1399 1674 p.
1418 1624 1522 1671 546)

861 1680 926 1716 hos
948 1681 1077 1716 fluvios
1099 1678 1271 1730 (excepto
1293 1680 1428 1728 Tanai)
1454 1683 1521 1718 sibi

862 1737 1028 1784 cognitos
1071 1748 1152 1773 esse
1199 1741 1336 1784 negat3
1389 1738 1524 1775 Ocnum

862 1793 947 1830 dein
972 1792 1120 1837 ,coniicit
1148 1805 1230 1830 esse
1265 1792 1420 1831 Warclan
1450 1796 1521 1831 flu-

860 1850 974 1894 vium,
1015 1849 1076 1898 qui
1104 1861 1124 1885 e
1145 1852 1242 1886 terra
1263 1849 1400 1887 Kuban
1422 1852 1520 1889 Cau-

861 1906 1007 1954 casique
1042 1905 1217 1941 tractibus
1255 1906 1448 1944 decurrens
1483 1909 1520 1945 in

861 1961 1088 1998 Maeotideni
1106 1961 1235 1998 influit.
1259 1961 1456 2000 Mannerto
1469 1963 1519 1999 IV

861 2031 898 2068 p.
921 2019 974 2057 79
996 2016 1184 2066 probabile
1203 2018 1363 2064 videtur,
1389 2020 1519 2057 fluv10s

863 2074 1024 2123 Lycum,
1059 2074 1194 2109 ostrum
1224 2078 1260 2110 et
1287 2073 1429 2124 Syrgz'n
1459 2088 1521 2113 eos

864 2143 965 2176 esse,
999 2129 1060 2177 qui
1082 2142 1178 2166 nunc
1196 2136 1370 2167 vocentur
1395 2132 1521 2180 Volga,

868 2185 966 2222 L‘zcn
997 2192 1032 2222 et
1055 2184 1158 2222 Ural.
1215 2186 1336 2236 Supra
1364 2187 1436 2235 IV,
1466 2191 1521 2229 57

863 2242 1005 2292 Hygris
1030 2242 1182 2288 fluvius,
1224 2255 1331 2291 quem
1357 2257 1424 2294 pro
1454 2245 1522 2281 flu-

864 2300 922 2335 vio
947 2298 1081 2335 Donctz
1102 2298 1226 2336 haberi
1248 2303 1283 2336 et
1304 2313 1384 2337 cum
1406 2300 1524 2350 Syrgi

863 2355 1059 2401 confundi,
1109 2355 1177 2391 nisi
1209 2355 1341 2392 diversi
1375 2358 1522 2394 omnino

862 2412 998 2449 fuerint
1035 2423 1182 2459 amnes,
1237 2424 1347 2462 supra
1380 2414 1522 2450 monui-

862 2481 954 2505 mus.
985 2468 1033 2505 Et
1050 2481 1161 2517 quum
1181 2467 1235 2504 his
1253 2469 1289 2504 in
1308 2470 1518 2519 regionibus

861 2524 948 2561 nulli
979 2529 1170 2562 enotentur
1204 2525 1304 2562 fluvii
1345 2528 1382 2563 in
1417 2539 1520 2564 mare

861 2581 1054 2618 Asovicum
1097 2581 1313 2628 influentes,
1363 2582 1519 2621 Rennel.

865 2650 901 2687 p.
922 2637 1025 2685 417,
1051 2650 1131 2675 eam
1150 2638 1188 2674 in
1206 2638 1413 2687 opinionem
1429 2639 1519 2676 inci-

865 2694 939 2742 dit,
979 2700 1020 2731 ut
1046 2694 1187 2743 singula
1205 2694 1344 2731 Tanais
1372 2696 1520 2733 brachia

863 2763 930 2801 pro
950 2750 1037 2800 ipsis
1051 2752 1166 2788 fluviis
1183 2750 1265 2787 olim
1286 2751 1408 2789 habita
1427 2753 1521 2788 suis-

863 2820 936 2856 que
971 2808 1173 2845 nominibus
1204 2807 1396 2855 designata
1439 2820 1519 2845 esse

864 2865 1112 2903 contenderet.
1156 2864 1286 2911 ltaque
1305 2864 1439 2901 Garum
1460 2877 1519 2900 su-

1158 2917 1247 2961 32*

1696 380 1797 406 labun-

1540 516 1642 539 aootas
1653 514 1681 539 in
1696 515 1799 541 Maeo-

1522 545 1613 572 tidem
1623 567 1632 579 ‚

1521 580 1617 606 Uarus
1629 599 1637 613 ‚

1674 568 1799 615 'l'zinaisz

1549 614 1645 648 yrgis.
