1904 3304
411 229 496 271 834

807 228 1275 268 HERODOTI

412 336 492 394 μὲν
531 337 585 394 δὴ
630 337 737 389 τοὺς
777 336 890 381 ὀκτώ
939 340 1077 394 μῆνας
1119 339 1320 382 διατελέει
1364 338 1524 396 χειμών
1567 338 1671 383 ἐών·

412 407 519 459 τοὺς
557 407 600 452 δ’

644 408 898 460 ἐπιλοίπους
939 407 1143 463 τέσσερας
1189 408 1328 465 ψύχεα
1373 408 1533 454 αὐτόθι
1571 410 1674 454 ἐστι.

384 479 687 534 4Κεχῶρισται
725 479 772 523 δὲ
810 474 942 530 οὗτος
971 478 996 523 ὁ
1026 478 1186 535 χειμών
1215 480 1318 530 τοὺς
1349 481 1543 535 τρόπους
1571 485 1677 525 πᾶσι

413 555 527 593 τοῖσι
550 550 596 592 ἐν
618 548 785 593 ἄλλοισι
804 551 999 607 χωρίοισι
1018 548 1289 605 γινομένοισι
1317 556 1512 606 χειμῶσι·
1547 553 1595 597 ἐν
1615 556 1677 611 τῷ

415 620 496 677 τήν
524 621 604 677 μὲν
633 619 799 677 ὡραίην
830 620 913 665 οὐκ
942 619 1011 666 ὕει
1039 619 1177 676 λόγου
1207 619 1331 673 ἄξιον
1359 621 1511 666 οὐδέν·
1550 623 1599 668 τὸ
1631 623 1678 667 δὲ
1691 631 1732 666 15

359 775 512 824 Dionys.
531 775 676 824 Perieg.
702 776 779 816 631
802 775 924 824 ibique
942 774 1017 811 Eu-

360 833 527 869 stathius.
552 832 764 882 Geograph.
784 833 950 870 Ravenn.
972 831 1018 878 V,

363 890 414 928 10
436 902 471 938 p.
492 892 585 930 266.
635 888 754 926 Nicol.
776 888 942 925 Damasc.
979 901 1015 937 p.

363 946 443 985 160
464 946 662 991 ed.Orelli,
694 945 794 982 cuius
814 945 906 982 conf.
926 949 1017 980 nott.

359 1001 396 1038 in
413 1002 637 1052 Supplemm.
656 1016 692 1052 p.
714 1002 781 1048 84,
811 1001 880 1037 alii.
912 1000 1018 1043 Quae

359 1071 440 1096 cum
461 1059 510 1095 ita
533 1059 628 1105 sint,
670 1058 832 1095 lectionis
852 1058 929 1093 iure
951 1057 1018 1092 du-

364 1114 448 1151 dum
503 1115 729 1165 proscriptae
780 1113 1019 1164 patrocinium

361 1176 447 1221 post
488 1172 772 1219 Kannegiesser.
820 1171 856 1206 in
896 1167 1018 1206 Alter-

362 1228 691 1266 thumswissensch.
721 1240 758 1278 p.
792 1226 884 1266 147.
922 1227 1018 1271 202,

362 1284 512 1321 minime
543 1284 701 1322 debebat
731 1283 914 1332 suscipere
940 1282 1021 1318 Rit-

361 1344 430 1378 ter.
447 1340 619 1378 Vorhalle
638 1353 674 1389 p.
699 1340 778 1380 157
797 1352 900 1388 seqq.
922 1338 1020 1374 Erd-

360 1396 486 1435 kunde
510 1397 542 1433 11
563 1411 600 1447 p.
621 1398 702 1438 618
726 1409 846 1445 seqq,
867 1396 928 1445 qui
946 1390 1020 1433 'Iv-

360 1450 456 1499 δούς
483 1454 520 1490 in
542 1454 737 1492 Herodoto
773 1453 920 1489 ornnino
942 1465 1021 1488 mu-

360 1511 513 1548 tandum
539 1515 672 1559 negat,
712 1522 791 1546 cum
822 1510 868 1547 de
889 1508 1020 1545 Indica

360 1571 471 1616 gente
490 1567 547 1604 hic
567 1572 722 1615 agatur3
762 1578 856 1614 quae
882 1566 930 1601 ad
957 1577 1019 1601 co-

361 1624 477 1660 lonias
500 1635 542 1660 ex
561 1622 719 1661 interiori
741 1622 843 1659 India
861 1622 908 1658 ad
920 1622 1019 1658 Cau-

363 1692 486 1718 casum
507 1679 687 1728 Pontique
708 1678 839 1715 Euxini
859 1691 940 1714 oras
960 1690 1019 1713 us-

365 1748 439 1785 que
468 1736 587 1786 priseo
619 1736 816 1772 admodum
841 1747 930 1771 aevo
955 1734 1020 1770 de-

365 1793 492 1829 ductas
519 1792 738 1842 pertinuisse
771 1792 936 1841 putanda
963 1791 1020 1828 sit.

363 1849 470 1893 Quae
499 1849 584 1885 mihi
611 1848 755 1897 longius
786 1848 944 1898 repetita
970 1846 1020 1882 vi-

364 1906 520 1952 dentur,
562 1918 643 1942 cum
674 1906 822 1941 dubium
850 1905 908 1940 vix
940 1915 1021 1940 esse

363 1962 498 2012 possit,
531 1961 721 1998 Simlorum
740 1965 886 2010 gentem
903 1973 944 1997 ex
964 1960 1020 2006 iis,

363 2030 458 2067 quae
478 2019 588 2055 modo
611 2018 797 2055 attulimus
812 2046 821 2061 ‚
854 2017 1022 2054 testimo-

362 2074 454 2120 niis,
495 2074 679 2112 habitasse
711 2087 754 2111 ea
782 2075 860 2112 sere
891 2075 929 2110 in
961 2085 1021 2110 re-

363 2131 496 2179 gione,
537 2144 631 2181 quae
652 2144 748 2168 nunc
776 2144 797 2167 a
826 2131 936 2167 fluvio
960 2142 1022 2167 co-

363 2188 538 2236 gnomine
575 2193 727 2225 vocatur
763 2187 913 2232 Kuban,
961 2186 1022 2223 ubi

363 2244 448 2281 urbs
466 2244 598 2294 Anapa
631 2257 673 2282 ac
699 2245 801 2293 regio
830 2242 1021 2280 Sadschuk

361 2299 455 2349 (quo
486 2301 566 2350 ipso
597 2301 632 2337 in
673 2301 819 2337 nomine
850 2300 1023 2337 Sindicae

362 2356 516 2404 vestigia
529 2369 721 2406 superesse
739 2356 817 2393 vult
826 2356 1022 2394 Reichard.

362 2426 398 2464 p.
419 2414 472 2453 36
494 2413 515 2449 l.
535 2412 588 2460 1.).
620 2412 691 2459 Cf.‚
713 2426 759 2449 ne
777 2412 894 2462 plura,
913 2412 1022 2449 Man-

362 2472 455 2506 nert.
486 2468 534 2505 1V
569 2482 653 2518 pag.
696 2470 772 2508 106
806 2481 884 2517 seq.
927 2470 1021 2508 329.

363 2524 579 2564 Tzschucke
599 2525 646 2560 ad
670 2524 758 2561 Mel.
780 2524 801 2560 l.
829 2525 850 2561 l.
883 2524 1021 2561 Vol.llI

363 2582 405 2620 P.
429 2581 442 2617 Ι
475 2593 559 2631 pag.
581 2583 661 2621 627
688 2593 791 2629 seqq.
824 2582 904 2621 630
928 2586 1021 2618 nott.

364 2650 494 2687 exegg.
526 2638 644 2686 Atque
664 2649 742 2673 eam
756 2642 904 2685 gentem
919 2642 1022 2687 post-

364 2706 409 2732 ea
445 2694 594 2730 ulterius
635 2694 684 2730 ad
719 2693 901 2743 Europam
940 2707 1025 2743 pro-

367 2762 529 2801 gressam
568 2762 648 2787 esse
686 2750 814 2786 statuit
849 2750 1022 2798 Koppen.

367 2805 588 2855 (Nordgest.
609 2806 644 2842 d.
667 2805 773 2842 Pont.
796 2819 831 2856 p.
854 2808 917 2845 69.
937 2808 1024 2853 63),

369 2867 406 2900 ut
430 2876 474 2901 eo
495 2875 583 2901 sane
606 2863 829 2910 reserantur,
870 2875 960 2912 quos
988 2863 1022 2899 in

1075 773 1232 811 Thracia
1268 776 1368 812 novit
1406 774 1587 813 Homerus
1625 776 1662 814 ll.
1702 776 1730 820 1,

1075 830 1180 878 549,
1225 830 1343 868 ›S'cntz'z'
1371 831 1441 881 [de
1460 833 1588 881 quibus
1610 837 1732 870 tamen

1073 888 1198 924 conser
1231 889 1279 924 sis
1313 888 1492 926 Welckeri
1523 889 1666 938 Disput.
1696 889 1732 925 in

1073 942 1240 992 Aeschyl.
1266 943 1408 993 Trilog.
1430 958 1516 995 pag.
1537 942 1732 996 215sqq.]

1074 1000 1232 1049 itemque
1255 1002 1358 1049 regio
1381 1001 1518 1038 Sintz'ce
1546 1002 1582 1038 in
1607 1001 1732 1038 Mace-

1077 1056 1188 1092 donia
1218 1057 1376 1106 urbsque
1405 1054 1554 1104 Σινὸός
1583 1058 1630 1095 ab
1653 1058 1733 1095 He-

1076 1113 1207 1149 rodoto
1226 1113 1308 1160 Vll,
1332 1116 1410 1155 123
1431 1118 1733 1161 commemorata3

1077 1182 1119 1205 ac
1145 1169 1302 1218 denique
1329 1171 1438 1207 Asiae
1464 1171 1612 1208 minoris
1649 1171 1732 1207 urbs

1080 1224 1211 1261 Sinda.
1257 1226 1310 1262 Ac
1331 1226 1488 1275 denique
1507 1227 1672 1264 adiiciam
1691 1238 1734 1263 ex

1077 1280 1120 1317 A.
1142 1282 1190 1321 G.
1209 1281 1389 1331 Schlegel.
1418 1282 1512 1319 Bibl.
1543 1282 1656 1320 lndie.
1686 1282 1734 1329 ll,

1078 1339 1101 1376 3
1130 1350 1216 1387 pag.
1246 1338 1327 1379 504
1354 1339 1470 1389 ipsum
1496 1340 1644 1376 fluvium
1669 1337 1735 1375 In-

1078 1394 1161 1430 dum
1181 1396 1228 1432 ab
1247 1396 1429 1444 indigenis
1448 1397 1517 1433 dici
1543 1395 1735 1443 Sindlzum,

1076 1456 1249 1500 recteque
1294 1452 1451 1489 Plinium
1492 1453 1542 1490 H.
1582 1452 1632 1490 N.
1669 1452 1735 1499 Vl,

1077 1508 1171 1553 (23)
1192 1510 1245 1548 20
1264 1509 1440 1546 scribere:
1475 1509 1614 1556 „Indus
1636 1510 1737 1546 inco·

1076 1563 1118 1600 lis
1142 1564 1282 1601 Sindus
1304 1565 1547 1615 appellatus.“

1136 1619 1383 1671 Κεχιόριοται
1403 1619 1444 1660 δὲ
1468 1615 1584 1668 οὗτος
1603 1619 1626 1661 ὅ
1655 1636 1735 1671 χει·

1078 1673 1164 1726 μῶυ
1196 1692 1230 1715 κ.
1263 1677 1374 1728 τ.’λ.]
1435 1676 1622 1728 Hyems‚'
1646 1678 1735 1715 haec

1078 1734 1172 1770 enim
1203 1734 1360 1771 auctoris
1382 1739 1436 1771 est
1456 1747 1578 1781 mens,
1617 1735 1734 1771 omni-

1079 1791 1188 1827 mode
1211 1790 1354 1827 diversa
1383 1795 1437 1827 est
1463 1791 1509 1827 ab
1533 1803 1576 1828 ea
1595 1791 1737 1840 hyeme,

1078 1846 1193 1894 qualis
1228 1847 1264 1882 in
1303 1847 1380 1883 aliis
1420 1847 1518 1884 orbis
1559 1851 1737 1884 terrarum

1077 1903 1241 1953 partibus
1264 1903 1341 1940 fieri
1361 1903 1488 1941 soleat.
1529 1903 1588 1941 Ad
1611 1916 1736 1941 vocem

1078 1955 1171 2005 τούς
1217 1954 1389 2010 τρόπους
1423 1961 1518 1998 conf.
1554 1959 1592 2007 I,
1642 1961 1734 2002 189.

1076 2015 1131 2063 ΙΙ,
1164 2017 1254 2056 108.

1135 2071 1177 2111 ἐν
1199 2075 1255 2124 τῷ
1285 2069 1359 2122 τήν
1380 2070 1453 2123 μὲν
1479 2069 1631 2123 ὦραίην
1663 2067 1736 2111 οὔκ

1077 2124 1142 2167 ὕει
1156 2125 1271 2180 λόγου
1285 2127 1400 2177 ἄξιον
1415 2125 1549 2180 οὐδέν]
1566 2128 1735 2177 Schwgh.

1078 2183 1152 2236 τήν
1175 2184 1329 2237 αἱραίην
1348 2188 1394 2224 de
1415 2187 1515 2223 solito
1537 2199 1580 2223 ac
1601 2188 1735 2222 statuto

1078 2242 1276 2293 pluviarum
1300 2246 1448 2293 tempore
1479 2242 1668 2294 intelligit,
1704 2253 1733 2277 s.

1080 2300 1126 2336 de
1146 2312 1190 2337 ea
1206 2300 1289 2336 anni
1311 2303 1550 2349 tempestate,
1579 2310 1652 2347 qua
1669 2297 1734 2334 ali-

1078 2356 1114 2392 bi
1146 2356 1253 2405 vulgo
1279 2356 1411 2392 imbres
1443 2356 1574 2392 cadere
1606 2353 1736 2391 solent.

1077 2411 1170 2448 Mihi
1194 2414 1241 2449 ob
1271 2411 1462 2460 sequentia
1489 2411 1600 2448 verba
1622 2411 1734 2447 satius

1078 2468 1244 2514 videtur,
1281 2468 1370 2505 haec
1399 2468 1446 2505 de
1466 2479 1568 2504 verno
1587 2471 1736 2517 tempore

1079 2526 1265 2574 accipere,
1305 2537 1378 2573 quo
1410 2523 1495 2560 alibi
1522 2523 1641 2561 solent
1674 2535 1735 2560 ca-

1079 2581 1165 2619 dere
1184 2582 1327 2625 imbres,
1347 2580 1479 2628 quibus
1500 2581 1599 2617 nives
1622 2580 1738 2628 lique-

1080 2637 1192 2684 fiunt,
1241 2637 1421 2686 Zephyris
1470 2637 1737 2674 accedentibus.

1081 2693 1140 2730 Ad
1157 2695 1272 2743 ipsam
1290 2693 1509 2730 locutionem
1527 2690 1601 2743 τήν
1619 2691 1737 2743 ω’ρειί-

1080 2764 1131 2799 ην
1162 2750 1260 2798 quod
1289 2749 1396 2797 vulgo
1421 2749 1593 2800 supplent
1614 2746 1736 2800 ὥρην,

1080 2806 1156 2843 iure
1182 2807 1249 2842 hoc
1279 2806 1446 2855 displicet
1466 2806 1662 2843 Schaesero
1688 2804 1736 2842 ad

1080 2861 1263 2900 Lambert.
1300 2862 1388 2900 Bos.
1426 2863 1473 2901 de
1507 2862 1653 2913 Ellipss.
1688 2860 1734 2899 L.
