1904 3304
406 248 482 287 AD
514 248 839 288 HERODOT.
875 249 948 296 111,
983 251 1062 291 119
1092 248 1173 285 coll.
1205 248 1273 295 lV,
1308 251 1397 290 129.
1578 250 1662 292 659

146 362 301 407 accedo,
339 361 402 411 qui
431 361 478 398 ab
507 360 699 398 Herodoto
731 363 875 400 demum
911 361 998 398 illud
1024 360 1245 412 Sophoclem
1277 361 1461 410 accepisse
1498 368 1658 402 censent.

146 429 377 479 Quamquam
397 429 556 478 ingenue
578 430 716 477 fateor,
746 429 856 478 longe
876 429 1080 478 graviorem
1101 442 1180 467 eam
1202 428 1455 467 difficultatem
1475 429 1659 479 ingruere,

143 500 262 534 utrum
284 508 328 534 ex
345 497 478 547 scripto
500 497 682 535 Herodoti
704 497 819 544 libro,
849 509 896 534 an
918 497 1038 546 potius
1063 509 1108 534 ex
1126 496 1292 534 familiari
1310 495 1469 534 historici
1490 509 1657 536 sermone

142 566 252 615 poeta
272 564 310 601 id
330 564 518 612 didicerit,
549 566 649 614 quod
668 569 815 614 praeter
833 564 1124 601 Schonbornium
1153 568 1191 600 et
1213 564 1403 612 laegerum
1434 563 1657 614 (Disputatt.

142 631 308 669 Herodd.
331 645 366 682 p.
389 634 480 681 23),
518 632 650 669 Wexio
674 646 819 682 quoque
843 633 930 669 satis
950 630 1138 683 probabile
1156 635 1211 669 est
1231 631 1368 668 visum:
1426 631 1558 678 „Fieri
1591 645 1656 670 au-

141 704 214 736 tem
229 700 414 749 potuisse,
445 703 505 746 ut,
527 701 689 749 quamvis
709 700 889 738 Herodoti
910 699 990 737 libri
1007 704 1094 737 tunc
1111 700 1272 736 nondum
1292 702 1356 735 aut
1375 700 1571 750 conscripti
1590 704 1654 737 aut

143 766 233 804 editi
254 770 396 814 essent,
426 767 472 805 ab
492 767 682 806 Herodoto
702 770 773 806 ista
792 768 890 806 velut
905 769 941 805 in
967 766 1132 805 familiari
1149 766 1329 816 colloquio
1348 767 1548 817 acceperit,
1567 767 1653 805 inde

143 833 303 882 efficies,
332 836 432 884 quod
452 848 495 873 ex
512 835 572 872 illo
592 837 876 887 epigrammate,
908 837 955 874 de
977 848 1049 885 quo
1070 846 1182 884 supra
1201 846 1230 871 c.
1252 834 1268 869 Ι
1292 830 1331 882 §.
1357 835 1406 873 16
1429 835 1652 885 disputatum

144 905 219 949 est,
252 902 533 940 familiaritatem
560 907 596 941 et
626 905 926 941 consuetudinem
954 904 1050 941 inter
1078 902 1157 938 illos
1184 901 1432 939 intercessisse
1450 905 1652 953 apparet.“

142 967 361 1006 Plutarchus
384 969 479 1007 enim
500 968 565 1020 (an
592 971 670 1008 seni
696 972 742 1008 sit
769 984 845 1020 ger.
876 984 970 1021 resp.
997 970 1044 1008 T.
1065 969 1135 1006 XII
1162 982 1199 1018 p.
1222 967 1300 1009 104
1320 968 1444 1021 Hutt.)
1467 968 1576 1009 τουτὶ
1598 968 1653 1018 δὲ,

141 1035 281 1085 inquit,
311 1034 637 1089 ὁμολογουμένως
660 1036 915 1087 Σοφοκλέους
936 1036 1016 1077 ἐστὶ
1034 1034 1077 1077 τὸ
1093 1031 1426 1088 ἐπιγραμμάτιον·

454 1111 556 1160 ιρδὴν
577 1110 764 1160 Ἡροδότῳ
784 1114 911 1156 τεῦξεν
936 1113 1133 1158 Σοφοκλῆς
1155 1109 1267 1147 ἐτέων
1290 1107 1344 1146 ὢν

452 1168 559 1204 σεεν-ε’
585 1168 644 1205 ἐπὶ
668 1169 917 1216 πεντήκοντα,

141 1241 261 1290 quod,
296 1241 359 1278 ubi
386 1242 606 1293 Sophoclem
627 1244 684 1281 Ol.
711 1247 786 1291 70,
815 1242 840 1283 4
857 1243 1007 1284 :497
1029 1256 1062 1281 a.
1083 1243 1170 1281 Chr.
1196 1246 1323 1280 natum
1353 1256 1434 1282 esse
1463 1244 1652 1282 statuimus

144 1309 204 1356 (cf.
228 1308 333 1346 Wex.
353 1308 374 1346 l.
398 1323 428 1347 c.
446 1323 531 1361 pag.
549 1314 603 1353 27
618 1312 754 1360 —35)
768 1341 778 1359 ,
812 1312 892 1361 ipso
920 1323 1016 1348 anno
1040 1315 1125 1348 ante
1143 1323 1252 1359 quam
1271 1311 1492 1360 Antigonam
1515 1313 1651 1359 ederet,

138 1378 286 1426 poetam
313 1378 499 1428 scripsisse
523 1383 698 1429 apparet3
739 1392 812 1429 quo
831 1380 1094 1430 epigrammate
1113 1378 1195 1416 licet
1216 1379 1345 1416 mirum
1364 1380 1401 1416 in
1420 1379 1567 1416 modum
1585 1379 1651 1416 ab·

139 1457 225 1481 usus
243 1445 287 1482 sit
304 1445 496 1495 Iaegerus,
525 1458 655 1495 quum,
685 1447 800 1485 levem
822 1448 1007 1496 quandam
1030 1445 1206 1483 Boeckhii
1237 1445 1286 1493 (l.
1308 1458 1338 1482 c.
1360 1459 1398 1496 p.
1419 1445 1492 1495 59)
1514 1447 1649 1483 indica-

140 1512 276 1550 tionem
297 1518 466 1562 secutus,
505 1514 607 1551 Sami
628 1528 689 1552 eos
712 1515 903 1552 amicitiam
928 1515 1086 1552 iunxisse
1113 1517 1282 1560 censeat,
1321 1525 1396 1562 quo
1422 1517 1546 1551 tamen
1565 1527 1651 1565 pro-

137 1584 221 1631 pter
242 1582 464 1630 Antigonam
489 1582 605 1632 ipsam
627 1583 762 1620 editam
785 1584 929 1621 demum
953 1580 1153 1632 Sophocles
1183 1584 1333 1630 praetor
1359 1581 1490 1618 missus
1519 1585 1576 1619 est
1597 1604 1643 1609 —

137 1647 237 1685 haud
257 1652 382 1686 tamen
403 1649 497 1686 male
521 1650 694 1700 proponit
722 1651 826 1687 nobis
848 1650 1078 1688 Herodotum
1102 1647 1206 1685 hilari
1230 1648 1449 1698 loquacitate
1476 1649 1574 1685 varia
1605 1662 1650 1687 ex

138 1716 203 1762 iis,
238 1729 334 1766 quae
361 1717 507 1754 viderat
535 1722 645 1766 atque
673 1718 862 1765 audierat,
901 1717 1014 1754 amico
1038 1719 1327 1766 expromentem.
1386 1715 1455 1764 At,
1492 1717 1648 1766 inquies,

138 1796 260 1822 nonne
280 1784 439 1822 recitatis
461 1784 615 1823 Athenis
639 1786 737 1823 libris
761 1787 833 1823 suis
859 1784 1058 1836 praemium
1080 1797 1102 1821 a
1122 1783 1260 1820 Senatu
1279 1782 1553 1821 Atheniensium
1570 1784 1652 1822 He-

139 1851 310 1888 rodotum
332 1852 515 1902 accepisse
538 1853 716 1890 Eusebius
734 1856 879 1898 narrat,
919 1852 1018 1901 quod
1043 1852 1120 1889 sive
1142 1863 1238 1887 anno
1261 1849 1318 1888 Ol.
1341 1852 1417 1896 83,
1447 1849 1472 1889 4
1488 1868 1546 1885 Ξ
1566 1848 1650 1892 445

138 1930 172 1957 a.
194 1918 279 1955 Chr.
304 1920 379 1956 sive
399 1932 478 1956 cum
497 1920 683 1969 Scaligero
707 1925 746 1957 et
770 1921 968 1970 interprete
989 1918 1149 1955 Armeno
1171 1917 1424 1967 praecedentis
1448 1919 1534 1955 anni
1553 1918 1650 1956 Pan-

139 1985 326 2022 athenaeis
352 1986 495 2033 magnis
528 1987 777 2034 assignamus,
808 1986 1030 2035 Antigonam
1050 1984 1242 2035 Sophoclis
1263 1983 1401 2033 aliquot
1420 1986 1524 2022 annis
1545 1990 1650 2025 ante-

139 2050 268 2090 cedit?
325 2052 417 2090 Eam
440 2055 533 2091 enim
554 2055 826 2101 recitationem,
862 2066 972 2103 quam
994 2054 1066 2091 iam
1089 2052 1148 2090 Ol.
1178 2055 1227 2095 81
1243 2081 1254 2099 ,
1282 2055 1300 2093 1
1325 2070 1383 2087 =
1400 2050 1481 2093 456
1500 2066 1534 2091 a.
1556 2054 1642 2093 Chr.

139 2120 333 2172 Olympiae
354 2122 554 2159 instituisse
575 2121 682 2171 vulgo
703 2122 814 2159 fertur
835 2122 987 2171 (Heyse
1010 2134 1044 2170 p.
1067 2118 1168 2170 26),
1207 2120 1293 2158 licet
1318 2124 1354 2157 et
1377 2120 1457 2171 ipse
1477 2122 1642 2172 cupidius

139 2200 248 2238 quam
270 2190 388 2226 verius
409 2190 657 2240 impugnatam
676 2202 756 2227 esse
783 2203 804 2226 a
823 2189 1055 2226 Dahlmanno
1076 2188 1291 2235 concedam,
1331 2187 1410 2238 ipse
1436 2192 1560 2227 tamen
1586 2190 1642 2226 in-

138 2255 280 2305 telliges
300 2256 496 2308 paullisper
515 2256 618 2293 nobis
639 2257 889 2307 seponendam
910 2269 1010 2304 esse,
1040 2268 1110 2303 ne,
1140 2256 1227 2292 dum
1249 2256 1360 2293 dubia
1384 2256 1503 2293 dubiis
1520 2256 1643 2294 fulcia-

139 2337 240 2371 mus,
271 2324 440 2362 circulum
465 2326 501 2361 in
527 2324 813 2360 demonstrando
842 2324 1067 2361 committere
1092 2324 1302 2370 videamur3
1344 2323 1493 2362 Eusebii
1521 2328 1640 2362 autem

139 2392 297 2429 narratio
319 2393 516 2430 accedente
537 2390 816 2441 locupletissimo
837 2391 1018 2428 Plutarchi
1049 2391 1278 2438 testimonio,
1321 2392 1368 2429 de
1391 2391 1544 2440 Malign.
1566 2391 1644 2429 He-

139 2460 262 2496 rodoti
291 2472 321 2497 c.
348 2462 425 2506 26,
464 2463 565 2497 extra
596 2471 740 2496 omnem
771 2459 1032 2497 dubitationem
1060 2460 1181 2510 posita
1208 2464 1274 2498 est.
1345 2458 1484 2506 Audio,
1521 2471 1645 2508 neque

140 2525 248 2563 valde
276 2528 489 2577 repugnabo
520 2527 742 2574 sententiae,
782 2539 891 2576 quam
919 2527 1005 2564 mihi
1036 2540 1184 2577 quoque
1212 2525 1504 2564 verisimillimam
1528 2526 1643 2563 videri

141 2605 252 2643 supra
278 2594 348 2631 iam
376 2596 520 2641 monui3
558 2599 722 2632 attamen
751 2607 846 2644 quae
875 2595 993 2644 ipsum
1010 2595 1193 2633 Plutarchi
1215 2594 1332 2632 locum
1355 2592 1533 2632 evolventi
1555 2593 1642 2631 mihi

141 2673 258 2698 novae
280 2660 510 2701 difficultates
541 2663 693 2700 obortae
717 2663 810 2710 sint,
849 2662 1009 2701 candide
1026 2663 1134 2711 Tibi,
1174 2662 1238 2699 Vir
1264 2661 1496 2710 amicissime,
1527 2673 1640 2711 expoa

141 2740 237 2765 nam.
296 2727 525 2768 Plutarchus:
565 2726 626 2769 ὅτι
646 2727 800 2780 μέντοι,
828 2730 969 2779 inquit,
999 2728 1093 2769 δέκα
1121 2727 1292 2769 τάλαντα
1325 2725 1477 2781 δωρεάν
1505 2727 1643 2779 ἔλαβεν

140 2794 181 2844 ἐξ
201 2791 406 2846 Ἀθηνῶν,
434 2793 509 2837 Ἀν
525 2794 643 2838 ὁτου
667 2795 709 2838 τὸ
730 2793 924 2848 ’ψήφισμα
943 2793 1197 2850 γράψαντος,
1234 2793 1336 2850 οἷνήρ
1355 2792 1570 2847 Ἀθηναῖος
1594 2791 1643 2834 ου’

141 2865 220 2903 τῶν
250 2864 587 2916 παρημελημένων
613 2865 655 2905 ἐν
685 2864 857 2918 ἱστορίᾳ,
899 2865 1105 2912 Δίυππος,
1146 2864 1324 2917 εἰ’ρηκεν;
1361 2864 1412 2902 sic
1441 2864 1536 2902 enim
1568 2874 1640 2912 pro

1305 2930 1390 2974 42*
