1904 3304
79 335 119 364 ad
145 337 279 362 anstrum
305 334 360 363 ha-

79 371 196 410 bitant,
227 378 281 396 nec
301 369 361 396 Da-

79 411 125 431 no
149 409 325 438 paruerunt.

250 825 349 869 102

77 888 225 984 Ιῗίῖἓιίιῖιιέῐί
245 890 354 951 οἰιῖῗὲτξξ
411 907 465 968 ’ἑῇ
497 912 727 964 Πακϊυῖκη
756 925 876 964 χωρη
907 910 985 953 δισὶ
1015 909 1282 966 πρόσουροι,
1314 927 1424 965 προς
1450 927 1614 966 ἄρκτου
1643 927 1688 954 τε

73 943 317 1018 t:1i{l,1¹¹se¹5¹2¹dh1;‹i›f::;e
320 967 352 1018 ii

74 1027 130 1058 tcs,
148 1026 351 1052 victusiiuilts

72 1045 352 1127 Ῑῇῗὲξὲὲ-ὶεὲῐτῧιζίξιω
381 1057 458 1097 2οἳ
498 1054 755 1107 Βακτρίοισι
792 1053 1096 1107 παραπλησίην
1134 1051 1280 1108 ἔχουσι
1320 1055 1505 1097 δίαιταν.

72 1133 178 1153 aurum
222 1127 271 1154 ubi
320 1130 350 1153 ot

71 1159 217 1193 quomodo
268 1161 350 1187 colli-

71 1197 164 1227 gant:
198 1193 349 1221 desertum

72 1227 168 1263 [Lop]
181 1236 189 1255 ι
210 1228 349 1256 formica-

417 224 499 267 186
812 226 1285 269 HERODOTI

389 337 619 388 ΞΑἰθίοψι.

679 336 706 392 ἡ
743 336 852 393 γονὴ
894 336 941 380 δὲ
980 335 1151 390 αὐτῶν,
1197 338 1280 396 τήν
1312 337 1511 384 ἀπίενται
1541 341 1584 393 ἐς
1613 341 1691 394 τὰς

416 413 647 465 γυναῖκας,
679 406 756 459 οὐ,
795 406 982 463 κατάπερ
1008 413 1097 452 τῶν
1128 408 1272 453 ἄλλων
1302 409 1574 467 ἀνθρώπων,
1606 412 1748 456 ἕστὶ70

417 478 574 536 λευκή,
621 477 729 521 ἀλλὰ
769 478 971 534 μέλαινα,
1013 479 1203 535 κατάπερ
1232 481 1280 525 τὸ
1310 486 1484 539 χρῶμα·

387 558 499 607 3την
537 550 583 594 δὲ
623 551 696 593 καὶ
734 551 948 602 Αἰθίοπες
986 550 1183 595 ἀπίενται
1221 553 1379 609 θορήν.

1544 484 1691 528 τοιαύ-

1448 550 1573 599 οὗτοι
1610 555 1691 611 μὲν

413 627 503 667 τῶν
538 621 687 665 Ἰνδῶν
727 621 943 676 ἑκαστέρω
981 627 1070 666 τῶν
1109 623 1316 678 Περσέων
1357 625 1572 677 οἰκέουσι,
1615 627 1689 670 καὶ

413 694 525 750 πρὸς
552 694 687 736 νότου
718 691 884 750 οἷνέμου
895 708 904 718 ·

410 765 688 824 ὑπήκουσαν.

957 695 1029 738 καὶ
1059 696 1254 751 Δαρείου
1284 696 1483 752 βασιλέος
1513 696 1687 754 οὐδαμοὶ

513 836 661 881 ’Ἄλλοι
701 836 746 880 δὲ
775 839 864 879 τῶν
895 835 1047 881 Ἰνδῶν
1076 838 1357 897 Κασπατύρῳ
1393 855 1438 883 τε
1477 839 1580 883 πόλι
1617 840 1744 884 καὶ75

410 981 484 1025 καὶ
514 979 654 1036 βορέω
687 978 852 1034 οἷνέμου
882 982 1190 1037 κατοικημένοι
1230 986 1317 1025 τῶν
1349 982 1492 1025 ἄλλων
1522 980 1685 1035 Ἰνδων,

1564 1048 1690 1098 Οὖῑθι

408 1125 481 1169 καὶ
510 1122 803 1181 μαχιμώτατοί
833 1126 915 1168 εἰσι
941 1121 1114 1175 Ἰνδων,
1143 1124 1215 1167 καὶ
1247 1142 1287 1168 οι
1318 1125 1387 1169 ἐπὶ
1417 1125 1495 1169 τόν
1524 1124 1688 1181 χρυσὸν

408 1197 683 1252 στελλόμενοι
713 1195 795 1238 εἰσὶ
826 1191 962 1239 οὗτοι.
1010 1194 1120 1239 κατοὲ
1150 1196 1232 1252 γὰρ
1261 1195 1391 1240 τοῦτό
1422 1197 1510 1240 ἐστι
1531 1196 1686 1253 ἐρημίη

407 1339 436 1393 ἦ
467 1338 567 1394 γονή
603 1340 646 1381 δὲ
678 1338 814 1383 αὐτῶν
843 1359 878 1383 κ.
904 1359 936 1383 τ.
967 1344 1015 1395 λ.]

349 1399 456 1437 Haec
475 1398 565 1435 salso
592 1401 689 1437 tradi
710 1406 837 1438 auctor
862 1406 919 1439 est
938 1401 1018 1439 Ari-

351 1455 499 1493 stoteles
530 1456 581 1493 H.
613 1456 656 1494 A.
680 1458 752 1504 ΙΙΙ,
780 1460 845 1500 22.
880 1459 1018 1496 Gener.

349 1512 520 1549 Animall.
540 1512 586 1559 ΙΙ,
605 1516 630 1554 2
652 1527 687 1564 p.
711 1517 792 1556 207
811 1515 889 1552 coll.
912 1516 1018 1552 Stra-

350 1569 435 1606 bon.
454 1569 524 1606 XV
546 1583 582 1619 p.
608 1571 689 1611 695
710 1584 738 1607 s·
762 1573 880 1611 1019.
912 1572 1013 1609 Idem

350 1626 520 1663 iudicium
543 1639 624 1664 esse
647 1627 918 1677 Stimmeringii‚
948 1629 1013 1664 viri

348 1683 573 1729 doctissimi,
630 1683 801 1721 observat
849 1685 1012 1722 Heeren.

346 1739 509 1785 ldeenl,
532 1742 551 1779 1
581 1752 666 1789 pag.
690 1742 783 1780 366.

406 1810 518 1834 ουτοι
531 1810 602 1846 μεν
623 1811 703 1835 των
722 1792 901 1835 Ἰνδῶνκ.
915 1812 946 1835 τ.
961 1796 1010 1847 λ.]

345 1851 503 1903 Propter
553 1852 643 1890 haec
691 1854 802 1891 verba
850 1854 1012 1892 Heeren.

346 1909 458 1946 ldeen
494 1909 531 1956 l,
567 1912 583 1948 1
619 1922 705 1960 pag.
731 1912 812 1951 363
845 1923 922 1959 seq.
954 1911 1011 1948 hic

345 1966 498 2015 cogitari
529 1967 605 2002 vult
634 1968 681 2004 de
707 1967 749 2003 iis
786 1968 1009 2015 regionibus,

345 2035 440 2071 quae
453 2023 498 2059 ab
510 2023 649 2060 oriente
669 2028 826 2072 tangunt
837 2024 917 2060 Indi
939 2026 1009 2060 ssu-

344 2080 391 2115 vii
410 2079 489 2115 loca
506 2079 691 2126 inferiora,
722 2081 853 2128 quibus
876 2094 1010 2118 nomen

347 2135 458 2181 Sind,
482 2148 511 2173 s.
537 2136 685 2172 omnino
716 2137 764 2174 de
783 2150 825 2174 ea
847 2138 1010 2186 regione,

345 2205 441 2240 quae
461 2193 555 2230 inter
575 2197 689 2229 terras
708 2193 851 2231 Multan
872 2200 909 2232 et
929 2194 1009 2231 Gu-

345 2253 447 2286 zerat
470 2249 540 2285 sita
560 2254 626 2285 est.

566 2305 677 2356 Cap.
710 2306 788 2343 cll.

399 2357 499 2412 πρὸς
534 2358 680 2411 ἄρκτου
711 2376 750 2401 τε
782 2377 848 2401 και
880 2360 1007 2414 βορέω

343 2412 521 2467 αἰέμου]
554 2414 656 2469 πρὸς
685 2415 831 2470 α’ρκτου
866 2424 922 2456 est
955 2433 1007 2455 sc-

338 2476 569 2525 ptentrwuem
596 2487 736 2518 versus;
768 2488 839 2524 qna
867 2476 922 2523 sig
910 2476 1007 2511 rnili-

343 2531 487 2568 catione
524 2530 613 2567 alias
645 2532 869 2568 accusativus
901 2544 1006 2580 prae-

342 2587 514 2637 positioni
545 2588 776 2635 adiungitur,
814 2593 852 2624 ut
877 2587 937 2633 lv,
967 2591 1003 2628 7.

344 2643 452 2680 Conf.
470 2643 601 2681 Matth.
621 2644 687 2680 Gr.
699 2646 763 2681 (ir.
778 2657 865 2694 pag.
885 2647 1003 2684 1180.

343 2699 402 2738 De
419 2712 507 2737 voce
530 2694 680 2748 οἷνέμου
700 2701 758 2737 hic
768 2701 893 2737 addita
910 2702 1003 2737 conf.

344 2760 438 2793 nott.
458 2757 505 2793 ad
529 2756 566 2801 Ι,
592 2759 628 2796 6.
687 2756 745 2793 Ad
775 2770 849 2794 rem
881 2758 1005 2793 confer

344 2812 476 2851 Ritter.
501 2813 701 2851 Erdkunde
721 2813 750 2850 ΙΙ
769 2827 853 2864 pag.
866 2815 948 2854 692
968 2818 1005 2850 et

344 2869 417 2906 vid.
441 2869 592 2907 Excurs.
616 2870 665 2908 ad
688 2870 723 2907 h.
744 2869 766 2907 l.
797 2871 843 2908 de
866 2869 1003 2922 Caspa-

1075 1348 1154 1395 tyro
1182 1345 1271 1383 urbe
1299 1348 1338 1382 et
1368 1343 1545 1395 Pactyica
1574 1345 1739 1394 regione.

1075 1403 1165 1439 Mox
1195 1415 1274 1438 cum
1305 1414 1397 1439 rece.
1428 1403 1511 1440 edd.
1530 1403 1739 1453 scripsimus

1074 1456 1142 1497 καὶ
1162 1457 1203 1496 οἱ
1227 1456 1290 1497 ἐπὶ
1310 1455 1381 1496 τόν
1400 1455 1558 1510 χρυσὸν,
1578 1459 1639 1497 ubi
1661 1458 1740 1496 vul-

1075 1528 1124 1564 go
1147 1516 1250 1552 abest
1269 1515 1395 1552 vocula
1417 1515 1467 1554 οἵ.

1129 1568 1244 1610 τοῦτό
1264 1570 1343 1610 ἐστι
1370 1570 1526 1624 ἐρημίη]
1560 1572 1652 1608 Cum
1677 1570 1739 1607 ln·

1072 1628 1121 1674 di,
1153 1629 1281 1677 quibus
1303 1628 1391 1665 haec
1412 1630 1558 1666 deserta
1580 1631 1654 1664 sint
1684 1628 1738 1664 vi-

1070 1686 1176 1732 cina,
1219 1697 1335 1735 prope
1362 1685 1498 1722 Bactra
1523 1689 1559 1721 et
1590 1684 1737 1733 Pactyi-

1070 1754 1162 1787 cam,
1191 1741 1266 1778 sive
1298 1754 1413 1790 prope
1436 1748 1552 1778 terras
1576 1740 1670 1777 Balk
1697 1744 1735 1779 et

1070 1798 1211 1843 cabul,
1242 1810 1263 1835 e
1296 1799 1547 1847 septentrione
1573 1797 1736 1846 reliquo-

1069 1867 1146 1890 rum
1168 1854 1339 1891 Indorum
1366 1855 1544 1900 habitent,
1574 1854 1609 1890 in
1630 1866 1734 1890 mon-

1068 1911 1164 1947 tibus
1187 1910 1311 1947 Tibeti
1333 1924 1465 1961 parvae
1484 1916 1520 1948 et
1530 1910 1734 1948 Buchariae

1068 1980 1226 2017 parvae,
1269 1967 1366 2003 nulla
1394 1967 1466 2005 alia
1497 1968 1644 2004 deserta
1675 1966 1734 2004 hic

1068 2023 1218 2073 intelligi
1231 2037 1339 2074 posse
1356 2024 1433 2061 iure
1449 2028 1554 2061 notat
1573 2024 1733 2061 Heeren.

1066 2081 1180 2118 ldeen
1201 2081 1228 2126 Ι,
1254 2083 1273 2120 1
1294 2094 1329 2130 p.
1350 2080 1432 2121 340
1454 2079 1533 2118 coll.
1555 2092 1639 2130 pag.
1663 2081 1730 2127 90,

1067 2138 1136 2174 nisi
1158 2137 1303 2174 deserta
1327 2137 1420 2174 Cubi.
1481 2137 1576 2174 Add.
1598 2135 1732 2173 Malte-

1068 2194 1170 2230 brun.
1188 2193 1354 2231 Nouvell.
1368 2193 1508 2230 Annall.
1531 2194 1566 2230 d.
1585 2194 1729 2242 Voyag.

1068 2250 1098 2287 ll
1119 2263 1204 2301 pag.
1225 2252 1317 2289 323.
1361 2251 1508 2287 Montes
1530 2249 1583 2286 his
1605 2250 1730 2286 deser-

1067 2308 1112 2343 tis
1139 2308 1347 2343 adiacentes
1376 2307 1453 2342 auri
1482 2308 1584 2343 venis
1613 2307 1728 2342 abun·

1065 2364 1155 2400 dare
1176 2368 1320 2400 constat
1341 2363 1544 2411 fluviosque
1562 2362 1647 2398 inde
1665 2374 1728 2398 oc·-

1065 2420 1246 2456 cidentem
1274 2431 1397 2456 versus
1420 2432 1485 2468 per
1509 2418 1726 2455 Buchflriam

1063 2488 1236 2524 magnam
1269 2475 1481 2511 delabentes
1512 2488 1636 2511 aurum
1668 2487 1727 2512 se-

1062 2545 1141 2569 cum
1164 2533 1258 2569 serre
1279 2545 1396 2580 aeque
1418 2536 1530 2580 atque
1555 2544 1631 2576 eos,
1663 2531 1725 2580 qui

1062 2590 1108 2625 ad
1126 2590 1302 2625 orientem
1326 2600 1439 2636 aquas
1459 2590 1645 2624 volventes
1666 2586 1723 2624 vel

1062 2645 1097 2681 in
1119 2645 1214 2681 lacus
1239 2658 1278 2682 se
1299 2644 1501 2691 effundant,
1529 2644 1584 2681 vel
1602 2644 1722 2681 arenis

1062 2714 1101 2738 se
1118 2701 1354 2738 immisceant.
1400 2699 1456 2738 Ac
1476 2700 1531 2738 vel
1557 2705 1722 2751 praeter-

1060 2759 1163 2807 lapso
1187 2757 1330 2795 saeculo
1353 2758 1428 2794 auri
1449 2762 1627 2803 ramenta,
1644 2757 1720 2794 sive

1059 2814 1242 2864 pulverem
1254 2827 1414 2861 aureum,
1433 2827 1476 2852 ex
1495 2814 1550 2851 his
1560 2812 1720 2862 regioni-

1061 2871 1126 2908 bus
1154 2871 1191 2907 in
1222 2871 1389 2909 Sibiriam
1417 2871 1549 2909 deduci
1574 2869 1718 2907 solitum

1750 990 1834 1036 249
