<?xml version="1.0" encoding="UTF-8"?>
<!DOCTYPE html PUBLIC "-//W3C//DTD XHTML 1.0 Transitional//EN"
    "http://www.w3.org/TR/xhtml1/DTD/xhtml1-transitional.dtd">
<html xmlns="http://www.w3.org/1999/xhtml" xml:lang="en" lang="en">
 <head>
  <title>
</title>
<meta http-equiv="Content-Type" content="text/html;charset=utf-8" />
  <meta name='ocr-system' content='tesseract 3.04.00' />
  <meta name='ocr-capabilities' content='ocr_page ocr_carea ocr_par ocr_line ocrx_word'/>
</head>
<body>
  <div class='ocr_page' id='page_1' title='image "./musaeherodoto02hero_0155.png"; bbox 0 0 1904 3304; ppageno 0'>
   <div class='ocr_carea' id='block_1_1' title="bbox 567 279 1444 323">
    <p class='ocr_par' dir='ltr' id='par_1_1' title="bbox 567 279 1444 323">
     <span class='ocr_line' id='line_1_1' title="bbox 567 279 1444 323; baseline 0.006 -5"><span class='ocrx_word' id='word_1_1' title='bbox 567 279 915 319; x_wconf 84' lang='lat' dir='ltr'>THALIA.</span> <span class='ocrx_word' id='word_1_2' title='bbox 976 280 1038 320; x_wconf 88' lang='lat'>111.</span> <span class='ocrx_word' id='word_1_3' title='bbox 1362 284 1444 323; x_wconf 74' lang='lat'>147</span> 
     </span>
    </p>
   </div>
   <div class='ocr_carea' id='block_1_2' title="bbox 37 387 1607 1304">
    <p class='ocr_par' dir='ltr' id='par_1_2' title="bbox 37 387 1607 1304">
     <span class='ocr_line' id='line_1_2' title="bbox 171 387 1444 447; baseline 0 -13"><span class='ocrx_word' id='word_1_4' title='bbox 171 389 260 434; x_wconf 80' lang='grc' dir='ltr'><strong><em>οἶδε</em></strong></span> <span class='ocrx_word' id='word_1_5' title='bbox 288 388 423 433; x_wconf 83' lang='grc' dir='ltr'><strong><em>καλὸν</em></strong></span> <span class='ocrx_word' id='word_1_6' title='bbox 452 388 602 437; x_wconf 77' lang='grc' dir='ltr'><strong><em>οὐδὲν,</em></strong></span> <span class='ocrx_word' id='word_1_7' title='bbox 644 387 745 433; x_wconf 83' lang='grc' dir='ltr'><strong><em>οὐδ’</em></strong></span> <span class='ocrx_word' id='word_1_8' title='bbox 779 389 971 447; x_wconf 81' lang='grc' dir='ltr'><strong><em>οἰκήῖον;</em></strong></span> <span class='ocrx_word' id='word_1_9' title='bbox 1011 387 1142 446; x_wconf 63' lang='grc' dir='ltr'><strong><em>ὠθέει</em></strong></span> <span class='ocrx_word' id='word_1_10' title='bbox 1170 406 1215 434; x_wconf 92' lang='grc' dir='ltr'>τε</span> <span class='ocrx_word' id='word_1_11' title='bbox 1245 389 1444 447; x_wconf 74' lang='grc' dir='ltr'><strong><em>ἐμπεσών</em></strong></span> 
     </span>
     <span class='ocr_line' id='line_1_3' title="bbox 167 459 1442 520; baseline 0.001 -15"><span class='ocrx_word' id='word_1_12' title='bbox 167 460 220 505; x_wconf 75' lang='grc' dir='ltr'><strong><em>τοὶ</em></strong></span> <span class='ocrx_word' id='word_1_13' title='bbox 276 459 507 517; x_wconf 81' lang='grc' dir='ltr'><strong><em>πρήγματα</em></strong></span> <span class='ocrx_word' id='word_1_14' title='bbox 573 460 679 505; x_wconf 76' lang='grc' dir='ltr'><strong><em>ἄνευ</em></strong></span> <span class='ocrx_word' id='word_1_15' title='bbox 743 462 854 506; x_wconf 99' lang='grc' dir='ltr'><strong><em>νόου</em></strong></span> <span class='ocrx_word' id='word_1_16' title='bbox 875 495 886 513; x_wconf 88' lang='grc'>,</span> <span class='ocrx_word' id='word_1_17' title='bbox 969 459 1187 519; x_wconf 76' lang='grc' dir='ltr'><strong><em>χειμάρῤῳ</em></strong></span> <span class='ocrx_word' id='word_1_18' title='bbox 1255 466 1442 520; x_wconf 77' lang='grc' dir='ltr'><strong><em>ποταμῷ</em></strong></span> 
     </span>
     <span class='ocr_line' id='line_1_4' title="bbox 165 531 1441 591; baseline 0.002 -15"><span class='ocrx_word' id='word_1_19' title='bbox 165 535 331 584; x_wconf 82' lang='grc' dir='ltr'><strong><em>ἴκελος;</em></strong></span> <span class='ocrx_word' id='word_1_20' title='bbox 360 531 497 591; x_wconf 81' lang='grc' dir='ltr'><strong><em>Δήμῳ</em></strong></span> <span class='ocrx_word' id='word_1_21' title='bbox 529 532 608 589; x_wconf 90' lang='grc' dir='ltr'>μέν</span> <span class='ocrx_word' id='word_1_22' title='bbox 636 550 744 588; x_wconf 89' lang='grc' dir='ltr'><strong><em>νυν,</em></strong></span> <span class='ocrx_word' id='word_1_23' title='bbox 779 538 822 578; x_wconf 83' lang='grc' dir='ltr'>οἳ</span> <span class='ocrx_word' id='word_1_24' title='bbox 854 535 1051 590; x_wconf 80' lang='grc' dir='ltr'><strong><em>Πέρσῃσι</em></strong></span> <span class='ocrx_word' id='word_1_25' title='bbox 1079 532 1219 576; x_wconf 79' lang='grc' dir='ltr'><strong><em>κακόν</em></strong></span> <span class='ocrx_word' id='word_1_26' title='bbox 1248 533 1441 585; x_wconf 82' lang='grc' dir='ltr'><strong><em>νοέουσι,</em></strong></span> 
     </span>
     <span class='ocr_line' id='line_1_5' title="bbox 137 599 1444 661; baseline 0.004 -16"><span class='ocrx_word' id='word_1_27' title='bbox 137 599 292 648; x_wconf 81' lang='grc' dir='ltr'><strong><em>4οὗτοι</em></strong></span> <span class='ocrx_word' id='word_1_28' title='bbox 329 602 549 660; x_wconf 72' lang='grc' dir='ltr'><strong><em>χράσθων.</em></strong></span> <span class='ocrx_word' id='word_1_29' title='bbox 619 603 742 661; x_wconf 80' lang='grc' dir='ltr'><em>ἡμεῖς</em></span> <span class='ocrx_word' id='word_1_30' title='bbox 783 605 851 653; x_wconf 81' lang='grc' dir='ltr'>δὲ,</span> <span class='ocrx_word' id='word_1_31' title='bbox 907 602 1086 659; x_wconf 77' lang='grc' dir='ltr'><strong><em>ἀνδρῶν</em></strong></span> <span class='ocrx_word' id='word_1_32' title='bbox 1124 608 1215 648; x_wconf 75' lang='grc' dir='ltr'>τῶν</span> <span class='ocrx_word' id='word_1_33' title='bbox 1253 603 1444 661; x_wconf 78' lang='grc' dir='ltr'><strong><em>ἀρίστων</em></strong></span> 
     </span>
     <span class='ocr_line' id='line_1_6' title="bbox 164 674 1497 732; baseline -0.001 -12"><span class='ocrx_word' id='word_1_34' title='bbox 164 675 429 727; x_wconf 76' lang='grc' dir='ltr'><strong><em>ἐπιλέξαντες</em></strong></span> <span class='ocrx_word' id='word_1_35' title='bbox 453 674 649 732; x_wconf 87' lang='grc' dir='ltr'><strong><em>ὁμιλίην,</em></strong></span> <span class='ocrx_word' id='word_1_36' title='bbox 680 676 878 720; x_wconf 86' lang='grc' dir='ltr'><strong><em>τούτοισι</em></strong></span> <span class='ocrx_word' id='word_1_37' title='bbox 896 677 1169 731; x_wconf 80' lang='grc' dir='ltr'><strong><em>περιθέωμεν</em></strong></span> <span class='ocrx_word' id='word_1_38' title='bbox 1188 675 1236 720; x_wconf 86' lang='grc' dir='ltr'>τὸ</span> <span class='ocrx_word' id='word_1_39' title='bbox 1260 676 1497 731; x_wconf 65' lang='lat' dir='ltr'>nocitos-65</span> 
     </span>
     <span class='ocr_line' id='line_1_7' title="bbox 135 744 1441 804; baseline 0.005 -17"><span class='ocrx_word' id='word_1_40' title='bbox 135 747 218 790; x_wconf 74' lang='grc' dir='ltr'><strong><em>ὀὲν</em></strong></span> <span class='ocrx_word' id='word_1_41' title='bbox 246 747 328 802; x_wconf 82' lang='grc' dir='ltr'>γὰρ</span> <span class='ocrx_word' id='word_1_42' title='bbox 363 745 416 802; x_wconf 77' lang='grc' dir='ltr'>δὴ</span> <span class='ocrx_word' id='word_1_43' title='bbox 446 745 642 790; x_wconf 86' lang='grc' dir='ltr'><strong><em>τούτοισι</em></strong></span> <span class='ocrx_word' id='word_1_44' title='bbox 671 749 745 791; x_wconf 86' lang='grc' dir='ltr'>καὶ</span> <span class='ocrx_word' id='word_1_45' title='bbox 776 747 902 792; x_wconf 79' lang='grc' dir='ltr'><strong><em>αὐτοὶ</em></strong></span> <span class='ocrx_word' id='word_1_46' title='bbox 939 744 1188 802; x_wconf 80' lang='grc' dir='ltr'><strong><em>ἐνεσόμεθα.</em></strong></span> <span class='ocrx_word' id='word_1_47' title='bbox 1249 746 1441 804; x_wconf 76' lang='grc' dir='ltr'><strong><em>ἀρίστων</em></strong></span> 
     </span>
     <span class='ocr_line' id='line_1_8' title="bbox 165 817 1441 876; baseline -0.001 -13"><span class='ocrx_word' id='word_1_48' title='bbox 165 819 210 863; x_wconf 80' lang='grc' dir='ltr'>δὲ</span> <span class='ocrx_word' id='word_1_49' title='bbox 232 817 410 872; x_wconf 79' lang='grc' dir='ltr'><strong><em>ἀνδρῶν</em></strong></span> <span class='ocrx_word' id='word_1_50' title='bbox 441 817 558 868; x_wconf 85' lang='grc' dir='ltr'><strong><em>οἰκὸς</em></strong></span> <span class='ocrx_word' id='word_1_51' title='bbox 580 817 737 873; x_wconf 75' lang='grc' dir='ltr'><strong><em>ἄριστα</em></strong></span> <span class='ocrx_word' id='word_1_52' title='bbox 758 817 1037 876; x_wconf 82' lang='grc' dir='ltr'><strong><em>βουλεύματα</em></strong></span> <span class='ocrx_word' id='word_1_53' title='bbox 1061 820 1273 873; x_wconf 82' lang='grc' dir='ltr'><strong><em>γίνεσθαι.</em></strong></span> <span class='ocrx_word' id='word_1_54' title='bbox 1277 823 1299 843; x_wconf 86' lang='grc'>“</span> <span class='ocrx_word' id='word_1_55' title='bbox 1349 823 1441 862; x_wconf 87' lang='grc' dir='ltr'>Με-</span> 
     </span>
     <span class='ocr_line' id='line_1_9' title="bbox 37 889 1607 948; baseline -0.002 -12"><span class='ocrx_word' id='word_1_56' title='bbox 37 891 102 937; x_wconf 79' lang='grc'>82</span> <span class='ocrx_word' id='word_1_57' title='bbox 161 889 350 947; x_wconf 77' lang='grc' dir='ltr'><strong><em>γάβυζος</em></strong></span> <span class='ocrx_word' id='word_1_58' title='bbox 379 889 458 944; x_wconf 78' lang='grc' dir='ltr'>μὲν</span> <span class='ocrx_word' id='word_1_59' title='bbox 488 889 540 945; x_wconf 72' lang='grc' dir='ltr'>δὴ</span> <span class='ocrx_word' id='word_1_60' title='bbox 571 889 734 947; x_wconf 85' lang='grc' dir='ltr'><strong><em>ταύτην</em></strong></span> <span class='ocrx_word' id='word_1_61' title='bbox 762 890 942 948; x_wconf 80' lang='grc' dir='ltr'><strong><em>γνώμην</em></strong></span> <span class='ocrx_word' id='word_1_62' title='bbox 965 889 1154 945; x_wconf 79' lang='grc' dir='ltr'><strong><em>ἐσέφερε.</em></strong></span> <span class='ocrx_word' id='word_1_63' title='bbox 1219 891 1374 945; x_wconf 90' lang='grc' dir='ltr'><strong><em>Τρίτος</em></strong></span> <span class='ocrx_word' id='word_1_64' title='bbox 1395 890 1441 934; x_wconf 82' lang='grc' dir='ltr'>δὲ</span> <span class='ocrx_word' id='word_1_65' title='bbox 1498 913 1607 942; x_wconf 77' lang='lat' dir='ltr'>cinam.</span> 
     </span>
     <span class='ocr_line' id='line_1_10' title="bbox 163 957 1500 1018; baseline -0.002 -13"><span class='ocrx_word' id='word_1_66' title='bbox 163 966 351 1017; x_wconf 87' lang='grc' dir='ltr'><strong><em>Δαρεῖος</em></strong></span> <span class='ocrx_word' id='word_1_67' title='bbox 380 958 662 1005; x_wconf 70' lang='grc' dir='ltr'><strong><em>ἀπεδείκνυτο</em></strong></span> <span class='ocrx_word' id='word_1_68' title='bbox 692 960 895 1018; x_wconf 78' lang='grc' dir='ltr'><strong><em>γνώμην,</em></strong></span> <span class='ocrx_word' id='word_1_69' title='bbox 925 960 1063 1016; x_wconf 83' lang='grc' dir='ltr'><strong><em>λέγων</em></strong></span> <span class='ocrx_word' id='word_1_70' title='bbox 1082 977 1091 986; x_wconf 88' lang='grc'><em>·</em></span> <span class='ocrx_word' id='word_1_71' title='bbox 1150 991 1173 1011; x_wconf 86' lang='grc'>,,</span> <span class='ocrx_word' id='word_1_72' title='bbox 1181 957 1304 1016; x_wconf 88' lang='grc' dir='ltr'><strong><em>Ἐμοι</em></strong></span> <span class='ocrx_word' id='word_1_73' title='bbox 1327 961 1373 1004; x_wconf 88' lang='grc' dir='ltr'>δε</span> <span class='ocrx_word' id='word_1_74' title='bbox 1389 961 1441 1004; x_wconf 77' lang='grc' dir='ltr'>τὰ</span> <span class='ocrx_word' id='word_1_75' title='bbox 1455 967 1500 1002; x_wconf 88' lang='lat'>70</span> 
     </span>
     <span class='ocr_line' id='line_1_11' title="bbox 161 1031 1442 1089; baseline -0.001 -13"><span class='ocrx_word' id='word_1_76' title='bbox 161 1033 240 1088; x_wconf 77' lang='grc' dir='ltr'>μὲν</span> <span class='ocrx_word' id='word_1_77' title='bbox 269 1031 359 1077; x_wconf 82' lang='grc' dir='ltr'><strong><em>εἶπε</em></strong></span> <span class='ocrx_word' id='word_1_78' title='bbox 388 1031 647 1089; x_wconf 80' lang='grc' dir='ltr'><strong><em>Μεγάβυζος</em></strong></span> <span class='ocrx_word' id='word_1_79' title='bbox 687 1035 731 1086; x_wconf 83' lang='grc' dir='ltr'><strong><em>ές</em></strong></span> <span class='ocrx_word' id='word_1_80' title='bbox 770 1033 818 1078; x_wconf 86' lang='grc' dir='ltr'>τὸ</span> <span class='ocrx_word' id='word_1_81' title='bbox 858 1037 1031 1089; x_wconf 82' lang='grc' dir='ltr'><strong><em>πλῆθος</em></strong></span> <span class='ocrx_word' id='word_1_82' title='bbox 1072 1031 1248 1087; x_wconf 71' lang='grc' dir='ltr'><strong><em>ἔχοντα,</em></strong></span> <span class='ocrx_word' id='word_1_83' title='bbox 1300 1031 1442 1075; x_wconf 83' lang='grc' dir='ltr'><strong><em>δοκέει</em></strong></span> 
     </span>
     <span class='ocr_line' id='line_1_12' title="bbox 163 1098 1440 1159; baseline -0.002 -11"><span class='ocrx_word' id='word_1_84' title='bbox 163 1103 312 1159; x_wconf 77' lang='grc' dir='ltr'><strong><em>ὀρθῶς</em></strong></span> <span class='ocrx_word' id='word_1_85' title='bbox 351 1103 488 1157; x_wconf 80' lang='grc' dir='ltr'><strong><em>λέξαι·</em></strong></span> <span class='ocrx_word' id='word_1_86' title='bbox 555 1105 608 1148; x_wconf 84' lang='grc' dir='ltr'>τὰ</span> <span class='ocrx_word' id='word_1_87' title='bbox 649 1101 689 1148; x_wconf 87' lang='grc' dir='ltr'>δ’</span> <span class='ocrx_word' id='word_1_88' title='bbox 733 1103 775 1155; x_wconf 84' lang='grc' dir='ltr'><strong><em>ές</em></strong></span> <span class='ocrx_word' id='word_1_89' title='bbox 818 1101 1097 1158; x_wconf 78' lang='grc' dir='ltr'><strong><em>ὀλιγαρχίην,</em></strong></span> <span class='ocrx_word' id='word_1_90' title='bbox 1151 1098 1234 1144; x_wconf 79' lang='grc' dir='ltr'>οὐκ</span> <span class='ocrx_word' id='word_1_91' title='bbox 1282 1100 1440 1157; x_wconf 78' lang='grc' dir='ltr'><strong><em>ὀρθῶς.</em></strong></span> 
     </span>
     <span class='ocr_line' id='line_1_13' title="bbox 133 1173 1440 1233; baseline 0.001 -16"><span class='ocrx_word' id='word_1_92' title='bbox 133 1179 317 1231; x_wconf 73' lang='grc' dir='ltr'><strong><em>ΞΤριῶν</em></strong></span> <span class='ocrx_word' id='word_1_93' title='bbox 356 1175 441 1233; x_wconf 77' lang='grc' dir='ltr'>γοὲρ</span> <span class='ocrx_word' id='word_1_94' title='bbox 488 1177 810 1233; x_wconf 85' lang='grc' dir='ltr'><strong><em>προκειμένων,</em></strong></span> <span class='ocrx_word' id='word_1_95' title='bbox 861 1173 935 1217; x_wconf 87' lang='grc' dir='ltr'>καὶ</span> <span class='ocrx_word' id='word_1_96' title='bbox 982 1174 1162 1217; x_wconf 83' lang='grc' dir='ltr'><strong><em>πάντων</em></strong></span> <span class='ocrx_word' id='word_1_97' title='bbox 1203 1177 1292 1216; x_wconf 80' lang='grc' dir='ltr'>τῶν</span> <span class='ocrx_word' id='word_1_98' title='bbox 1330 1173 1440 1229; x_wconf 76' lang='grc' dir='ltr'><strong><em>λέγω</em></strong></span> 
     </span>
     <span class='ocr_line' id='line_1_14' title="bbox 163 1241 1442 1304; baseline -0.002 -14"><span class='ocrx_word' id='word_1_99' title='bbox 163 1247 352 1302; x_wconf 80' lang='grc' dir='ltr'><strong><em>ἀρίστων</em></strong></span> <span class='ocrx_word' id='word_1_100' title='bbox 382 1247 565 1301; x_wconf 80' lang='grc' dir='ltr'><strong><em>ἐόντων,</em></strong></span> <span class='ocrx_word' id='word_1_101' title='bbox 598 1247 739 1304; x_wconf 89' lang='grc' dir='ltr'><strong><em>δήμου</em></strong></span> <span class='ocrx_word' id='word_1_102' title='bbox 767 1262 811 1290; x_wconf 86' lang='grc' dir='ltr'>τε</span> <span class='ocrx_word' id='word_1_103' title='bbox 841 1243 1046 1301; x_wconf 76' lang='grc' dir='ltr'><strong><em>ἀρίστου,</em></strong></span> <span class='ocrx_word' id='word_1_104' title='bbox 1077 1244 1151 1287; x_wconf 85' lang='grc' dir='ltr'>καὶ</span> <span class='ocrx_word' id='word_1_105' title='bbox 1180 1241 1442 1301; x_wconf 83' lang='grc' dir='ltr'><strong><em>ὀλιγαρχίης,</em></strong></span> 
     </span>
    </p>
   </div>
   <div class='ocr_carea' id='block_1_3' title="bbox 1499 879 1776 908">
    <p class='ocr_par' dir='ltr' id='par_1_3' title="bbox 1499 879 1776 908">
     <span class='ocr_line' id='line_1_15' title="bbox 1499 879 1776 908; baseline 0.007 -2"><span class='ocrx_word' id='word_1_106' title='bbox 1499 879 1571 906; x_wconf 83' lang='lat' dir='ltr'>Dari</span> <span class='ocrx_word' id='word_1_107' title='bbox 1548 888 1609 907; x_wconf 80' lang='lat' dir='ltr'>rius</span> <span class='ocrx_word' id='word_1_108' title='bbox 1653 880 1776 908; x_wconf 80' lang='lat' dir='ltr'>Monar-</span> 
     </span>
    </p>
   </div>
   <div class='ocr_carea' id='block_1_4' title="bbox 106 1330 299 1333">
    <p class='ocr_par' dir='ltr' id='par_1_4' title="bbox 106 1330 299 1333">
     <span class='ocr_line' id='line_1_16' title="bbox 106 1330 299 1333; baseline 0 0"><span class='ocrx_word' id='word_1_109' title='bbox 106 1330 299 1333; x_wconf 95' lang='lat' dir='ltr'> </span> 
     </span>
    </p>
   </div>
   <div class='ocr_carea' id='block_1_5' title="bbox 103 1358 772 1855">
    <p class='ocr_par' dir='ltr' id='par_1_5' title="bbox 103 1358 772 1855">
     <span class='ocr_line' id='line_1_17' title="bbox 167 1358 771 1414; baseline 0 -11"><span class='ocrx_word' id='word_1_110' title='bbox 167 1359 289 1403; x_wconf 66' lang='grc' dir='ltr'><strong><em>ὠθέει</em></strong></span> <span class='ocrx_word' id='word_1_111' title='bbox 315 1379 354 1403; x_wconf 86' lang='grc' dir='ltr'>τε</span> <span class='ocrx_word' id='word_1_112' title='bbox 387 1361 568 1413; x_wconf 74' lang='grc' dir='ltr'><strong><em>ἐμπεσών</em></strong></span> <span class='ocrx_word' id='word_1_113' title='bbox 591 1361 639 1403; x_wconf 73' lang='grc' dir='ltr'>τοὶ</span> <span class='ocrx_word' id='word_1_114' title='bbox 669 1358 771 1414; x_wconf 82' lang='grc' dir='ltr'><strong><em>πρή-</em></strong></span> 
     </span>
     <span class='ocr_line' id='line_1_18' title="bbox 108 1417 772 1473; baseline -0.002 -15"><span class='ocrx_word' id='word_1_115' title='bbox 108 1436 233 1473; x_wconf 77' lang='grc' dir='ltr'><strong><em>γματα</em></strong></span> <span class='ocrx_word' id='word_1_116' title='bbox 258 1418 355 1459; x_wconf 68' lang='grc' dir='ltr'><strong><em>ἄνευ</em></strong></span> <span class='ocrx_word' id='word_1_117' title='bbox 376 1417 488 1471; x_wconf 81' lang='grc' dir='ltr'><strong><em>νόου]</em></strong></span> <span class='ocrx_word' id='word_1_118' title='bbox 519 1421 540 1459; x_wconf 91' lang='lat' dir='ltr'>i.</span> <span class='ocrx_word' id='word_1_119' title='bbox 561 1435 591 1459; x_wconf 87' lang='lat' dir='ltr'>e.</span> <span class='ocrx_word' id='word_1_120' title='bbox 606 1424 699 1471; x_wconf 79' lang='lat' dir='ltr'>„qui</span> <span class='ocrx_word' id='word_1_121' title='bbox 711 1421 772 1457; x_wconf 75' lang='lat' dir='ltr'>cle-</span> 
     </span>
     <span class='ocr_line' id='line_1_19' title="bbox 103 1480 771 1528; baseline 0.001 -15"><span class='ocrx_word' id='word_1_122' title='bbox 103 1482 264 1528; x_wconf 74' lang='lat' dir='ltr'>properet</span> <span class='ocrx_word' id='word_1_123' title='bbox 286 1480 429 1526; x_wconf 72' lang='lat' dir='ltr'>negotia</span> <span class='ocrx_word' id='word_1_124' title='bbox 450 1492 525 1514; x_wconf 78' lang='lat' dir='ltr'>cum</span> <span class='ocrx_word' id='word_1_125' title='bbox 546 1480 676 1528; x_wconf 71' lang='lat' dir='ltr'>impetu</span> <span class='ocrx_word' id='word_1_126' title='bbox 696 1480 771 1514; x_wconf 80' lang='lat' dir='ltr'>sine</span> 
     </span>
     <span class='ocr_line' id='line_1_20' title="bbox 108 1535 770 1585; baseline 0.002 -15"><span class='ocrx_word' id='word_1_127' title='bbox 108 1539 219 1571; x_wconf 74' lang='lat' dir='ltr'>mente</span> <span class='ocrx_word' id='word_1_128' title='bbox 244 1537 404 1581; x_wconf 72' lang='lat' dir='ltr'>irruens,</span> <span class='ocrx_word' id='word_1_129' title='bbox 437 1536 484 1572; x_wconf 89' lang='lat' dir='ltr'>de</span> <span class='ocrx_word' id='word_1_130' title='bbox 514 1535 644 1585; x_wconf 87' lang='lat' dir='ltr'>plebe,</span> <span class='ocrx_word' id='word_1_131' title='bbox 675 1547 770 1584; x_wconf 82' lang='lat' dir='ltr'>quae</span> 
     </span>
     <span class='ocr_line' id='line_1_21' title="bbox 107 1592 768 1641; baseline 0 -13"><span class='ocrx_word' id='word_1_132' title='bbox 107 1592 144 1628; x_wconf 90' lang='lat' dir='ltr'>in</span> <span class='ocrx_word' id='word_1_133' title='bbox 168 1605 224 1628; x_wconf 87' lang='lat' dir='ltr'>res</span> <span class='ocrx_word' id='word_1_134' title='bbox 246 1592 406 1641; x_wconf 81' lang='lat' dir='ltr'>publicas</span> <span class='ocrx_word' id='word_1_135' title='bbox 431 1592 638 1629; x_wconf 79' lang='lat' dir='ltr'>tractandas</span> <span class='ocrx_word' id='word_1_136' title='bbox 660 1592 689 1627; x_wconf 90' lang='lat' dir='ltr'>si</span> <span class='ocrx_word' id='word_1_137' title='bbox 710 1592 768 1628; x_wconf 88' lang='lat' dir='ltr'>in-</span> 
     </span>
     <span class='ocr_line' id='line_1_22' title="bbox 107 1648 769 1699; baseline 0 -15"><span class='ocrx_word' id='word_1_138' title='bbox 107 1648 256 1694; x_wconf 87' lang='lat' dir='ltr'>ciderit,</span> <span class='ocrx_word' id='word_1_139' title='bbox 287 1649 408 1685; x_wconf 85' lang='lat' dir='ltr'>omnia</span> <span class='ocrx_word' id='word_1_140' title='bbox 433 1661 592 1699; x_wconf 81' lang='lat' dir='ltr'>propere</span> <span class='ocrx_word' id='word_1_141' title='bbox 616 1648 769 1696; x_wconf 78' lang='lat' dir='ltr'><strong>transigi</strong></span> 
     </span>
     <span class='ocr_line' id='line_1_23' title="bbox 108 1704 770 1753; baseline -0.002 -12"><span class='ocrx_word' id='word_1_142' title='bbox 108 1709 319 1753; x_wconf 82' lang='lat' dir='ltr'>temereque</span> <span class='ocrx_word' id='word_1_143' title='bbox 358 1705 486 1741; x_wconf 80' lang='lat' dir='ltr'>confici</span> <span class='ocrx_word' id='word_1_144' title='bbox 524 1704 617 1742; x_wconf 84' lang='lat' dir='ltr'>velit.</span> <span class='ocrx_word' id='word_1_145' title='bbox 698 1705 770 1741; x_wconf 90' lang='lat' dir='ltr'>Hic</span> 
     </span>
     <span class='ocr_line' id='line_1_24' title="bbox 109 1761 770 1809; baseline 0 -11"><span class='ocrx_word' id='word_1_146' title='bbox 109 1761 204 1798; x_wconf 88' lang='lat' dir='ltr'>enim</span> <span class='ocrx_word' id='word_1_147' title='bbox 226 1762 461 1809; x_wconf 84' lang='lat' dir='ltr'>cogitandum</span> <span class='ocrx_word' id='word_1_148' title='bbox 489 1762 536 1799; x_wconf 80' lang='lat' dir='ltr'>de</span> <span class='ocrx_word' id='word_1_149' title='bbox 563 1762 770 1798; x_wconf 72' lang='lat' dir='ltr'>temeritate</span> 
     </span>
     <span class='ocr_line' id='line_1_25' title="bbox 107 1817 771 1855; baseline -0.002 -1"><span class='ocrx_word' id='word_1_150' title='bbox 107 1817 320 1854; x_wconf 85' lang='lat' dir='ltr'>concionum</span> <span class='ocrx_word' id='word_1_151' title='bbox 346 1818 567 1854; x_wconf 87' lang='lat' dir='ltr'>Graecarum</span> <span class='ocrx_word' id='word_1_152' title='bbox 589 1823 626 1855; x_wconf 90' lang='lat' dir='ltr'>et</span> <span class='ocrx_word' id='word_1_153' title='bbox 648 1822 771 1854; x_wconf 81' lang='lat' dir='ltr'>orato-</span> 
     </span>
    </p>
   </div>
   <div class='ocr_carea' id='block_1_6' title="bbox 46 1874 770 1923">
    <p class='ocr_par' dir='ltr' id='par_1_6' title="bbox 46 1874 770 1923">
     <span class='ocr_line' id='line_1_26' title="bbox 46 1874 770 1923; baseline 0 -13"><span class='ocrx_word' id='word_1_154' title='bbox 46 1905 57 1915; x_wconf 93' lang='grc'>,</span> <span class='ocrx_word' id='word_1_155' title='bbox 106 1886 184 1910; x_wconf 84' lang='lat' dir='ltr'>rum</span> <span class='ocrx_word' id='word_1_156' title='bbox 203 1874 341 1923; x_wconf 84' lang='lat' dir='ltr'>impetu</span> <span class='ocrx_word' id='word_1_157' title='bbox 352 1875 560 1921; x_wconf 81' lang='lat' dir='ltr'>temerario&gt;</span> <span class='ocrx_word' id='word_1_158' title='bbox 573 1879 611 1911; x_wconf 87' lang='lat' dir='ltr'>ut</span> <span class='ocrx_word' id='word_1_159' title='bbox 630 1875 770 1911; x_wconf 84' lang='lat' dir='ltr'>dudum</span> 
     </span>
    </p>
   </div>
   <div class='ocr_carea' id='block_1_7' title="bbox 108 1929 773 2996">
    <p class='ocr_par' dir='ltr' id='par_1_7' title="bbox 108 1929 442 1967">
     <span class='ocr_line' id='line_1_27' title="bbox 108 1929 442 1967; baseline 0.003 -1"><span class='ocrx_word' id='word_1_160' title='bbox 108 1930 248 1966; x_wconf 88' lang='lat' dir='ltr'>monuit</span> <span class='ocrx_word' id='word_1_161' title='bbox 266 1929 442 1967; x_wconf 70' lang='lat' dir='ltr'>Valcken.</span> 
     </span>
    </p>

    <p class='ocr_par' dir='ltr' id='par_1_8' title="bbox 109 1981 773 2996">
     <span class='ocr_line' id='line_1_28' title="bbox 167 1981 770 2039; baseline 0.002 -16"><span class='ocrx_word' id='word_1_162' title='bbox 167 1981 364 2038; x_wconf 63' lang='grc' dir='ltr'><strong><em>χειμάρᾇ</em></strong></span> <span class='ocrx_word' id='word_1_163' title='bbox 410 1987 575 2039; x_wconf 77' lang='grc' dir='ltr'><strong><em>ποταμῷ</em></strong></span> <span class='ocrx_word' id='word_1_164' title='bbox 616 1983 770 2036; x_wconf 74' lang='grc' dir='ltr'><strong><em>ἴκελος]</em></strong></span> 
     </span>
     <span class='ocr_line' id='line_1_29' title="bbox 109 2041 772 2092; baseline 0.002 -15"><span class='ocrx_word' id='word_1_165' title='bbox 109 2041 297 2090; x_wconf 84' lang='lat' dir='ltr'>Frequens</span> <span class='ocrx_word' id='word_1_166' title='bbox 328 2042 417 2079; x_wconf 87' lang='lat' dir='ltr'>haec</span> <span class='ocrx_word' id='word_1_167' title='bbox 438 2043 558 2091; x_wconf 72' lang='lat' dir='ltr'>imago</span> <span class='ocrx_word' id='word_1_168' title='bbox 581 2043 679 2092; x_wconf 86' lang='lat' dir='ltr'>apud</span> <span class='ocrx_word' id='word_1_169' title='bbox 709 2055 772 2078; x_wconf 76' lang='lat' dir='ltr'>ve-</span> 
     </span>
     <span class='ocr_line' id='line_1_30' title="bbox 109 2097 771 2148; baseline 0.003 -15"><span class='ocrx_word' id='word_1_170' title='bbox 109 2102 203 2135; x_wconf 79' lang='lat' dir='ltr'>teres</span> <span class='ocrx_word' id='word_1_171' title='bbox 226 2099 415 2148; x_wconf 71' lang='lat' dir='ltr'>reperitur.</span> <span class='ocrx_word' id='word_1_172' title='bbox 454 2099 535 2136; x_wconf 76' lang='lat' dir='ltr'>vid.</span> <span class='ocrx_word' id='word_1_173' title='bbox 559 2099 708 2135; x_wconf 79' lang='lat' dir='ltr'>Homer.</span> <span class='ocrx_word' id='word_1_174' title='bbox 733 2097 771 2135; x_wconf 87' lang='lat' dir='ltr'>ll.</span> 
     </span>
     <span class='ocr_line' id='line_1_31' title="bbox 109 2153 773 2200; baseline 0.002 -11"><span class='ocrx_word' id='word_1_175' title='bbox 109 2153 155 2200; x_wconf 93' lang='grc' dir='ltr'>ΙΙ,</span> <span class='ocrx_word' id='word_1_176' title='bbox 188 2154 278 2194; x_wconf 75' lang='lat'>144.</span> <span class='ocrx_word' id='word_1_177' title='bbox 346 2155 426 2192; x_wconf 72' lang='lat' dir='ltr'>Ana</span> <span class='ocrx_word' id='word_1_178' title='bbox 457 2156 504 2192; x_wconf 85' lang='lat' dir='ltr'>ad</span> <span class='ocrx_word' id='word_1_179' title='bbox 535 2155 569 2192; x_wconf 90' lang='lat' dir='ltr'>h.</span> <span class='ocrx_word' id='word_1_180' title='bbox 599 2154 620 2193; x_wconf 92' lang='lat' dir='ltr'>l.</span> <span class='ocrx_word' id='word_1_181' title='bbox 653 2154 773 2191; x_wconf 77' lang='lat' dir='ltr'>attulit</span> 
     </span>
     <span class='ocr_line' id='line_1_32' title="bbox 109 2210 770 2261; baseline 0.002 -15"><span class='ocrx_word' id='word_1_182' title='bbox 109 2210 283 2248; x_wconf 61' lang='lat' dir='ltr'>Valcken.</span> <span class='ocrx_word' id='word_1_183' title='bbox 323 2211 492 2261; x_wconf 84' lang='lat' dir='ltr'>Sophocl.</span> <span class='ocrx_word' id='word_1_184' title='bbox 519 2211 643 2259; x_wconf 80' lang='lat' dir='ltr'>Antig.</span> <span class='ocrx_word' id='word_1_185' title='bbox 676 2214 770 2251; x_wconf 79' lang='lat'>727.</span> 
     </span>
     <span class='ocr_line' id='line_1_33' title="bbox 110 2266 773 2317; baseline 0 -14"><span class='ocrx_word' id='word_1_186' title='bbox 110 2267 225 2304; x_wconf 87' lang='lat' dir='ltr'>Cicer.</span> <span class='ocrx_word' id='word_1_187' title='bbox 248 2281 315 2317; x_wconf 91' lang='lat' dir='ltr'>pro</span> <span class='ocrx_word' id='word_1_188' title='bbox 335 2267 457 2304; x_wconf 83' lang='lat' dir='ltr'>Plane.</span> <span class='ocrx_word' id='word_1_189' title='bbox 480 2268 516 2309; x_wconf 81' lang='lat'>4.</span> <span class='ocrx_word' id='word_1_190' title='bbox 539 2270 585 2313; x_wconf 80' lang='lat'>63</span> <span class='ocrx_word' id='word_1_191' title='bbox 607 2280 674 2317; x_wconf 89' lang='lat' dir='ltr'>pro</span> <span class='ocrx_word' id='word_1_192' title='bbox 688 2266 773 2303; x_wconf 84' lang='lat' dir='ltr'>Mu-</span> 
     </span>
     <span class='ocr_line' id='line_1_34' title="bbox 109 2324 772 2375; baseline 0.003 -17"><span class='ocrx_word' id='word_1_193' title='bbox 109 2336 207 2362; x_wconf 80' lang='lat' dir='ltr'>raen.</span> <span class='ocrx_word' id='word_1_194' title='bbox 232 2327 304 2370; x_wconf 80' lang='lat'>173</span> <span class='ocrx_word' id='word_1_195' title='bbox 325 2338 391 2375; x_wconf 85' lang='lat' dir='ltr'>pro</span> <span class='ocrx_word' id='word_1_196' title='bbox 404 2324 532 2361; x_wconf 68' lang='lat' dir='ltr'>Milon.</span> <span class='ocrx_word' id='word_1_197' title='bbox 548 2327 594 2370; x_wconf 75' lang='lat'>23</span> <span class='ocrx_word' id='word_1_198' title='bbox 617 2325 663 2360; x_wconf 91' lang='lat' dir='ltr'>de</span> <span class='ocrx_word' id='word_1_199' title='bbox 686 2337 772 2373; x_wconf 89' lang='lat' dir='ltr'>pro-</span> 
     </span>
     <span class='ocr_line' id='line_1_35' title="bbox 109 2380 770 2421; baseline 0.002 -6"><span class='ocrx_word' id='word_1_200' title='bbox 109 2380 200 2417; x_wconf 89' lang='lat' dir='ltr'><strong>vinc.</strong></span> <span class='ocrx_word' id='word_1_201' title='bbox 237 2381 388 2419; x_wconf 85' lang='lat' dir='ltr'>consull.</span> <span class='ocrx_word' id='word_1_202' title='bbox 426 2384 488 2421; x_wconf 87' lang='lat'>16.</span> <span class='ocrx_word' id='word_1_203' title='bbox 530 2381 770 2418; x_wconf 81' lang='lat' dir='ltr'>Demosthen.</span> 
     </span>
     <span class='ocr_line' id='line_1_36' title="bbox 110 2437 768 2487; baseline 0.009 -16"><span class='ocrx_word' id='word_1_204' title='bbox 110 2440 222 2473; x_wconf 88' lang='lat' dir='ltr'>contr.</span> <span class='ocrx_word' id='word_1_205' title='bbox 242 2437 371 2474; x_wconf 87' lang='lat' dir='ltr'>Aesch.</span> <span class='ocrx_word' id='word_1_206' title='bbox 393 2437 471 2474; x_wconf 88' lang='lat' dir='ltr'>fals.</span> <span class='ocrx_word' id='word_1_207' title='bbox 493 2438 564 2486; x_wconf 80' lang='lat' dir='ltr'>leg.</span> <span class='ocrx_word' id='word_1_208' title='bbox 585 2450 671 2487; x_wconf 76' lang='lat' dir='ltr'>pag.</span> <span class='ocrx_word' id='word_1_209' title='bbox 688 2439 768 2477; x_wconf 79' lang='lat'>383</span> 
     </span>
     <span class='ocr_line' id='line_1_37' title="bbox 110 2492 771 2542; baseline 0.002 -14"><span class='ocrx_word' id='word_1_210' title='bbox 110 2492 247 2538; x_wconf 71' lang='lat' dir='ltr'>Reisk„</span> <span class='ocrx_word' id='word_1_211' title='bbox 266 2507 372 2542; x_wconf 88' lang='lat' dir='ltr'>quem</span> <span class='ocrx_word' id='word_1_212' title='bbox 392 2494 524 2542; x_wconf 84' lang='lat' dir='ltr'>locum,</span> <span class='ocrx_word' id='word_1_213' title='bbox 543 2494 672 2531; x_wconf 87' lang='lat' dir='ltr'>eodem</span> <span class='ocrx_word' id='word_1_214' title='bbox 693 2507 771 2530; x_wconf 84' lang='lat' dir='ltr'>mo-</span> 
     </span>
     <span class='ocr_line' id='line_1_38' title="bbox 111 2550 770 2600; baseline 0.005 -17"><span class='ocrx_word' id='word_1_215' title='bbox 111 2554 221 2586; x_wconf 87' lang='lat' dir='ltr'>nente</span> <span class='ocrx_word' id='word_1_216' title='bbox 242 2550 430 2597; x_wconf 83' lang='lat' dir='ltr'>Valcken.‚</span> <span class='ocrx_word' id='word_1_217' title='bbox 448 2550 549 2587; x_wconf 82' lang='lat' dir='ltr'>multi</span> <span class='ocrx_word' id='word_1_218' title='bbox 577 2554 661 2600; x_wconf 87' lang='lat' dir='ltr'>post</span> <span class='ocrx_word' id='word_1_219' title='bbox 689 2551 770 2586; x_wconf 84' lang='lat' dir='ltr'>imi-</span> 
     </span>
     <span class='ocr_line' id='line_1_39' title="bbox 112 2605 772 2656; baseline 0.005 -17"><span class='ocrx_word' id='word_1_220' title='bbox 112 2605 227 2641; x_wconf 79' lang='lat' dir='ltr'>tando</span> <span class='ocrx_word' id='word_1_221' title='bbox 260 2613 525 2656; x_wconf 78' lang='lat' dir='ltr'>expresserunt.</span> <span class='ocrx_word' id='word_1_222' title='bbox 556 2629 611 2634; x_wconf 92' lang='lat'>—</span> <span class='ocrx_word' id='word_1_223' title='bbox 640 2608 772 2653; x_wconf 85' lang='lat' dir='ltr'>„Pro</span> 
     </span>
     <span class='ocr_line' id='line_1_40' title="bbox 112 2659 770 2712; baseline 0.008 -17"><span class='ocrx_word' id='word_1_224' title='bbox 112 2659 205 2696; x_wconf 88' lang='lat' dir='ltr'>elum</span> <span class='ocrx_word' id='word_1_225' title='bbox 238 2661 267 2697; x_wconf 88' lang='lat' dir='ltr'>si</span> <span class='ocrx_word' id='word_1_226' title='bbox 294 2664 419 2699; x_wconf 78' lang='lat' dir='ltr'>audias</span> <span class='ocrx_word' id='word_1_227' title='bbox 446 2664 504 2700; x_wconf 78' lang='lat' dir='ltr'>hie</span> <span class='ocrx_word' id='word_1_228' title='bbox 527 2663 624 2712; x_wconf 85' lang='lat' dir='ltr'>vulgi</span> <span class='ocrx_word' id='word_1_229' title='bbox 653 2663 770 2712; x_wconf 83' lang='lat' dir='ltr'>magis</span> 
     </span>
     <span class='ocr_line' id='line_1_41' title="bbox 112 2715 771 2768; baseline 0.008 -17"><span class='ocrx_word' id='word_1_230' title='bbox 112 2715 300 2765; x_wconf 87' lang='lat' dir='ltr'>imperium</span> <span class='ocrx_word' id='word_1_231' title='bbox 332 2719 487 2756; x_wconf 82' lang='lat' dir='ltr'>describi</span> <span class='ocrx_word' id='word_1_232' title='bbox 517 2721 629 2766; x_wconf 86' lang='lat' dir='ltr'>dicas,</span> <span class='ocrx_word' id='word_1_233' title='bbox 660 2733 771 2768; x_wconf 81' lang='lat' dir='ltr'>quam</span> 
     </span>
     <span class='ocr_line' id='line_1_42' title="bbox 111 2772 771 2822; baseline 0.009 -15"><span class='ocrx_word' id='word_1_234' title='bbox 111 2772 249 2822; x_wconf 83' lang='lat' dir='ltr'>popuii.</span> <span class='ocrx_word' id='word_1_235' title='bbox 296 2772 353 2809; x_wconf 77' lang='lat' dir='ltr'>Ita</span> <span class='ocrx_word' id='word_1_236' title='bbox 377 2776 470 2811; x_wconf 89' lang='lat' dir='ltr'>enim</span> <span class='ocrx_word' id='word_1_237' title='bbox 489 2775 573 2812; x_wconf 85' lang='lat' dir='ltr'>ille</span> <span class='ocrx_word' id='word_1_238' title='bbox 566 2789 601 2811; x_wconf 86' lang='grc' dir='ltr'>ιιι</span> <span class='ocrx_word' id='word_1_239' title='bbox 627 2775 771 2813; x_wconf 79' lang='lat' dir='ltr'>Platon.</span> 
     </span>
     <span class='ocr_line' id='line_1_43' title="bbox 111 2827 770 2884; baseline 0.014 -21"><span class='ocrx_word' id='word_1_240' title='bbox 111 2827 232 2865; x_wconf 87' lang='lat' dir='ltr'>Alcib.</span> <span class='ocrx_word' id='word_1_241' title='bbox 258 2842 311 2879; x_wconf 90' lang='lat' dir='ltr'>pr.</span> <span class='ocrx_word' id='word_1_242' title='bbox 327 2832 376 2870; x_wconf 86' lang='lat'>18</span> <span class='ocrx_word' id='word_1_243' title='bbox 396 2843 430 2880; x_wconf 92' lang='lat' dir='ltr'>p</span> <span class='ocrx_word' id='word_1_244' title='bbox 444 2832 514 2871; x_wconf 88' lang='lat'>57:</span> <span class='ocrx_word' id='word_1_245' title='bbox 543 2829 585 2870; x_wconf 93' lang='lat' dir='ltr'>O</span> <span class='ocrx_word' id='word_1_246' title='bbox 607 2829 678 2882; x_wconf 80' lang='grc' dir='ltr'>μὲν</span> <span class='ocrx_word' id='word_1_247' title='bbox 697 2829 770 2884; x_wconf 72' lang='grc' dir='ltr'>γὰρ</span> 
     </span>
     <span class='ocr_line' id='line_1_44' title="bbox 114 2880 772 2936; baseline 0.008 -14"><span class='ocrx_word' id='word_1_248' title='bbox 114 2880 278 2935; x_wconf 81' lang='grc' dir='ltr'><strong><em>δηιιός’</em></strong></span> <span class='ocrx_word' id='word_1_249' title='bbox 263 2898 341 2924; x_wconf 87' lang='grc' dir='ltr'><strong><em>εστι</em></strong></span> <span class='ocrx_word' id='word_1_250' title='bbox 362 2883 461 2936; x_wconf 77' lang='grc' dir='ltr'><strong><em>πρός</em></strong></span> <span class='ocrx_word' id='word_1_251' title='bbox 482 2884 593 2926; x_wconf 74' lang='grc' dir='ltr'><strong><em>ἑαυτὸ</em></strong></span> <span class='ocrx_word' id='word_1_252' title='bbox 611 2885 772 2928; x_wconf 80' lang='grc' dir='ltr'><strong><em>συνδεό-</em></strong></span> 
     </span>
     <span class='ocr_line' id='line_1_45' title="bbox 113 2938 770 2996; baseline 0.008 -17"><span class='ocrx_word' id='word_1_253' title='bbox 113 2954 255 2991; x_wconf 85' lang='grc' dir='ltr'><strong><em>μενον·</em></strong></span> <span class='ocrx_word' id='word_1_254' title='bbox 278 2939 348 2981; x_wconf 79' lang='grc' dir='ltr'>ὅδὲ</span> <span class='ocrx_word' id='word_1_255' title='bbox 361 2938 695 2996; x_wconf 77' lang='grc' dir='ltr'><strong><em>όχλοςδιεσπασμέ</em></strong></span> <span class='ocrx_word' id='word_1_256' title='bbox 699 2959 770 2984; x_wconf 84' lang='grc' dir='ltr'>νον</span> 
     </span>
    </p>
   </div>
   <div class='ocr_carea' id='block_1_8' title="bbox 826 1359 1498 3039">
    <p class='ocr_par' dir='ltr' id='par_1_9' title="bbox 826 1359 1498 1809">
     <span class='ocr_line' id='line_1_46' title="bbox 827 1359 1496 1413; baseline -0.004 -11"><span class='ocrx_word' id='word_1_257' title='bbox 827 1364 1006 1413; x_wconf 79' lang='grc' dir='ltr'><strong><em>πλῆθος·</em></strong></span> <span class='ocrx_word' id='word_1_258' title='bbox 1040 1359 1141 1402; x_wconf 77' lang='grc' dir='ltr'><strong><em>ὅθεν</em></strong></span> <span class='ocrx_word' id='word_1_259' title='bbox 1175 1359 1223 1413; x_wconf 79' lang='grc' dir='ltr'>δή</span> <span class='ocrx_word' id='word_1_260' title='bbox 1253 1360 1320 1400; x_wconf 83' lang='grc' dir='ltr'>καὶ</span> <span class='ocrx_word' id='word_1_261' title='bbox 1341 1359 1383 1400; x_wconf 84' lang='grc' dir='ltr'><strong><em>έν</em></strong></span> <span class='ocrx_word' id='word_1_262' title='bbox 1410 1364 1496 1408; x_wconf 84' lang='grc' dir='ltr'><strong><em>ταῖς</em></strong></span> 
     </span>
     <span class='ocr_line' id='line_1_47' title="bbox 827 1416 1497 1470; baseline -0.004 -11"><span class='ocrx_word' id='word_1_263' title='bbox 827 1420 1044 1466; x_wconf 76' lang='grc' dir='ltr'><strong><em>πολιτείαις</em></strong></span> <span class='ocrx_word' id='word_1_264' title='bbox 1092 1418 1299 1470; x_wconf 80' lang='grc' dir='ltr'><strong><em>διαφέρειν</em></strong></span> <span class='ocrx_word' id='word_1_265' title='bbox 1337 1416 1497 1470; x_wconf 82' lang='grc' dir='ltr'><strong><em>λέγουσι</em></strong></span> 
     </span>
     <span class='ocr_line' id='line_1_48' title="bbox 826 1473 1498 1528; baseline -0.003 -13"><span class='ocrx_word' id='word_1_266' title='bbox 826 1491 904 1527; x_wconf 76' lang='grc' dir='ltr'>την</span> <span class='ocrx_word' id='word_1_267' title='bbox 926 1473 1185 1528; x_wconf 61' lang='grc' dir='ltr'><strong><em>ὀχλοκρατίαι]</em></strong></span> <span class='ocrx_word' id='word_1_268' title='bbox 1207 1491 1277 1526; x_wconf 83' lang='grc' dir='ltr'>της</span> <span class='ocrx_word' id='word_1_269' title='bbox 1299 1476 1498 1525; x_wconf 82' lang='grc' dir='ltr'><strong><em>δημοκρα-</em></strong></span> 
     </span>
     <span class='ocr_line' id='line_1_49' title="bbox 827 1529 1498 1585; baseline -0.003 -13"><span class='ocrx_word' id='word_1_270' title='bbox 827 1534 931 1580; x_wconf 82' lang='grc' dir='ltr'><strong><em>τίας·</em></strong></span> <span class='ocrx_word' id='word_1_271' title='bbox 963 1533 1044 1572; x_wconf 88' lang='grc' dir='ltr'><strong><em>ε’στι</em></strong></span> <span class='ocrx_word' id='word_1_272' title='bbox 1070 1530 1145 1585; x_wconf 60' lang='grc' dir='ltr'>γάρ</span> <span class='ocrx_word' id='word_1_273' title='bbox 1171 1529 1200 1583; x_wconf 74' lang='grc' dir='ltr'><em>ἦ</em></span> <span class='ocrx_word' id='word_1_274' title='bbox 1235 1530 1307 1582; x_wconf 80' lang='grc' dir='ltr'>μὲν</span> <span class='ocrx_word' id='word_1_275' title='bbox 1332 1529 1498 1578; x_wconf 70' lang='grc' dir='ltr'><strong><em>ἄτακτος</em></strong></span> 
     </span>
     <span class='ocr_line' id='line_1_50' title="bbox 826 1585 1490 1642; baseline -0.003 -14"><span class='ocrx_word' id='word_1_276' title='bbox 826 1589 895 1629; x_wconf 87' lang='grc' dir='ltr'>καὶ</span> <span class='ocrx_word' id='word_1_277' title='bbox 914 1585 1148 1642; x_wconf 69' lang='grc' dir='ltr'><strong><em>παράνομος</em></strong></span> <span class='ocrx_word' id='word_1_278' title='bbox 1166 1587 1233 1628; x_wconf 82' lang='grc' dir='ltr'>καὶ</span> <span class='ocrx_word' id='word_1_279' title='bbox 1244 1585 1490 1639; x_wconf 80' lang='grc' dir='ltr'><strong><em>πλημμελης,</em></strong></span> 
     </span>
     <span class='ocr_line' id='line_1_51' title="bbox 827 1641 1494 1698; baseline -0.006 -12"><span class='ocrx_word' id='word_1_280' title='bbox 827 1645 855 1698; x_wconf 73' lang='grc' dir='ltr'><em>ἦ</em></span> <span class='ocrx_word' id='word_1_281' title='bbox 877 1645 918 1686; x_wconf 81' lang='grc' dir='ltr'>δὲ</span> <span class='ocrx_word' id='word_1_282' title='bbox 936 1643 1017 1686; x_wconf 84' lang='grc' dir='ltr'>υπὸ</span> <span class='ocrx_word' id='word_1_283' title='bbox 1043 1649 1121 1685; x_wconf 82' lang='grc' dir='ltr'>τῶν</span> <span class='ocrx_word' id='word_1_284' title='bbox 1152 1641 1290 1696; x_wconf 88' lang='grc' dir='ltr'><strong><em>νόμων</em></strong></span> <span class='ocrx_word' id='word_1_285' title='bbox 1311 1643 1494 1697; x_wconf 77' lang='grc' dir='ltr'><strong><em>τεταγμέ-</em></strong></span> 
     </span>
     <span class='ocr_line' id='line_1_52' title="bbox 827 1703 1494 1754; baseline -0.006 -11"><span class='ocrx_word' id='word_1_286' title='bbox 827 1719 891 1754; x_wconf 89' lang='grc' dir='ltr'><strong><em>νη.</em></strong></span> <span class='ocrx_word' id='word_1_287' title='bbox 950 1704 1024 1741; x_wconf 88' lang='lat' dir='ltr'>Ubi</span> <span class='ocrx_word' id='word_1_288' title='bbox 1051 1703 1157 1754; x_wconf 87' lang='lat' dir='ltr'>plura</span> <span class='ocrx_word' id='word_1_289' title='bbox 1182 1703 1369 1754; x_wconf 79' lang='lat' dir='ltr'>adposui</span> <span class='ocrx_word' id='word_1_290' title='bbox 1362 1715 1399 1739; x_wconf 87' lang='lat'>111</span> <span class='ocrx_word' id='word_1_291' title='bbox 1421 1703 1494 1739; x_wconf 86' lang='lat' dir='ltr'>imo</span> 
     </span>
     <span class='ocr_line' id='line_1_53' title="bbox 827 1759 1136 1809; baseline -0.006 -10"><span class='ocrx_word' id='word_1_292' title='bbox 827 1761 1035 1809; x_wconf 84' lang='lat' dir='ltr'>margine.“</span> <span class='ocrx_word' id='word_1_293' title='bbox 1069 1759 1136 1797; x_wconf 82' lang='lat' dir='ltr'>Cr.</span> 
     </span>
    </p>

    <p class='ocr_par' dir='ltr' id='par_1_10' title="bbox 827 1812 1498 2601">
     <span class='ocr_line' id='line_1_54' title="bbox 886 1812 1497 1868; baseline -0.007 -12"><span class='ocrx_word' id='word_1_294' title='bbox 886 1812 1012 1868; x_wconf 81' lang='grc' dir='ltr'><strong><em>Δήμῳ</em></strong></span> <span class='ocrx_word' id='word_1_295' title='bbox 1036 1815 1106 1866; x_wconf 84' lang='grc' dir='ltr'>μέν</span> <span class='ocrx_word' id='word_1_296' title='bbox 1133 1831 1221 1860; x_wconf 89' lang='grc' dir='ltr'><strong><em>νυν,</em></strong></span> <span class='ocrx_word' id='word_1_297' title='bbox 1255 1815 1294 1855; x_wconf 81' lang='grc' dir='ltr'>οἳ</span> <span class='ocrx_word' id='word_1_298' title='bbox 1316 1813 1497 1868; x_wconf 81' lang='grc' dir='ltr'><strong><em>Πέρσῃσι</em></strong></span> 
     </span>
     <span class='ocr_line' id='line_1_55' title="bbox 827 1872 1495 1924; baseline -0.007 -12"><span class='ocrx_word' id='word_1_299' title='bbox 827 1889 862 1912; x_wconf 85' lang='grc' dir='ltr'>κ.</span> <span class='ocrx_word' id='word_1_300' title='bbox 881 1889 910 1912; x_wconf 90' lang='grc' dir='ltr'><strong><em>τ.</em></strong></span> <span class='ocrx_word' id='word_1_301' title='bbox 929 1873 977 1924; x_wconf 53' lang='lat' dir='ltr'>[L]</span> <span class='ocrx_word' id='word_1_302' title='bbox 1009 1873 1121 1910; x_wconf 86' lang='lat' dir='ltr'>Haud</span> <span class='ocrx_word' id='word_1_303' title='bbox 1145 1872 1252 1910; x_wconf 85' lang='lat' dir='ltr'>aliter</span> <span class='ocrx_word' id='word_1_304' title='bbox 1268 1874 1344 1921; x_wconf 84' lang='lat' dir='ltr'>sere</span> <span class='ocrx_word' id='word_1_305' title='bbox 1362 1872 1495 1908; x_wconf 86' lang='lat' dir='ltr'>Fabri-</span> 
     </span>
     <span class='ocr_line' id='line_1_56' title="bbox 828 1928 1498 1978; baseline -0.006 -11"><span class='ocrx_word' id='word_1_306' title='bbox 828 1932 916 1977; x_wconf 88' lang='lat' dir='ltr'>cius,</span> <span class='ocrx_word' id='word_1_307' title='bbox 948 1930 1102 1967; x_wconf 80' lang='lat' dir='ltr'>Cineam</span> <span class='ocrx_word' id='word_1_308' title='bbox 1123 1930 1169 1966; x_wconf 83' lang='lat' dir='ltr'>de</span> <span class='ocrx_word' id='word_1_309' title='bbox 1187 1929 1336 1978; x_wconf 82' lang='lat' dir='ltr'>Epicuri</span> <span class='ocrx_word' id='word_1_310' title='bbox 1360 1928 1498 1964; x_wconf 82' lang='lat' dir='ltr'>doctri-</span> 
     </span>
     <span class='ocr_line' id='line_1_57' title="bbox 828 1984 1496 2032; baseline -0.004 -9"><span class='ocrx_word' id='word_1_311' title='bbox 828 2000 876 2023; x_wconf 82' lang='lat' dir='ltr'>na</span> <span class='ocrx_word' id='word_1_312' title='bbox 899 1987 1137 2024; x_wconf 70' lang='lat' dir='ltr'>disserentem</span> <span class='ocrx_word' id='word_1_313' title='bbox 1159 1986 1323 2032; x_wconf 85' lang='lat' dir='ltr'>audiens,</span> <span class='ocrx_word' id='word_1_314' title='bbox 1342 1984 1496 2032; x_wconf 85' lang='lat' dir='ltr'>utinam,</span> 
     </span>
     <span class='ocr_line' id='line_1_58' title="bbox 827 2040 1494 2092; baseline -0.001 -13"><span class='ocrx_word' id='word_1_315' title='bbox 827 2043 965 2092; x_wconf 84' lang='lat' dir='ltr'>inquit,</span> <span class='ocrx_word' id='word_1_316' title='bbox 996 2043 1082 2079; x_wconf 72' lang='lat' dir='ltr'>talia</span> <span class='ocrx_word' id='word_1_317' title='bbox 1108 2046 1256 2089; x_wconf 83' lang='lat' dir='ltr'>curent,</span> <span class='ocrx_word' id='word_1_318' title='bbox 1287 2041 1347 2090; x_wconf 90' lang='lat' dir='ltr'>qui</span> <span class='ocrx_word' id='word_1_319' title='bbox 1370 2040 1494 2078; x_wconf 79' lang='lat' dir='ltr'>hostes</span> 
     </span>
     <span class='ocr_line' id='line_1_59' title="bbox 829 2096 1496 2148; baseline -0.001 -13"><span class='ocrx_word' id='word_1_320' title='bbox 829 2100 899 2135; x_wconf 91' lang='lat' dir='ltr'>sint</span> <span class='ocrx_word' id='word_1_321' title='bbox 921 2098 1046 2148; x_wconf 78' lang='lat' dir='ltr'>populi</span> <span class='ocrx_word' id='word_1_322' title='bbox 1066 2098 1238 2143; x_wconf 82' lang='lat' dir='ltr'>Romani,</span> <span class='ocrx_word' id='word_1_323' title='bbox 1269 2096 1431 2145; x_wconf 68' lang='lat' dir='ltr'>Pyrrhus</span> <span class='ocrx_word' id='word_1_324' title='bbox 1453 2110 1496 2134; x_wconf 86' lang='lat' dir='ltr'>ac</span> 
     </span>
     <span class='ocr_line' id='line_1_60' title="bbox 828 2153 1494 2201; baseline -0.002 -10"><span class='ocrx_word' id='word_1_325' title='bbox 828 2156 1022 2192; x_wconf 63' lang='lat' dir='ltr'>Samnites</span> <span class='ocrx_word' id='word_1_326' title='bbox 1053 2155 1135 2191; x_wconf 82' lang='lat' dir='ltr'>vid.</span> <span class='ocrx_word' id='word_1_327' title='bbox 1160 2154 1345 2191; x_wconf 84' lang='lat' dir='ltr'>Plutarch.</span> <span class='ocrx_word' id='word_1_328' title='bbox 1366 2153 1494 2201; x_wconf 86' lang='lat' dir='ltr'>Pyrrh.</span> 
     </span>
     <span class='ocr_line' id='line_1_61' title="bbox 828 2205 1494 2260; baseline 0 -13"><span class='ocrx_word' id='word_1_329' title='bbox 828 2214 894 2251; x_wconf 85' lang='grc'>20.</span> <span class='ocrx_word' id='word_1_330' title='bbox 931 2233 984 2238; x_wconf 90' lang='grc'>--</span> <span class='ocrx_word' id='word_1_331' title='bbox 1026 2209 1084 2247; x_wconf 85' lang='lat' dir='ltr'>Ad</span> <span class='ocrx_word' id='word_1_332' title='bbox 1114 2211 1267 2246; x_wconf 82' lang='lat' dir='ltr'>sormam</span> <span class='ocrx_word' id='word_1_333' title='bbox 1302 2205 1494 2260; x_wconf 73' lang='grc' dir='ltr'><strong><em>χράσθων</em></strong></span> 
     </span>
     <span class='ocr_line' id='line_1_62' title="bbox 828 2265 1492 2317; baseline 0 -13"><span class='ocrx_word' id='word_1_334' title='bbox 828 2268 923 2305; x_wconf 91' lang='lat' dir='ltr'>conf.</span> <span class='ocrx_word' id='word_1_335' title='bbox 957 2267 1087 2306; x_wconf 76' lang='lat' dir='ltr'>Matth.</span> <span class='ocrx_word' id='word_1_336' title='bbox 1121 2265 1158 2317; x_wconf 58' lang='grc' dir='ltr'>ξ.</span> <span class='ocrx_word' id='word_1_337' title='bbox 1185 2268 1281 2311; x_wconf 85' lang='grc'>203,</span> <span class='ocrx_word' id='word_1_338' title='bbox 1305 2268 1331 2307; x_wconf 83' lang='lat'><strong>4</strong></span> <span class='ocrx_word' id='word_1_339' title='bbox 1354 2279 1390 2316; x_wconf 90' lang='lat' dir='ltr'>p.</span> <span class='ocrx_word' id='word_1_340' title='bbox 1409 2266 1492 2306; x_wconf 87' lang='grc'>375</span> 
     </span>
     <span class='ocr_line' id='line_1_63' title="bbox 829 2321 1492 2374; baseline -0.006 -12"><span class='ocrx_word' id='word_1_341' title='bbox 829 2324 927 2362; x_wconf 86' lang='lat' dir='ltr'>etad</span> <span class='ocrx_word' id='word_1_342' title='bbox 946 2321 1195 2374; x_wconf 82' lang='grc' dir='ltr'><strong><em>περιθέωμεν</em></strong></span> <span class='ocrx_word' id='word_1_343' title='bbox 1211 2323 1300 2360; x_wconf 90' lang='lat' dir='ltr'>ibid.</span> <span class='ocrx_word' id='word_1_344' title='bbox 1312 2321 1346 2374; x_wconf 59' lang='grc' dir='ltr'>ς.</span> <span class='ocrx_word' id='word_1_345' title='bbox 1360 2325 1455 2369; x_wconf 87' lang='grc'>212,</span> <span class='ocrx_word' id='word_1_346' title='bbox 1467 2323 1492 2362; x_wconf 85' lang='grc'>9</span> 
     </span>
     <span class='ocr_line' id='line_1_64' title="bbox 828 2378 1494 2431; baseline -0.002 -15"><span class='ocrx_word' id='word_1_347' title='bbox 828 2394 912 2431; x_wconf 79' lang='lat' dir='ltr'>pag.</span> <span class='ocrx_word' id='word_1_348' title='bbox 931 2381 1025 2421; x_wconf 82' lang='grc'>402.</span> <span class='ocrx_word' id='word_1_349' title='bbox 1091 2378 1150 2417; x_wconf 88' lang='lat' dir='ltr'>De</span> <span class='ocrx_word' id='word_1_350' title='bbox 1177 2380 1276 2417; x_wconf 84' lang='lat' dir='ltr'>verbi</span> <span class='ocrx_word' id='word_1_351' title='bbox 1308 2379 1494 2427; x_wconf 82' lang='lat' dir='ltr'>significa-</span> 
     </span>
     <span class='ocr_line' id='line_1_65' title="bbox 827 2435 1494 2483; baseline -0.003 -9"><span class='ocrx_word' id='word_1_352' title='bbox 827 2438 928 2474; x_wconf 86' lang='lat' dir='ltr'>tione</span> <span class='ocrx_word' id='word_1_353' title='bbox 962 2438 1056 2474; x_wconf 89' lang='lat' dir='ltr'>conf.</span> <span class='ocrx_word' id='word_1_354' title='bbox 1081 2436 1111 2483; x_wconf 91' lang='grc' dir='ltr'>Ι,</span> <span class='ocrx_word' id='word_1_355' title='bbox 1141 2439 1232 2477; x_wconf 77' lang='lat'>129.</span> <span class='ocrx_word' id='word_1_356' title='bbox 1259 2458 1315 2463; x_wconf 86' lang='lat'>——</span> <span class='ocrx_word' id='word_1_357' title='bbox 1353 2435 1396 2472; x_wconf 83' lang='grc' dir='ltr'>Ιῐι</span> <span class='ocrx_word' id='word_1_358' title='bbox 1420 2435 1494 2472; x_wconf 87' lang='lat' dir='ltr'>fine</span> 
     </span>
     <span class='ocr_line' id='line_1_66' title="bbox 828 2490 1492 2544; baseline -0.005 -15"><span class='ocrx_word' id='word_1_359' title='bbox 828 2506 907 2544; x_wconf 80' lang='lat' dir='ltr'>cap.</span> <span class='ocrx_word' id='word_1_360' title='bbox 945 2507 1025 2531; x_wconf 89' lang='lat' dir='ltr'>cum</span> <span class='ocrx_word' id='word_1_361' title='bbox 1058 2496 1212 2529; x_wconf 85' lang='lat' dir='ltr'>recentt.</span> <span class='ocrx_word' id='word_1_362' title='bbox 1250 2492 1336 2530; x_wconf 87' lang='lat' dir='ltr'>edd.</span> <span class='ocrx_word' id='word_1_363' title='bbox 1368 2490 1492 2542; x_wconf 87' lang='lat' dir='ltr'>scripsi</span> 
     </span>
     <span class='ocr_line' id='line_1_67' title="bbox 830 2544 1171 2601; baseline 0 -13"><span class='ocrx_word' id='word_1_364' title='bbox 830 2545 942 2596; x_wconf 85' lang='grc' dir='ltr'><strong><em>οἰκός</em></strong></span> <span class='ocrx_word' id='word_1_365' title='bbox 961 2563 1029 2601; x_wconf 90' lang='lat' dir='ltr'>pro</span> <span class='ocrx_word' id='word_1_366' title='bbox 1052 2544 1171 2595; x_wconf 83' lang='grc' dir='ltr'><strong><em>εἰκός.</em></strong></span> 
     </span>
    </p>

    <p class='ocr_par' dir='ltr' id='par_1_11' title="bbox 999 2604 1324 2655">
     <span class='ocr_line' id='line_1_68' title="bbox 999 2604 1324 2655; baseline -0.009 -12"><span class='ocrx_word' id='word_1_367' title='bbox 999 2606 1107 2655; x_wconf 82' lang='lat' dir='ltr'>Cap.</span> <span class='ocrx_word' id='word_1_368' title='bbox 1137 2604 1324 2643; x_wconf 83' lang='lat' dir='ltr'>LXXXII.</span> 
     </span>
    </p>

    <p class='ocr_par' dir='ltr' id='par_1_12' title="bbox 827 2658 1498 2992">
     <span class='ocr_line' id='line_1_69' title="bbox 891 2658 1492 2713; baseline -0.007 -12"><span class='ocrx_word' id='word_1_369' title='bbox 891 2662 1030 2713; x_wconf 83' lang='grc' dir='ltr'><strong><em>Τρίτος</em></strong></span> <span class='ocrx_word' id='word_1_370' title='bbox 1060 2659 1102 2700; x_wconf 78' lang='grc' dir='ltr'>δὲ</span> <span class='ocrx_word' id='word_1_371' title='bbox 1127 2664 1300 2712; x_wconf 81' lang='grc' dir='ltr'><strong><em>Δαρεῖος</em></strong></span> <span class='ocrx_word' id='word_1_372' title='bbox 1331 2675 1367 2699; x_wconf 83' lang='grc' dir='ltr'>κ.</span> <span class='ocrx_word' id='word_1_373' title='bbox 1389 2675 1421 2698; x_wconf 87' lang='grc' dir='ltr'><strong><em>τ.</em></strong></span> <span class='ocrx_word' id='word_1_374' title='bbox 1441 2658 1492 2710; x_wconf 84' lang='grc' dir='ltr'>λ.]</span> 
     </span>
     <span class='ocr_line' id='line_1_70' title="bbox 830 2716 1494 2768; baseline -0.008 -11"><span class='ocrx_word' id='word_1_375' title='bbox 830 2720 937 2763; x_wconf 86' lang='lat' dir='ltr'>Quae</span> <span class='ocrx_word' id='word_1_376' title='bbox 959 2723 1163 2768; x_wconf 84' lang='lat' dir='ltr'>sequuntur</span> <span class='ocrx_word' id='word_1_377' title='bbox 1194 2717 1384 2768; x_wconf 85' lang='lat' dir='ltr'>exscripsit</span> <span class='ocrx_word' id='word_1_378' title='bbox 1405 2716 1494 2753; x_wconf 88' lang='lat' dir='ltr'>Sto-</span> 
     </span>
     <span class='ocr_line' id='line_1_71' title="bbox 829 2775 1493 2823; baseline 0.002 -10"><span class='ocrx_word' id='word_1_379' title='bbox 829 2777 942 2813; x_wconf 82' lang='lat' dir='ltr'>baeus</span> <span class='ocrx_word' id='word_1_380' title='bbox 964 2775 1042 2812; x_wconf 91' lang='lat' dir='ltr'>Tit.</span> <span class='ocrx_word' id='word_1_381' title='bbox 1062 2775 1212 2820; x_wconf 74' lang='lat' dir='ltr'>XLVII,</span> <span class='ocrx_word' id='word_1_382' title='bbox 1231 2777 1285 2814; x_wconf 81' lang='lat'>24</span> <span class='ocrx_word' id='word_1_383' title='bbox 1307 2787 1341 2823; x_wconf 85' lang='lat' dir='ltr'>p.</span> <span class='ocrx_word' id='word_1_384' title='bbox 1363 2775 1444 2814; x_wconf 82' lang='lat'>325</span> <span class='ocrx_word' id='word_1_385' title='bbox 1465 2785 1493 2808; x_wconf 88' lang='lat' dir='ltr'>S-</span> 
     </span>
     <span class='ocr_line' id='line_1_72' title="bbox 828 2829 1492 2883; baseline -0.008 -14"><span class='ocrx_word' id='word_1_386' title='bbox 828 2846 864 2883; x_wconf 88' lang='lat' dir='ltr'>p.</span> <span class='ocrx_word' id='word_1_387' title='bbox 884 2835 966 2873; x_wconf 81' lang='lat'>300</span> <span class='ocrx_word' id='word_1_388' title='bbox 990 2831 1037 2869; x_wconf 87' lang='grc' dir='ltr'>Τ.</span> <span class='ocrx_word' id='word_1_389' title='bbox 1054 2831 1087 2867; x_wconf 91' lang='lat' dir='ltr'>ll</span> <span class='ocrx_word' id='word_1_390' title='bbox 1111 2831 1228 2867; x_wconf 85' lang='lat' dir='ltr'>Gaiss.</span> <span class='ocrx_word' id='word_1_391' title='bbox 1282 2829 1343 2866; x_wconf 86' lang='lat' dir='ltr'>Ad</span> <span class='ocrx_word' id='word_1_392' title='bbox 1362 2829 1492 2866; x_wconf 86' lang='lat' dir='ltr'>verba:</span> 
     </span>
     <span class='ocr_line' id='line_1_73' title="bbox 828 2885 1498 2937; baseline -0.009 -10"><span class='ocrx_word' id='word_1_393' title='bbox 828 2889 868 2935; x_wconf 83' lang='grc' dir='ltr'><strong><em>ές</em></strong></span> <span class='ocrx_word' id='word_1_394' title='bbox 890 2885 934 2926; x_wconf 66' lang='lat' dir='ltr'>to*</span> <span class='ocrx_word' id='word_1_395' title='bbox 953 2889 1114 2937; x_wconf 80' lang='grc' dir='ltr'><strong><em>πλῆθος</em></strong></span> <span class='ocrx_word' id='word_1_396' title='bbox 1133 2885 1270 2936; x_wconf 75' lang='grc' dir='ltr'><strong><em>ἔχοντα</em></strong></span> <span class='ocrx_word' id='word_1_397' title='bbox 1289 2885 1498 2923; x_wconf 67' lang='lat' dir='ltr'>confinott-</span> 
     </span>
     <span class='ocr_line' id='line_1_74' title="bbox 827 2943 1120 2992; baseline 0.007 -10"><span class='ocrx_word' id='word_1_398' title='bbox 827 2945 875 2982; x_wconf 88' lang='lat' dir='ltr'>ad</span> <span class='ocrx_word' id='word_1_399' title='bbox 894 2945 958 2992; x_wconf 89' lang='lat'>111,</span> <span class='ocrx_word' id='word_1_400' title='bbox 980 2945 1030 2985; x_wconf 88' lang='grc'>16</span> <span class='ocrx_word' id='word_1_401' title='bbox 1050 2943 1120 2984; x_wconf 74' lang='lat' dir='ltr'>fin..</span> 
     </span>
    </p>

    <p class='ocr_par' dir='ltr' id='par_1_13' title="bbox 1131 2996 1214 3039">
     <span class='ocr_line' id='line_1_75' title="bbox 1131 2996 1214 3039; baseline -0.012 0"><span class='ocrx_word' id='word_1_402' title='bbox 1131 2996 1214 3039; x_wconf 85' lang='lat'>10*</span> 
     </span>
    </p>
   </div>
  </div>
 </body>
</html>
