1904 3304
469 241 1037 283 MELPOMENE.

152 354 227 406 439
254 355 482 407 Σαλαμῖνα
516 354 592 406 τῆς
621 351 810 408 Κύπρου
843 352 986 407 ἔφυγε.

1095 244 1158 282 1V.
1357 246 1443 288 565

1050 355 1138 408 Τῆς
1167 353 1212 396 δὲ
1241 357 1437 409 Σαλαμῖ-
1452 362 1496 396 10

179 441 255 474 νος
291 426 451 465 τοῦτον
487 422 564 465 τόν
591 423 754 478 χρόνον
782 422 1006 477 ἐπεκράτεε
1036 423 1270 475 Εὐέλθων,
1310 423 1360 475 ὂς
1389 424 1438 468 τὸ

178 496 224 539 έν
248 498 457 548 Δελφοῖσι
487 493 801 550 θυμιητήριον,
834 494 907 537 έὸν
939 492 1217 549 ἀξιοθέητον,’
1237 492 1435 551 ἀνέθηκε,

148 566 228 609 5τὸ
268 566 314 608 ἐν
353 568 412 616 τῷ
450 566 705 619 Κορινθίων
739 568 952 622 θησαυρῷ
988 562 1137 607 κέεται.
1197 564 1435 622 ἀπικομένη

174 636 221 680 δὲ
260 635 380 689 παρὰ
418 639 576 678 τοῦτον
614 634 639 690 ἡ
684 638 916 691 Φερετίμη,
954 635 1090 678 ἐδέετο
1132 641 1353 692 στρατιῆς,
1405 635 1434 693 ἣ

172 706 344 759 κατάξει
382 706 516 761 σφέας
546 705 588 757 ἐς
616 707 694 762 τὴν
724 707 944 763 Κυρήνην.

144 781 265 821 6πᾶν
303 781 469 833 μᾶλλον
506 777 535 832 ἢ
573 776 776 833 στρατιήν
815 779 858 820 οἱ
888 777 1047 820 ἐδίδου.
1105 775 1131 830 ἡ
1164 776 1232 831 δὲ,
1271 776 1435 833 λαμβά-
1491 779 1573 823 354

1006 705 1029 749 ὁ
1066 705 1112 748 δέ
1141 722 1187 761 γε
1218 707 1432 750 Εὐέλθων
1447 714 1489 748 15

170 861 310 893 νουσα
348 848 396 891 τὸ
430 848 683 904 διδόμενον,
720 847 888 898 ,,καλόν
914 847 1013 902 μὲν,
1055 847 1159 902 ἔφη,
1198 848 1270 890 καὶ
1299 852 1428 891 τοῦτο

171 919 307 969 εἶναι,
355 919 535 962 κάλλιον
579 918 624 961 δὲ
663 918 822 969 έκεῖνο,
873 916 920 960 τὰ
962 919 1121 960 δοῦναί
1161 920 1205 960 οἱ
1245 918 1428 975 δεομένῃ

140 989 417 1046 7στρατιήν.“
449 991 579 1031 τοῦτο
609 987 692 1043 γάρ
724 988 791 1031 ἐπὶ
819 988 948 1031 παντὶ
977 992 1037 1044 τῷ
1064 988 1277 1047 διδομένῳ
1301 989 1425 1044 ἔλεγε.

169 1059 427 1106 Τελευταῖόν
473 1060 516 1102 οἱ
561 1058 763 1114 ἐξέπεμψε
803 1060 950 1114 δῶρον
987 1057 1010 1102 ὁ
1048 1059 1261 1103 Εὐέλθων
1297 1059 1481 1114 ἄτρα-Ξο

164 1150 270 1178 κτον
294 1131 479 1188 χρύσεον
507 1130 580 1173 καὶ
610 1128 854 1187 ἠλακάτην,
893 1134 1062 1187 προσῆν
1092 1131 1138 1175 δὲ
1167 1131 1240 1174 καὶ
1269 1132 1422 1186 εἴριον.

106 1298 263 1344 poterat.
313 1293 371 1331 De
390 1298 576 1342 tempore,
602 1291 639 1328 in
663 1292 763 1340 quod

105 1350 196 1387 haee
214 1350 307 1398 regis
320 1349 555 1400 probabiliter
567 1349 691 1385 incidit
706 1349 761 1384 fu-

106 1419 166 1455 ga,
183 1411 268 1442 ante
279 1418 361 1442 ann.
375 1406 452 1446 523
471 1420 502 1441 a.
514 1405 599 1442 Chr.
612 1404 762 1449 n.‚mul-

103 1467 142 1499 to
158 1462 269 1510 igitur
279 1466 363 1498 ante
373 1473 480 1509 quam
491 1461 661 1509 Cambysi
674 1460 760 1497 Per-

102 1519 223 1566 sisque
236 1530 301 1554 sua
314 1517 547 1567 permisisset,
564 1517 608 1552 cf.
620 1516 759 1564 Thrige

100 1573 122 1611 l.
156 1574 178 1610 1.
221 1586 304 1624 pag.
333 1575 424 1613 177.
473 1594 530 1599 —-
576 1572 616 1608 In
656 1572 754 1608 verb.

99 1628 130 1681 ’ἡ
164 1627 206 1668 δὲ
247 1625 374 1680 μήτηρ
412 1627 454 1667 οἵ
479 1627 517 1674 ἐς
547 1630 755 1678 Σαλαμῖνα

97 1688 170 1736 τῆς
207 1682 376 1735 Κύπρου
407 1686 452 1722 de
487 1685 608 1721 dativo
642 1684 683 1722 οἱ
708 1685 753 1722 cf.

96 1743 162 1789 III,
184 1741 246 1782 14.
273 1744 335 1782 15.
370 1742 433 1787 lv,
458 1741 548 1782 165.
606 1740 646 1777 Iu
677 1741 752 1788 Cy-

95 1811 201 1848 prum
231 1799 332 1847 quod
358 1803 472 1834 mater
497 1811 536 1834 se
560 1798 750 1848 receperit,

96 1854 248 1903 Thrigio
266 1854 288 1890 1.
313 1854 335 1891 1.
370 1853 620 1903 explicandum
649 1854 749 1890 vide-

95 1914 154 1946 tur
191 1924 211 1947 e
248 1911 479 1955 commercio,
523 1910 622 1958 quod
653 1910 749 1946 inter

95 1967 278 2015 Cyrenem
314 1971 352 2003 et
379 1967 541 2015 Cyprum
572 1967 748 2011 floruerit,

94 2028 136 2058 ut
168 2023 234 2059 hac
262 2035 305 2060 ex
336 2023 452 2058 insula
477 2021 645 2058 auxilium
676 2023 745 2058 sibi

92 2080 171 2115 sore
195 2084 367 2128 speraret.
409 2078 527 2120 Quam
548 2090 650 2127 spem
667 2078 744 2114 fru-

91 2139 241 2170 stratam
272 2148 374 2180 csse,
416 2134 596 2170 Herodoti
638 2135 746 2170 docet

89 2192 274 2236 narratio,
304 2205 323 2228 e
346 2204 417 2239 qua
437 2203 499 2226 sua
521 2191 647 2226 sumsit
668 2190 741 2226 Po-

89 2246 209 2295 lyaen.
226 2247 323 2294 Vm,
342 2247 394 2286 47
409 2247 487 2283 coll.
516 2246 742 2283 Eustatli.ad

88 2302 129 2338 ll.
150 2303 213 2339 vll
234 2316 317 2353 pag.
342 2306 421 2343 657
441 2317 467 2339 s.
489 2303 583 2348 523,
605 2303 666 2341 14.
685 2324 741 2329 -

94 2358 290 2395 Thesauros
327 2359 512 2408 Daslpln'cos
554 2360 740 2406 attigimus

89 2415 137 2449 ad
160 2415 197 2461 l,
231 2415 292 2456 14.
336 2417 432 2452 Add.
453 2429 474 2452 a
494 2415 560 2453 Cr.
591 2415 739 2451 allatum

91 2469 344 2518 U‘yttenbach.
389 2473 436 2509 ad
476 2472 569 2508 Plut.
608 2471 738 2510 Mor-al.

88 2525 315 2565 Animadvss.
345 2528 377 2564 ΙΙ
416 2541 502 2578 pag.
534 2530 638 2572 990,
678 2528 740 2576 qui

88 2582 183 2618 idem
215 2583 278 2620 Cr.
308 2585 353 2621 ad
382 2598 506 2622 vocem
541 2581 739 2622 Εὐέλθων

88 2637 265 2675 Eustathii
297 2641 470 2678 admonet
501 2641 591 2678 haec
627 2641 740 2690 respi-

89 2694 214 2730 cientis
240 2696 286 2731 ad
307 2696 442 2745 Odyss.
466 2698 480 2733 l
504 2711 539 2747 p.
565 2700 589 2737 9
610 2697 740 2734 Basil:

88 2770 143 2776 -
164 2746 266 2788 οὕτω
298 2749 339 2789 δὲ
369 2752 435 2789 καὶ
455 2752 495 2791 ἐκ
515 2756 584 2799 τῆς
610 2751 740 2792 ἐλθών

88 2808 271 2855 μετοχῆς,
313 2804 487 2846 εὕέλθων
518 2807 741 2858 βαρύτυνι)ν

87 2859 193 2913 nequ}
214 2860 396 2918 «ιῖροδότῳ
420 2859 560 2917 κύριον
577 2863 711 2917 ὄνομα.

879 1291 921 1330 οἵ
939 1290 1087 1343 ἐδίδου]
1109 1293 1131 1330 i.
1155 1307 1185 1331 e.
1206 1294 1241 1329 ez·
1256 1306 1291 1329 se
1311 1292 1478 1331 daturum

819 1363 888 1385 csse
909 1349 1065 1396 (licebat,
1096 1349 1271 1398 offerebat.
1302 1349 1381 1386 Nee
1400 1349 1471 1387 alio

818 1417 926 1442 sensu
954 1405 1061 1455 paulo
1085 1411 1170 1456 post
1197 1402 1238 1444 τὸ
1259 1401 1472 1455 διδόμενον

816 1462 855 1497 id
886 1463 976 1510 quod
1009 1476 1031 1498 α
1061 1475 1144 1510 rege
1166 1464 1236 1510 ipsi
1259 1461 1471 1509 offerebatur

815 1516 886 1562 (ut
916 1517 985 1564 111,
1022 1518 1112 1558 148.
1165 1519 1272 1554 Conf.
1300 1523 1394 1555 nott.
1421 1519 1471 1556 ad

813 1572 995 1610 Plutarch.
1029 1574 1171 1623 Philop.
1203 1574 1228 1613 5
1265 1587 1348 1623 pag.
1379 1577 1469 1622 20),

811 1629 873 1666 ubi
893 1629 1016 1667 Valck.
1033 1630 1185 1667 coniecit
1203 1625 1245 1668 τὸ
1261 1629 1338 1667 αἰεὶ
1360 1626 1469 1669 διδό-

809 1699 950 1735 μενον,
994 1699 1104 1734 quum
1137 1686 1179 1722 cle
1217 1686 1288 1722 siin·
1317 1688 1464 1724 invicem.

807 1745 973 1779 continua
1003 1745 1089 1779 serie
1121 1742 1381 1779 succedentibus
1410 1744 1462 1781 sie

805 1799 892 1848 poni
910 1798 1026 1836 soleat
1043 1794 1104 1837 αἐὶ
1122 1812 1187 1848 pro
1211 1801 1396 1849 συνεχῶς,
1420 1803 1462 1837 ut

806 1857 903 1904 apud
922 1855 1084 1904 Thucyd.
1103 1855 1172 1902 IV,
1204 1856 1269 1895 68.
1318 1855 1460 1893 Herod.

804 1911 851 1958 11,
875 1913 974 1957 168,
1004 1912 1100 1948 alibi.
1159 1910 1281 1959 Atque
1305 1912 1355 1947 ita
1373 1924 1461 1950 sane

804 1967 841 2003 in
869 1980 934 2003 suo
952 1967 1145 2004 Herodoto
1172 1966 1302 2014 legisse
1320 1967 1461 2005 videtur

803 2022 1017 2059 Eustathius
1040 2023 1062 2060 l.
1083 2024 1130 2068 1.,
1171 2022 1260 2060 haec
1288 2024 1365 2072 ipsa
1395 2023 1459 2060 ubi

802 2079 939 2127 tangit,
990 2079 1083 2116 hunc
1112 2079 1147 2115 in
1185 2079 1332 2115 modum
1368 2080 1457 2116 scri-

802 2134 909 2171 bens:
951 2131 1014 2173 οἷεὶ
1045 2131 1119 2186 γάρ
1150 2133 1280 2183 ἐκείνη
1311 2131 1355 2173 τό
1382 2132 1455 2185 μὲν

801 2187 1035 2240 διδόμενον,
1093 2190 1219 2240 φησὶν
1256 2187 1454 2241 ἐλάμβανε

799 2261 834 2285 κ.
858 2263 888 2285 τ.
911 2250 964 2294 λ.,
1006 2249 1076 2284 nisi
1096 2249 1141 2285 de
1160 2260 1225 2284 suo
1242 2248 1366 2297 potius
1384 2247 1453 2286 hoc

798 2299 859 2342 αἐὶ
880 2305 1065 2342 adiecerit.

853 2357 1045 2411 ἄτρακτον
1074 2354 1239 2410 χρύσεον
1262 2358 1328 2397 καὶ
1356 2355 1450 2409 2520:-

795 2412 936 2467 κάτην]
976 2416 1172 2453 Homerica
1191 2420 1370 2465 apparent
1389 2429 1452 2454 ve-

796 2474 914 2521 stigia.
937 2473 995 2509 Cf.
1015 2473 1055 2509 11.
1074 2472 1245 2521 v1,491.
1268 2472 1452 2518 omna,

797 2530 889 2569 351.
930 2529 994 2575 IX,
1017 2530 1110 2570 357.
1148 2528 1322 2572 1V,131.
1367 2528 1452 2565 Ari-

795 2586 915 2636 stoph.
943 2584 1093 2634 Lysistr.
1116 2585 1209 2626 519.
1260 2581 1452 2634 ἄτρακτος

799 2647 855 2679 est
880 2643 1000 2687 susus,
1038 2636 1215 2691 ἠλακάτη
1254 2641 1367 2688 colus3
1405 2642 1453 2678 de

799 2711 872 2746 quo
894 2698 1084 2735 videantur
1106 2697 1251 2734 Lexica.
1292 2696 1352 2732 Ad
1371 2709 1455 2734 ver-

798 2755 845 2791 ba
878 2749 966 2791 οἷλλ’
999 2749 1047 2792 οὗ
1087 2755 1248 2805 στρατιῇ
1283 2751 1453 2789 Eustatll.

798 2810 886 2847 haec
898 2811 1008 2847 habet
1024 2811 1045 2847 1.
1060 2810 1104 2847 1.;
1134 2804 1212 2847 ἀλλ’
1234 2804 1281 2846 ου’
1293 2809 1455 2861 στρατιῇ

798 2863 1035 2920 θνησκούσῃ
1065 2865 1106 2906 έν.
1127 2868 1206 2904 τῶν
1229 2861 1457 2918 τρωμάτων.
