1904 3304
326 833 391 878 62

138 898 247 926 Martis
293 899 382 933 quale

119 933 259 966 templum
282 932 312 958 in
339 932 401 958 sin-

120 967 199 1001 gulis
229 966 398 1001 praefectu-

122 1000 182 1032 ris,
209 1000 304 1033 qualis
331 1006 397 1032 ara,

138 1031 226 1066 quale
260 1032 380 1058 simula-

122 1073 222 1094 crum:
250 1073 351 1093 annua.
369 1072 385 1092 e

451 235 535 276 402

845 233 1310 274 HERODOTI

451 360 522 387 ται
561 342 788 387 κάλλιστοι·
844 341 889 383 αἱ
928 341 974 384 δὲ
1011 343 1212 398 γαστέρες
1251 342 1463 398 χωρέουσι
1503 342 1712 395 εὐπετέως

449 415 503 458 τὰ
529 413 635 467 κρέα
664 410 908 467 ἐψιλωμένα
937 417 1026 456 τῶν
1056 412 1227 457 ὀστέων.

1287 415 1361 457 καὶ
1386 413 1500 458 οὕτω
1532 418 1640 470 βοῦς
1668 431 1711 459 τε
1724 420 1766 456 65

453 485 619 528 ἑωυτὸν
650 482 807 534 ἐξέψει,
853 482 927 524 καὶ
965 481 1018 525 τοὶ
1059 482 1167 525 ἄλλοι
1203 482 1321 539 ἷρήϊα
1351 484 1486 528 ἑωυτὸ
1517 486 1712 530 ἕκαστον.

422 554 604 599 5Ἐπεοῖν
642 553 689 597 δὲ
729 551 874 608 ἑψηθῇ
911 551 964 595 τοὶ
1004 551 1129 606 κρέα,
1176 552 1199 597 ὁ
1238 555 1400 607 θύσας,
1445 559 1533 598 τῶν
1569 561 1711 611 κρεῶν

452 626 527 670 καὶ
567 627 656 668 τῶν
699 624 956 680 σπλάγχνων
1007 622 1330 679 ἀπαρξάμενος,
1390 626 1527 679 ῥίπτει
1574 629 1617 679 ἐς
1660 628 1710 671 τὸ

452 697 712 751 ἔμπροσθεν.
769 694 936 739 θύουσι
965 695 1011 739 δὲ
1041 695 1113 739 καὶ
1148 695 1200 738 τὰ
1231 693 1340 738 ἄλλα
1369 695 1593 752 πρόβατα,
1640 697 1714 742 καὶ

453 769 615 816 ἵππους
644 766 838 822 μάλιστα.

568 841 692 880 Τοῖσι
729 837 807 893 μὲν
849 836 901 893 δὴ
931 835 1099 879 ἄλλοισι
1127 838 1216 878 τῶν
1243 839 1360 879 θεῶν
1391 835 1507 880 οὕτω
1537 836 1771 889 θύουσι,70

455 908 527 952 καὶ
555 912 692 951 ταῦτα
721 911 809 950 τῶν
827 906 1031 963 κτηνέων.
1069 910 1130 963 τῷ
1161 906 1206 949 δὲ
1237 907 1289 962 δὴ
1309 908 1438 963 ’Ἀρηϊ
1461 903 1554 950 ὦδε.
1593 908 1717 951 Κατὰ

454 979 619 1035 νομοὺς
649 977 866 1022 ἑκάστοισι
895 981 982 1021 τῶν
1012 976 1201 1033 ἄρχηΐων
1223 977 1446 1031 ἐσίδρυταί
1468 991 1545 1033 σφι
1560 977 1718 1034 ’Ἀρηος

388 1066 400 1091 ι
427 1049 556 1105 Ξῖρόν
585 1048 768 1093 τοιόνδε.
814 1047 1057 1105 φρυγάνων
1087 1047 1270 1105 φάκελοι
1300 1048 1580 1093 συννενέαται
1610 1049 1717 1094 ὅσον

456 1224 536 1262 τῶν
563 1223 692 1273 κρεῶν
720 1218 785 1260 καὶ
810 1222 891 1259 τῶν
913 1216 1058 1271 σπλάγ-

400 1294 506 1331 χνων
526 1274 827 1329 ἀπαρξάμενος]
858 1277 1058 1322 „Carnium

401 1341 435 1373 et
456 1337 623 1372 viscerum
639 1335 812 1384 prosicias
839 1334 902 1370 deo
922 1334 1058 1369 oblatas

401 1396 484 1429 ante
527 1405 561 1428 se
609 1391 668 1437 (in
718 1391 850 1439 ignem)
899 1392 1056 1440 proiicit.

403 1449 513 1486 Conf.
532 1447 597 1494 lli,
620 1446 685 1488 24.
715 1446 824 1483 Aliud
845 1450 901 1483 est
917 1442 1060 1498 κατάρ-

402 1508 542 1556 χεσθαι
563 1503 633 1551 IV,
665 1505 718 1543 60
741 1503 840 1552 quod
859 1502 913 1549 fit,
943 1503 1060 1553 prins-

404 1574 515 1611 quam
541 1564 721 1598 mactatur
752 1559 918 1603 victima3
962 1559 1060 1595 aliud

403 1630 500 1654 nunc
531 1612 804 1666 ἀπάρχεσθαι,
835 1619 991 1651 mactata
1025 1619 1061 1651 et

404 1677 508 1710 cocta
556 1672 736 1709 victima.“
803 1670 1063 1718 Schweigh.

405 1729 467 1768 Tu
505 1730 599 1766 conf.
639 1728 789 1765 Homer.
825 1727 958 1777 Odyss.
997 1727 1064 1775 111,

404 1783 487 1827 444
506 1785 629 1834 ibique
647 1784 825 1821 Nitzschii
845 1788 988 1821 annott.

462 1837 615 1879 θύουσι
635 1837 677 1878 δὲ
696 1839 758 1878 καὶ
779 1836 825 1878 vc}
849 1837 946 1878 ἄλλα
965 1833 1063 1890 πρό-

406 1897 527 1949 βατα]
587 1897 750 1946 Respicit
797 1896 964 1933 Eustath.
1016 1895 1064 1932 ad

405 1954 556 1991 Homer.
600 1954 673 1990 Od.
710 1966 746 2003 p.
787 1953 918 1999 1649,
965 1954 988 1991 6
1035 1964 1063 1987 s·

410 2009 515 2057 384,
549 2009 622 2056 14,
651 2009 711 2046 ubi
739 2022 805 2059 pro
828 2007 895 2046 καὶ
916 2007 1065 2053 ἵππους

406 2067 585 2103 invenitur
599 2065 746 2111 ἵππους
774 2062 846 2111 δέ,
868 2065 966 2114 quod
980 2077 1067 2115 pro-

407 2123 472 2160 bat
501 2123 556 2159 vir
576 2123 702 2159 doctus
724 2122 760 2158 in
780 2121 991 2171 Ephemerr.
1010 2121 1067 2158 le-

406 2190 530 2216 nenss.
552 2181 660 2219 1317
688 2191 740 2214 nr.
770 2180 849 2218 162
867 2190 950 2227 pag.
971 2178 1064 2217 356.

407 2234 467 2272 De
493 2247 582 2271 voce
607 2229 784 2284 πρόβατα
807 2234 879 2271 vid.
901 2238 994 2270 nott.
1018 2234 1066 2270 ad

407 2290 446 2336 I,
479 2292 568 2331 133.
614 2291 777 2327 Pertinet
805 2291 874 2327 huc
902 2290 1063 2327 Bekker.

409 2345 576 2383 Anecdd.
600 2349 790 2396 pag-112,
817 2349 835 2386 1
854 2343 1065 2396 Πρόβατα·

407 2398 539 2440 πάντα
558 2400 603 2440 τά
624 2397 866 2454 τετράποδα·
895 2398 1064 2454 Ἵῖρόὸο-

407 2473 474 2505 τος
497 2454 677 2512 τετάρτῳ.

614 2548 645 2584 c
658 2560 678 2584 a
687 2561 724 2598 p.
749 2546 864 2586 [ΧΠ.

466 2622 578 2665 Kato?
600 2621 775 2676 νομούς]
808 2627 830 2662 i.
860 2639 894 2664 e.
926 2629 964 2663 in
991 2628 1066 2663 sin-

406 2683 504 2731 gulis
529 2682 765 2733 praefecturis
797 2695 825 2718 s.
850 2686 980 2730 nemis,
1010 2685 1066 2720 in-

406 2744 569 2789 terprete
589 2739 836 2776 Valckenario.
881 2738 934 2776 Ac
956 2752 1063 2776 nemo

407 2796 535 2843 nescit,
566 2795 772 2846 Aegyptum
792 2791 890 2833 κατὰ
915 2792 1064 2845 νομοὺς

401 2863 481 2890 esse
521 2851 694 2898 divisam,
740 2851 871 2902 quibus
914 2852 1062 2901 singulis

1113 1215 1308 1271 νομάρχαι
1338 1221 1403 1269 (Π,
1434 1219 1546 1272 177),
1577 1223 1638 1271 qui
1660 1223 1771 1260 iidem

1114 1278 1212 1326 apud
1247 1279 1402 1325 Scythas
1443 1285 1772 1316 commemorantur

1114 1333 1186 1379 lV,
1219 1335 1284 1373 66.
1316 1334 1425 1383 Apud
1446 1347 1538 1383 quos
1557 1335 1591 1371 in
1609 1347 1773 1384 unaqua-

1115 1402 1185 1438 que
1206 1391 1430 1438 praefectura
1450 1392 1525 1428 sive
1547 1403 1645 1441 pago
1662 1392 1772 1428 fuisse

1116 1446 1295 1483 existimes
1322 1451 1358 1483 et
1395 1442 1515 1497 α’ρχε
1531 1450 1609 1485 ἴον
1638 1452 1669 1485 et
1694 1460 1772 1484 sar-

1115 1505 1304 1538 mentorum
1321 1506 1446 1539 struem
1461 1501 1580 1540 Marti
1595 1517 1773 1541 consecra-

1116 1562 1199 1594 tam.
1230 1559 1353 1607 Atque
1373 1555 1543 1609 α’ρχεῖον,
1567 1561 1667 1609 quod
1686 1561 1773 1597 alias

1119 1615 1266 1660 curiam,
1294 1615 1331 1650 in
1354 1628 1424 1664 qua
1442 1620 1630 1653 senatores
1649 1630 1678 1653 s.
1696 1628 1775 1653 ma-

1119 1671 1290 1719 gistratus
1312 1673 1544 1717 conveniant,
1569 1673 1775 1722 significare

1120 1730 1262 1763 constat
1310 1729 1418 1773 (cons.
1455 1740 1549 1776 quae
1587 1730 1624 1765 in
1661 1729 1774 1766 Thes.

1120 1783 1246 1833 Steph.
1267 1783 1443 1832 ed.Angl.
1464 1784 1545 1820 vol.
1565 1784 1599 1821 11
1613 1798 1650 1836 p.
1665 1786 1774 1827 2288

1121 1844 1297 1887 congesta
1340 1842 1468 1887 sunt),
1515 1840 1572 1877 hic
1612 1841 1659 1878 de
1695 1841 1776 1878 loco

1120 1896 1279 1944 quodam
1317 1896 1480 1945 intelligo
1520 1902 1663 1947 aperto,
1707 1898 1775 1934 sub

1121 1953 1205 1997 diu,
1245 1951 1307 1988 ubi
1343 1953 1521 2002 Scythae,
1573 1954 1634 2002 qui
1671 1953 1775 1991 nullis

1120 2012 1309 2045 uterentur
1335 2010 1508 2055 aedibus,
1538 2010 1586 2046 ad
1617 2023 1675 2047 res
1703 2024 1776 2061 pu-

1120 2064 1232 2102 blicas
1264 2066 1474 2102 tractandas
1504 2078 1545 2103 ae
1569 2065 1776 2104 deliberan-

1122 2122 1187 2157 das
1223 2123 1498 2159 conveniebant.
1544 2121 1641 2160 Hinc
1679 2129 1775 2160 recte

1121 2176 1250 2225 Lange
1265 2178 1406 2215 reddit:
1437 2178 1649 2227 Rathplatz.

1179 2229 1397 2284 φρυγάνων
1437 2230 1625 2284 φάκελοι]
1677 2234 1699 2271 i.
1743 2247 1774 2272 e.

1121 2291 1304 2337 virgarum
1332 2303 1360 2327 s.
1389 2295 1659 2337 sarmentorum,
1697 2303 1776 2326 sur-

1121 2346 1275 2382 culorum
1291 2346 1423 2396 fasces.
1454 2347 1550 2383 Hinc
1571 2351 1669 2383 recte
1689 2347 1776 2383 Am-

1121 2403 1262 2438 monius
1289 2404 1336 2439 de
1368 2402 1485 2439 differ.
1512 2415 1610 2439 voce.
1638 2415 1674 2452 p.
1696 2403 1770 2443 141

1123 2454 1297 2507 φάκελος
1323 2457 1478 2508 explicat
1511 2459 1677 2510 φορτίον
1711 2455 1776 2506 ξύ-

1121 2517 1212 2552 λων.
1265 2514 1325 2551 'su
1359 2516 1402 2550 cf.
1439 2515 1577 2552 Herod.
1614 2515 1683 2562 lv,
1721 2517 1775 2556 67

1121 2570 1283 2620 Euripid.
1305 2569 1452 2620 Cyclop.
1477 2572 1569 2611 241.
1604 2571 1663 2608 Ad
1683 2583 1776 2610 συν-

1122 2625 1300 2664 νενέαται
1326 2628 1420 2663 cons.
1454 2627 1587 2665 Mutth.
1613 2628 1678 2664 Gr.
1707 2628 1774 2665 Gr.

1119 2695 1205 2733 pag.
1230 2681 1324 2723 475.
1373 2683 1472 2719 citat
1497 2684 1588 2722 haec
1613 2683 1773 2733 Etymol.

1119 2752 1240 2787 magn.
1267 2751 1350 2789 pag.
1371 2740 1474 2785 599,
1505 2742 1569 2782 33.
1608 2740 1773 2777 Eustath.

1118 2796 1167 2831 ad
1198 2796 1237 2832 11.
1267 2795 1333 2832 ΥΠ
1359 2809 1394 2846 p.
1416 2797 1519 2843 566,
1552 2798 1602 2837 17
1628 2809 1656 2833 s,
1679 2797 1775 2842 689,

1122 2854 1185 2892 12.
1204 2872 1261 2881 -—
1289 2850 1349 2889 Ad
1371 2848 1468 2892 ὅσον
1489 2866 1527 2892 τε
1549 2851 1686 2904 (ferme,
1705 2853 1774 2890 cir-

1779 767 1861 806 309
1894 773 1904 790 '⁴
