1904 3304
95 608 222 636 Archiae
231 630 239 643 ‚
283 609 368 635 cuius

95 646 232 675 nepotem
272 642 368 669 uero-

94 674 181 702 dotus
208 675 300 709 vidit,
337 679 367 702 et

94 709 234 743 Lycnpae
273 709 368 736 Lace-

94 742 317 769 daemoniorum

423 231 480 271 98
822 228 1291 268 HERODOTI

427 337 575 394 ῥάχιος
603 341 684 381 τοῦ
714 336 869 391 οὔρεος
902 336 1105 389 ἐπεόντα,
1137 338 1374 394 ἐπεξῆλθον
1392 340 1496 383 οἵτε
1523 339 1692 382 ἐπίκου-

425 399 496 465 ροι
531 409 604 452 καὶ
643 408 791 452 αὐτῶν
820 411 1004 463 Σαμίων
1032 410 1202 464 συχνοί·
1253 407 1477 464 δεξάμενοι
1514 410 1559 453 δὲ
1589 409 1694 460 τούς

425 482 802 534 Λακεδαιμονίους
831 479 902 523 ἐπ’
933 478 1085 535 ὀλίγον
1112 479 1294 535 χρόνον,
1325 481 1514 537 ἔφευγον
1544 480 1749 524 ὀπίσω-15

297 543 363 588 55
423 552 466 594 οἵ
498 552 564 602 δὲ,
608 550 889 606 ἐπισπόμενοι
931 551 1136 594 ἔκτεινον.
1198 554 1254 595 Εἰ
1291 551 1370 607 μέν
1408 569 1491 595 νυν
1531 554 1574 595 οἱ
1612 568 1697 595 πα-

427 621 598 675 ρεόντες
628 624 987 678 Λακεδαιμονίων
1018 620 1165 678 ὁμοῖοι
1195 621 1397 677 ἐγένοντο
1427 622 1589 679 ταύτην
1617 623 1697 679 τήν

426 692 590 749 ἡμέρην
625 692 768 751 Ἀρχίῃ
807 711 850 737 τε
887 695 958 737 καὶ
990 693 1208 749 Λυκώπῃ,
1251 693 1406 747 αἷρέθη
1442 693 1497 736 ἄν
1527 693 1697 749 Σάμος.

95 775 191 803 virtus
209 780 240 804 ει
260 784 352 803 mors.
398 762 590 819 ΞἏρχίης
614 767 698 820 γάρ
730 767 803 810 καὶ
826 763 1042 820 Λυκώπης
1059 769 1219 819 μοῦνοι
1239 763 1576 815 συνεσπεσόντες
1596 764 1698 819 φεύ-

424 847 552 890 γουσι
582 835 625 887 ἐς
654 836 702 880 τό
726 842 862 893 τεῖχος
883 842 994 881 τοῖσι
1016 837 1248 890 Σαμίοισι,
1292 835 1363 877 καὶ
1384 832 1696 891 ἀποκληϊσθέν-
1709 841 1755 875 20

427 922 495 957 τες
525 911 599 962 τῆς
629 905 766 951 ὀπίσω
799 906 932 958 ὁδοῦ,
981 905 1207 950 ἀπέθανον
1238 906 1283 949 ἐν
1313 910 1365 963 τῇ
1397 905 1496 950 πόλι
1526 911 1580 964 τῇ
1610 910 1698 949 Σα-

397 979 554 1031 3μίων.
598 979 727 1037 τρίτῳ
760 979 806 1022 δὲ
837 977 914 1022 ἄπ’
952 976 1125 1033 Ἀρχίεω
1155 977 1318 1020 τούτου
1347 976 1546 1032 γεγονότι
1578 976 1694 1036 ἄλλῳ
1761 986 1843 1031 224

423 1046 589 1105 Ἀρχίῃ,
635 1053 697 1108 τῷ
727 1051 903 1105 Σαμίου
942 1053 1021 1093 τοῦ
1053 1048 1248 1104 Ἀρχίεω,
1288 1047 1418 1099 αὐτὸς
1448 1048 1494 1091 ἐν
1527 1047 1699 1104 Πιτάνῃ

375 1240 463 1277 ρεος
492 1220 675 1274 ἐπεόντα]
715 1224 946 1262 Munimenta
977 1227 1033 1262 in-

374 1282 502 1331 telligit
522 1282 559 1319 in
586 1282 695 1318 dorso
717 1280 858 1330 Ampeli
888 1282 1032 1327 montis,

375 1338 437 1387 qui
462 1350 528 1388 per
558 1342 675 1374 totam
701 1337 852 1374 insulam
873 1339 1034 1387 porrigi-

374 1400 451 1439 tur,
483 1399 663 1431 exstructa
681 1393 764 1429 albo
787 1407 830 1431 ex
854 1394 975 1444 lapide
999 1400 1036 1432 et

376 1451 583 1500 quindecim
614 1451 728 1501 pedes
749 1451 946 1487 eminentia
973 1452 1038 1487 de-

376 1520 529 1556 cemque
566 1507 661 1552 lata,
710 1506 747 1542 in
786 1507 917 1555 quibus
955 1511 1038 1558 post

375 1564 553 1600 decimum
582 1567 721 1600 sextum
761 1576 944 1612 quemque
971 1577 1036 1614 pe-

377 1620 461 1656 dem
491 1619 599 1655 turris
628 1619 941 1668 conspiciebatur,
971 1620 1039 1656 nisi

377 1676 451 1724 qua
474 1680 603 1712 natura
620 1687 745 1712 saxum
764 1688 939 1726 praeceps
960 1690 1039 1713 mu-

377 1732 528 1769 nimenti
557 1744 586 1771 s.
615 1732 723 1767 turris
753 1731 926 1768 inlocum
950 1734 1037 1769 sub-

378 1788 556 1825 stituerat.
614 1787 711 1824 Hinc
752 1787 789 1823 in
829 1789 1039 1825 suburbium

379 1839 689 1894 (προάστειον),
731 1843 876 1881 lunonis
903 1845 1040 1895 templo

377 1900 530 1949 aliisque
551 1900 723 1937 aedificiis
738 1900 1040 1949 splendidissimis

378 1958 542 2005 insigne,
570 1957 706 1993 intrare
726 1956 833 1996 licuit.
863 1957 947 1994 Vid.
967 1958 1040 1994 Pa-

378 2013 490 2050 nofka
508 2013 681 2049 Samiorr.
718 2013 792 2050 Res
816 2013 938 2064 p.3.4
954 2014 1040 2063 ibiq.

378 2069 502 2106 laudd.
526 2091 577 2095 —-
605 2064 924 2120 ἀπηλάσθησαν
953 2072 1040 2107 scri-

379 2126 435 2176 psi
467 2139 534 2176 pro
569 2120 881 2176 οἷπηλάθησαν,
917 2131 956 2164 ut
977 2127 1041 2174 llI,

380 2182 446 2222 46.
494 2182 552 2218 Ad
582 2180 787 2234 ἐπίκουροι
822 2185 916 2221 conf.
950 2188 1041 2221 nott.

380 2239 428 2275 ad
451 2238 515 2285 lll,
533 2242 571 2278 4.

600 2294 714 2344 Cap.
744 2293 823 2331 LV.

440 2347 497 2386 Εἰ
514 2347 584 2399 μέν
601 2349 943 2402 νυν-ἐγένοντο]
965 2349 1041 2402 ε’γί-

383 2419 500 2444 νοντο
524 2405 726 2454 Schweigh.
761 2412 796 2443 et
827 2407 943 2443 Gaisf.
973 2420 1040 2457 pro

382 2459 584 2513 ἐγένοντο,
648 2462 748 2510 quod
788 2463 917 2500 retinui
958 2476 1039 2500 cum

383 2518 516 2556 Matth.
540 2517 611 2553 Pro
634 2514 940 2565 συνεσπεσόντες
962 2519 1041 2556 libri

384 2575 458 2611 duo
493 2569 776 2623 συμπεσόντες,
830 2588 898 2612 nec
940 2575 1042 2613 aliter

385 2630 543 2679 Gregor.
574 2630 739 2666 Corinth.
774 2633 820 2669 de
851 2631 935 2669 dial.
965 2632 1042 2668 Ion.

386 2684 422 2737 ἓ.
447 2689 466 2727 1
499 2698 582 2735 pag.
604 2687 697 2726 374.

441 2737 561 2787 αὐτός
589 2740 630 2780 ἐν
650 2737 807 2795 Πιτάνῃ
841 2738 1043 2793 συνεγενό-

384 2797 477 2848 μην]
491 2798 582 2834 Grai
593 2799 601 2834 i
614 2812 736 2835 errore
749 2798 883 2848 lapsus,
899 2799 1041 2848 opinor,

381 2854 437 2891 vir
466 2855 615 2903 doctus,
656 2854 782 2903 Heyse
817 2855 853 2892 in
890 2854 1041 2898 Quaest.

1091 1225 1286 1263 Herodott.
1309 1226 1320 1262 l
1340 1240 1375 1276 p.
1389 1228 1441 1268 89
1461 1225 1517 1262 hic
1536 1225 1582 1261 de
1603 1222 1753 1268 Pitana,

1091 1280 1239 1319 Aeolica
1291 1283 1400 1329 urbe,
1454 1281 1591 1329 cogitat
1611 1308 1622 1326 ,
1673 1291 1753 1316 cum

1092 1339 1208 1375 omnis
1228 1339 1387 1375 narratio
1407 1352 1449 1376 eo
1467 1350 1534 1374 nos
1556 1337 1686 1381 ducat,
1716 1339 1755 1371 ut

1093 1394 1278 1432 Laconiae
1302 1395 1417 1432 locum
1438 1395 1495 1432 hic
1513 1393 1663 1441 intelligi
1679 1396 1756 1428 sta-

1094 1456 1257 1497 tuamus,
1287 1451 1379 1488 hanc
1398 1465 1482 1488 vero
1502 1450 1617 1500 ipsam
1635 1448 1756 1497 regio-

1094 1521 1177 1544 nem
1191 1506 1367 1544 Nostrum
1387 1508 1512 1544 visisse
1535 1506 1655 1556 plures
1673 1505 1755 1550 loci,

1095 1565 1156 1601 ubi
1196 1564 1409 1600 Herodotus
1453 1560 1756 1600 Lacedaemoniis

1096 1620 1205 1656 utitur
1227 1620 1393 1666 testibus,
1415 1620 1461 1655 ab
1481 1620 1610 1656 eodem
1631 1618 1757 1666 Heyse

1096 1675 1242 1712 collecti
1262 1675 1283 1711 l.
1304 1675 1324 1712 l.
1345 1689 1380 1725 p.
1409 1677 1501 1721 119,
1522 1675 1609 1712 satis
1632 1679 1757 1710 osten-

1097 1733 1197 1769 dunt.
1240 1732 1323 1775 Quo
1350 1732 1574 1780 potissimum
1598 1731 1683 1767 facit
1704 1729 1758 1765 lo-

1097 1801 1172 1834 cus,
1195 1789 1256 1837 qui
1283 1788 1416 1837 legitur
1435 1788 1498 1831 Ill,
1521 1787 1584 1828 47.
1619 1785 1756 1823 lntelli-

1097 1845 1194 1894 gitur
1216 1849 1335 1881 autem
1357 1845 1390 1880 h.
1412 1846 1434 1880 l.
1466 1843 1605 1880 Pitana
1624 1843 1671 1880 ad
1682 1842 1758 1879 Eu-

1097 1905 1234 1946 rotam,
1274 1901 1432 1950 Spartae
1459 1901 1556 1937 vicus
1586 1911 1677 1936 unus
1713 1909 1757 1936 ex

1097 1957 1378 2006 antiquissimis,
1418 1956 1644 1994 occidentem
1677 1967 1758 1992 ver-

1098 2026 1182 2059 sus,
1222 2013 1445 2062 multumque
1471 2012 1673 2050 celebratus
1700 2014 1759 2048 at-

1098 2083 1170 2118 que
1190 2069 1315 2106 incolis
1338 2070 1522 2118 frequens,
1566 2069 1639 2112 Qui
1659 2068 1757 2105 idem

1099 2126 1145 2163 ab
1166 2126 1358 2163 Herodoto
1376 2126 1411 2162 h.
1429 2126 1451 2162 l.
1483 2121 1758 2175 δῆμοςεμρεὶ-

1098 2182 1210 2230 latur,
1238 2194 1260 2219 a
1277 2182 1500 2230 Thucydidis
1523 2180 1633 2218 schol.
1653 2180 1680 2225 l,
1701 2181 1757 2220 20

1100 2234 1241 2288 κώμη,
1278 2239 1325 2275 ab
1347 2238 1426 2274 aliis
1445 2233 1573 2287 φυλὴ,
1605 2248 1757 2286 quarum

1100 2299 1260 2344 quatuor
1285 2295 1431 2331 omnino
1461 2295 1617 2343 Spartae
1647 2292 1757 2329 fuisse

1098 2351 1235 2387 volunt.
1283 2350 1416 2399 Neque
1445 2351 1539 2387 enim
1568 2350 1615 2385 ad
1649 2361 1758 2385 unam

1099 2407 1256 2444 Atticam
1276 2411 1408 2443 terram
1426 2407 1583 2456 pertinet
1599 2417 1667 2441 vox
1687 2405 1758 2451 δῆ-

1097 2478 1183 2513 μος,
1214 2463 1278 2500 sed
1295 2463 1342 2498 ad
1363 2462 1449 2499 alias
1470 2475 1618 2511 quoque
1638 2461 1759 2509 regio-

1097 2532 1185 2565 nes,
1236 2519 1394 2567 indeque
1434 2519 1531 2555 varie
1579 2518 1758 2564 redditur,

1098 2588 1179 2612 cum
1208 2575 1356 2611 omnino
1395 2587 1529 2624 pagum
1563 2587 1591 2611 s.
1626 2574 1757 2620 vicum,

1098 2632 1154 2668 cui
1177 2630 1229 2666 sui
1250 2631 1352 2678 agri,
1391 2631 1624 2679 magistratus
1646 2630 1759 2667 adeo-

1100 2700 1171 2735 que
1192 2699 1306 2732 sacra,
1330 2687 1375 2723 ab
1394 2686 1471 2723 aliis
1493 2690 1676 2737 separata,
1692 2686 1759 2722 de-

1099 2743 1231 2791 signet.
1264 2743 1345 2779 vid.
1364 2743 1518 2781 Siebelis
1534 2743 1582 2780 ad
1600 2743 1758 2779 Pausan.

1100 2799 1128 2844 Ι,
1156 2803 1171 2838 1
1196 2797 1230 2848 §.
1252 2802 1288 2840 2.
1319 2800 1418 2836 Satis
1438 2812 1524 2837 vero
1543 2803 1670 2836 notum
1690 2800 1759 2843 est,

1098 2855 1263 2892 Pitanam
1285 2868 1395 2893 uuum
1413 2868 1457 2893 ex
1482 2854 1685 2893 istiusmodi
1705 2853 1759 2890 vi-
