1904 3304
111 369 168 394 no,

439 252 525 294 422

834 246 1307 289 HERODOTI

181 360 250 420 „⁰2
274 367 387 421 amsgeg
444 361 490 405 δὲ
518 359 591 404 καὶ
618 358 796 415 ἥκιστα,
826 355 884 408 ὥς
913 356 1106 408 διέδεξαν
1129 355 1381 412 Ἀνάχαρσίς
1406 371 1470 407 τε,
1501 354 1573 398 καὶ
1604 352 1754 397 δεύ-85

187 427 387 486 unwanni-te

158 460 387 521 ωιιιιι·1ιιιΜ.ιι-

264 494 373 527 ncffl

416 438 551 486 2t89a
592 425 714 480 αὖτις
753 427 940 484 Σκύλης-

1015 430 1157 470 Τοῦτο
1196 428 1274 483 μὲν
1312 427 1393 482 γὰρ
1436 425 1698 480 Ἀνάχαρσις,

182 495 212 554 ξ’,
214 503 391 555 ffflamffl„
447 502 537 545 ἐπεί
575 516 619 544 τε
654 503 737 555 γῆν
773 498 939 554 πολλήν
974 497 1222 553 θεωρήσας,
1271 498 1344 540 καὶ
1383 495 1700 550 ἀποδεξάμενος

131 536 218 590 lenus.

444 571 540 617 κατ’
582 569 719 626 αὐτὴν
756 571 917 625 σοφίην
957 570 1143 623 πολλὴν,
1186 567 1401 622 ἐκομίζετο
1432 567 1473 617 ἐς
1510 567 1621 622 ἤθεα
1648 564 1700 608 τὰ

443 643 661 687 Σκυθέων
670 674 680 692 ,
734 641 878 684 πλέων
916 637 975 683 δι’

1010 636 1349 694 Ἑλλησπόντου,
1395 640 1614 693 προσίσχει
1654 638 1697 687 ές
1765 640 1846 680 316

444 713 656 766 Κύζικον,
693 710 787 761 καὶ,
834 706 932 764 εὗρε
962 708 1046 764 γάρ
1076 713 1128 765 τῇ
1159 709 1308 764 Μητρὶ
1336 711 1424 751 τῶν
1451 712 1568 751 θεῶν
1598 706 1759 750 ἀνά-90

443 801 601 841 γοντας
619 781 723 834 τούς
734 780 1004 838 Κυζικηνοὺς
1024 777 1158 835 ὁρτήν
1177 778 1315 834 κάρτα
1333 778 1703 834 μεγαλοπρεπέως,

389 952 453 1000 iis,
485 964 579 1001 quae
603 951 701 1001 apud
722 949 809 988 alias
829 962 965 1001 easque
988 951 1046 988 di-

386 1021 510 1046 versas
533 1008 750 1058 Scytharum
772 1007 884 1044 nibus
904 1006 1045 1058 vigent)

388 1077 514 1103 verum
527 1065 634 1102 etiam
644 1076 750 1112 quam
763 1064 915 1102 maxime
927 1065 1046 1101 Grae-

389 1134 523 1159 corum.
561 1119 642 1158 Nec
669 1119 773 1156 aliter
796 1118 913 1158 locum
935 1121 1048 1170 accipi

389 1178 469 1216 vult
504 1176 691 1214 Letronne
720 1176 848 1212 Journ.
891 1177 927 1213 d.
965 1177 1050 1212 Suv.

394 1235 502 1275 1817
531 1246 567 1282 p.
589 1231 670 1278 46,
698 1231 735 1267 in
764 1244 836 1279 quo
868 1227 1051 1282 ἄλλήλων

391 1294 490 1328 recte
514 1289 562 1325 ad
580 1288 742 1324 diversas
762 1288 977 1335 Scytharum
995 1300 1055 1325 re-

392 1347 463 1384 sert
483 1345 610 1390 tribus,
628 1348 666 1381 et
684 1344 733 1380 ad
743 1344 854 1381 verba
876 1340 929 1395 μή
955 1359 991 1382 τι
1011 1357 1054 1408 γε

394 1396 453 1441 ὧν
475 1398 588 1451 (quae
608 1400 704 1437 idem
717 1399 864 1437 valeant
876 1406 988 1450 atque
998 1415 1050 1451 μη

393 1473 431 1497 τι
457 1472 501 1509 γε
532 1452 616 1507 δή)
654 1455 814 1506 suppleri
845 1457 921 1494 vult
951 1460 1056 1495 τοῖσι

396 1510 577 1565 ἀλλήλων
613 1512 818 1563 νομαίοισι
851 1511 1055 1564 χρέωνται.

400 1572 485 1616 Quo
530 1569 649 1617 magis
689 1569 844 1606 Werferi
890 1569 1057 1619 displicet

399 1627 493 1664 ratio
520 1626 559 1664 in
588 1624 1057 1674 Actt.phi11.Monacc.1

399 1697 438 1734 p.
462 1684 543 1724 263
557 1709 569 1728 ,
598 1681 659 1731 qui
679 1680 728 1717 ad
745 1683 951 1729 negativam
970 1693 1057 1731 par-

399 1737 546 1777 ticulam
580 1733 634 1788 μή
662 1751 699 1775 τι
729 1751 772 1787 γε
799 1739 939 1787 cogitat
966 1739 1058 1788 χρᾶ-

402 1799 524 1841 σθαι,
556 1807 635 1831 cum
662 1789 826 1844 φεύγειν
846 1795 895 1832 ad
914 1806 958 1831 ea
980 1806 1060 1830 ver-

402 1852 472 1898 ba,
523 1863 619 1900 quae
653 1850 853 1887 infinitivus
889 1851 1060 1887 adiuncta

403 1908 575 1956 negativa
607 1906 782 1956 particula
811 1902 865 1957 μή
896 1907 1061 1958 excipere

402 1963 544 2010 soleat,
571 1963 699 2000 referri
719 1963 865 2000 debeat.

463 2031 517 2080 ὥς
549 2031 726 2079 διέδεξαν
754 2028 985 2084 Ἀνάχαρσίς
1021 2044 1062 2070 τε

406 2108 457 2120 ·-·
495 2085 676 2140 Σκύλης]
719 2090 742 2126 ἱ.
771 2103 802 2128 e
840 2094 880 2126 ut
911 2087 1065 2138 exemplo

402 2147 559 2199 suerunt
582 2146 802 2183 Anacharsis
820 2160 862 2183 ac
882 2146 962 2182 dein
984 2158 1066 2195 quo-

410 2217 474 2254 que
495 2203 630 2268 Scyles.
666 2201 764 2240 Male
782 2203 866 2241 olim
882 2197 1068 2252 Ἀναχάρ-

412 2272 452 2298 σι
478 2265 514 2298 et
543 2254 691 2312 Σκύλῃ.
742 2259 799 2297 De
823 2258 1069 2297 Anacharside

410 2316 485 2353 vid.
511 2315 684 2352 strabon.
714 2315 779 2352 Vll
806 2330 842 2366 p.
870 2316 952 2356 303
979 2328 1008 2353 S.
1030 2328 1068 2364 p.

411 2369 494 2412 464
505 2371 696 2419 A.Scymn.
708 2371 786 2407 Chii
798 2373 962 2420 sragmm.
977 2373 1068 2411 119.

412 2427 535 2476 ibique
568 2427 663 2463 Gail.
702 2426 750 2463 T.
782 2428 814 2464 ll
850 2440 887 2477 p.
921 2426 1003 2467 400
1032 2431 1069 2463 et

414 2482 588 2533 imprimis
608 2483 765 2531 Diogen.
785 2482 907 2521 Laert.
929 2482 957 2530 Ι,
989 2485 1065 2524 101

415 2552 518 2589 seqq.
542 2538 665 2587 ibique
688 2539 835 2587 Menag.
876 2539 929 2577 Ac
949 2539 1005 2577 vel
1027 2539 1069 2575 li-

415 2602 512 2634 teras
535 2595 709 2645 sapientis
730 2596 889 2645 Scythae
918 2597 1069 2646 scriptas

415 2653 628 2703 proferunt,
657 2652 704 2688 de
731 2652 861 2701 quibus
885 2654 980 2689 conf.
1003 2652 1069 2688 Ci-

415 2721 487 2746 cer.
506 2706 665 2746 Tusculi.
685 2708 741 2754 V,
772 2712 825 2749 32
851 2713 888 2745 et
905 2721 1000 2756 quae
1020 2708 1071 2745 ibi

415 2764 525 2802 allata
576 2769 660 2801 sunt
708 2765 754 2801 ab
801 2765 1072 2814 interpretibuS.

417 2820 508 2859 Mox
524 2822 640 2859 τοῦτο
659 2818 742 2870 μέν,
761 2821 820 2857 ubi
831 2833 902 2857 non
911 2821 1072 2869 sequitur

418 2878 536 2917 τοῦτο
567 2874 629 2923 δέ,
660 2881 700 2915 ut
718 2876 772 2926 ll,
801 2880 867 2919 99.
906 2877 984 2914 Sed
1016 2878 1072 2915 sa-

1102 951 1202 989 ciunt
1228 951 1319 995 huc,
1349 961 1444 1000 quae
1473 949 1575 987 initio
1603 960 1688 1014 cap.
1708 947 1764 989 78

1103 1007 1294 1057 leguntur:
1343 1009 1523 1045 πολλοῖσι
1556 1003 1599 1044 δὲ
1637 1000 1765 1056 κάρτα

1105 1064 1204 1104 ε’τεσι
1236 1059 1402 1113 ὕστερον
1432 1078 1467 1100 κ.
1495 1078 1527 1101 τ.
1559 1065 1591 1101 λ.
1629 1061 1765 1110 Attigit

1104 1122 1207 1166 haec,
1221 1124 1393 1157 monente
1410 1119 1440 1156 C
1449 1133 1490 1165 r.,
1508 1117 1765 1168 wyttenbach.

1107 1178 1156 1215 ad
1187 1176 1282 1213 Plut.
1312 1175 1455 1212 Morall.
1479 1176 1514 1222 l,
1550 1178 1577 1215 2
1605 1188 1640 1225 p.
1670 1176 1767 1216 768.

1164 1244 1232 1285 καὶ
1260 1241 1554 1294 οἷποὸεξάμενος
1580 1239 1670 1283 κατ’
1698 1238 1768 1282 αὕ-

1109 1299 1182 1353 tva
1203 1303 1350 1351 σοφίην
1372 1298 1549 1352 πολλὴν]
1581 1301 1604 1338 ἰ.
1625 1314 1657 1338 e.
1671 1303 1770 1350 post-

1111 1372 1215 1409 quam
1234 1359 1347 1395 multa
1365 1360 1560 1408 sapientiae
1581 1358 1771 1407 specimina

1111 1418 1150 1453 in
1177 1429 1219 1452 aa
1248 1416 1383 1464 (terra)
1413 1415 1537 1451 edidit.
1568 1414 1626 1452 De
1661 1425 1773 1462 argu-

1110 1477 1235 1511 mento
1250 1472 1398 1508 laudant
1407 1471 1611 1520 interprett.
1623 1470 1670 1507 ad
1679 1469 1773 1508 Dio-

1112 1541 1197 1578 gen.
1228 1527 1349 1565 Laert.
1378 1528 1414 1574 Ι,
1445 1527 1539 1568 105.
1586 1526 1645 1563 Ad
1673 1526 1773 1564 locu-

1112 1587 1250 1622 tionem
1280 1583 1436 1620 Wessel.
1462 1585 1602 1620 confert
1626 1581 1772 1621 Platon.

1112 1640 1313 1692 Hipparch.
1343 1652 1381 1690 p.
1407 1641 1490 1679 2⁴28
1515 1640 1558 1676 B.
1601 1635 1646 1684 ὃς
1673 1635 1774 1676 ἄλλα

1113 1711 1153 1736 τε
1192 1692 1318 1735 πολλοὶ
1353 1694 1419 1733 καὶ
1451 1692 1550 1733 καλοὶ
1585 1694 1677 1745 ἔργα
1709 1706 1775 1733 σο·

1116 1752 1213 1801 φίας
1242 1747 1485 1799 ἀπεδείξατο.
1523 1752 1573 1788 Et
1591 1753 1636 1789 cf.
1655 1751 1774 1801 ipsum

1114 1809 1297 1847 Herodot.
1329 1808 1368 1854 Ι,
1405 1809 1474 1850 59.
1509 1807 1601 1849 174.
1632 1807 1686 1853 lI,
1718 1808 1775 1847 36

1116 1870 1186 1904 etc.
1216 1886 1269 1893 —-
1296 1861 1404 1915 ἤθεα
1428 1865 1463 1900 in
1483 1877 1586 1914 seqq.
1610 1868 1695 1900 sunt
1714 1863 1777 1899 do-

1117 1922 1262 1959 micilia.
1287 1942 1330 1948 —-
1380 1921 1424 1958 In
1451 1921 1513 1968 iis,
1540 1933 1634 1970 quae
1661 1920 1778 1956 conti-

1117 1991 1190 2016 nuo
1222 1981 1441 2026 sequuntur,
1481 1990 1562 2014 cum
1590 1976 1777 2013 Gaisford.

1121 2034 1249 2072 sustuli
1283 2032 1345 2080 δέ,
1394 2034 1494 2082 quod
1527 2037 1612 2084 post
1646 2031 1777 2071 πλέων

1119 2091 1228 2140 vulgo
1259 2090 1430 2127 inseritur
1454 2090 1626 2139 quodque
1654 2090 1777 2134 etiam,

1120 2147 1220 2185 libris
1255 2146 1462 2184 melioribus
1501 2146 1642 2192 invitis,
1692 2145 1779 2183 reti-

1121 2205 1199 2241 nuit
1228 2202 1428 2248 Matthiae3
1466 2215 1535 2240 nec
1559 2214 1646 2239 vero
1685 2199 1778 2250 (ulla

1121 2258 1334 2308 intelligitur
1364 2260 1479 2304 ratio,
1517 2271 1578 2295 cur
1609 2257 1776 2307 apodosi‚

1123 2329 1220 2365 quae
1245 2315 1291 2352 ab
1312 2315 1366 2351 his
1382 2316 1470 2365 ipsis
1489 2314 1673 2351 exorditur
1688 2326 1779 2350 ver-

1124 2373 1179 2409 bis
1218 2369 1366 2418 (πλέων
1396 2366 1450 2409 δι’
1474 2365 1777 2418 Ἑλλησπόντου,

1124 2427 1339 2479 προσίσχει)
1363 2427 1548 2463 adiiciatur
1565 2424 1625 2474 <553
1650 2439 1780 2475 quarn-

1125 2497 1234 2533 quam
1252 2483 1374 2521 nescio
1393 2483 1478 2531 quid
1498 2483 1626 2520 durum
1644 2483 1779 2520 habere

1124 2541 1266 2577 videtur
1277 2540 1458 2576 iunctura:
1479 2537 1609 2577 πλέων
1628 2553 1688 2590 πρ
1700 2553 1720 2578 ο
1732 2550 1780 2577 σ-

1126 2596 1256 2645 ίσχει
1279 2592 1639 2642 καὶ-εὕξατο.--
1661 2606 1780 2647 προσ-

1127 2652 1248 2703 ίσχειν
1271 2656 1329 2689 est
1349 2652 1540 2700 appellere,
1576 2655 1710 2699 tenere,
1739 2655 1781 2688 ut

1126 2709 1198 2756 IV,
1237 2706 1326 2748 147.
1355 2710 1447 2749 156.
1487 2708 1560 2756 Vl,
1591 2710 1656 2748 99.
1688 2710 1781 2749 119.

1182 2759 1309 2814 κάρτα
1339 2762 1686 2816 μεγαλοπρεπέως]
1723 2763 1781 2801 Ita.

1128 2820 1212 2858 dedi
1230 2820 1399 2858 librorum
1414 2834 1456 2859 ex
1475 2822 1687 2858 auctoritate
1699 2832 1780 2857 cum

1128 2883 1278 2915 receutt.
1311 2877 1396 2915 edd.
1434 2877 1574 2927 Vulgo:
1619 2880 1781 2929 μεγαλο-
