1904 3304
76 498 142 543 70

74 1144 139 1190 71

485 248 1049 289 MELPOMENE.
1107 247 1170 287 IV.

1376 249 1461 290 413

202 361 433 417 ἀποκτείνῃ
449 360 670 417 βασιλεύς,
702 359 872 404 τούτων
889 357 994 404 ου’δὲ
1010 357 1114 410 τούς
1135 359 1294 409 παῖδας
1314 357 1461 410 λείπει,

202 433 309 477 ἀλλὰ
351 433 492 475 πάντα
527 430 581 474 τὰ
617 432 770 485 ἔρσενα
809 433 985 482 κτείνει,
1030 428 1083 472 τὰ
1120 428 1165 472 δὲ
1203 427 1343 484 θήλεα
1381 427 1464 472 οὐκ

199 503 371 548 ἀδικέει.
430 502 590 555 “Ooxtoc
629 502 674 545 δὲ
711 507 939 546 ποιεῦνται
977 500 1157 544 Σκύθαι
1196 495 1298 554 ὦδε,
1349 498 1462 554 πρὸς

197 574 302 625 τούς
344 574 397 617 ἂν
436 573 682 616 ποιέωνται.

742 574 783 624 ἐς
819 573 974 617 κύλικα
1010 570 1199 628 μἐγάλην
1228 573 1521 628 κεραμίνηνὸὄ

202 643 325 688 οἶνον
359 645 598 700 ἐγχέαντες,
637 643 743 700 αἷμα
783 646 1078 699 συμμίσγουσι
1116 647 1205 686 τῶν
1243 642 1295 685 τὰ
1334 642 1463 696 ὅρκια

198 716 503 770 ταμνομένων,
534 715 745 766 τύψαντες
768 713 917 760 ὀπέατι
934 715 961 770 ἢ
979 713 1255 769 ἐπιταμόντες
1278 714 1466 769 μαχαίρῃ

201 786 388 840 σμικρόν
426 791 506 831 τοῦ
544 786 761 842 σώματος·
817 787 889 829 καὶ
919 786 1061 829 ἔπειτα
1093 783 1399 839 ἀποβάψαντες
1429 784 1471 834 ἐς
1527 787 1611 827 313

199 856 278 912 τὴν
300 857 455 901 κύλικα
477 857 706 909 ἀκινάκεα,
736 857 808 900 καὶ
828 856 1022 909 ὀϊστοὺς,
1052 856 1124 899 καὶ
1156 855 1361 910 σάγαριν,
1392 853 1466 897 καὶ

172 926 423 972 Ξάκόντιον.

482 929 612 972 ἐπεάν
653 929 698 972 δὲ
735 931 872 970 ταῦτα
908 926 1142 981 ποιήσωσι,
1182 923 1523 980 κατεύχονται90

199 999 359 1051 πολλοὶ,
389 1000 460 1043 καὶ
486 1000 628 1043 ἔπειτα
659 997 921 1042 ἀποπίνουσι
952 996 1077 1042 αὐτοί
1105 1013 1149 1040 τε
1180 998 1223 1040 οἱ
1239 995 1288 1038 τὸ
1312 995 1466 1050 ὅρκιον

201 1069 476 1124 ποιεύμενοι,
507 1072 693 1115 καὶτῶν
722 1070 944 1125 ἑπομένων
974 1070 1019 1112 οἱ
1046 1068 1247 1112 πλείστου
1279 1065 1407 1119 ἄξιοι.

318 1143 466 1197 Ταφαὶ
516 1143 562 1186 δὲ
611 1146 700 1186 τῶν
750 1141 964 1198 βασιλέων
1010 1138 1058 1184 έν
1106 1138 1310 1195 Γέῤῥοισι
1361 1138 1462 1190 εἰσὶ,

342 1312 373 1349 C
389 1325 457 1362 ap.
485 1310 604 1350 LXX.

204 1363 403 1416 τύψαντες
431 1364 566 1407 ὄπέατι
588 1392 638 1397 -—
675 1363 807 1418 στόμα-

149 1423 237 1474 τος]
270 1425 376 1462 Conf.
408 1425 546 1462 Herod.
569 1425 606 1472 Ι,
638 1425 712 1470 74,
748 1425 808 1461 ubi

149 1482 247 1530 quod
268 1478 340 1530 τήν
364 1479 598 1532 ὁμοχροιΐην
611 1481 696 1518 dicit
709 1493 807 1516 sum-

148 1549 245 1574 mam
285 1538 375 1574 cutis
411 1538 660 1587 superficiem,
708 1536 742 1573 h.
781 1536 804 1573 l.

149 1589 318 1642 σμικρόν
330 1595 403 1631 τοῦ
417 1591 610 1644 σώματος.
631 1592 685 1629 Ac
698 1604 806 1641 prae-

147 1653 204 1686 ter
237 1649 388 1686 Lucian.
425 1650 462 1686 in
504 1650 639 1686 Toxar.
677 1651 730 1689 37
769 1652 807 1686 et

148 1704 280 1742 Athen.
302 1706 335 1741 II
361 1719 396 1755 p.
418 1705 470 1747 45
493 1706 535 1743 F.
563 1706 633 1742 huc
661 1704 808 1755 potissi-

150 1775 248 1800 mum
266 1763 427 1811 pertinet
448 1762 546 1799 Mela
567 1762 620 1808 ll,
647 1764 683 1808 1,
704 1764 806 1803 120:

150 1818 237 1867 „Ne
261 1818 411 1856 foedera
441 1819 589 1868 quidem
619 1819 808 1855 incruenta

153 1878 235 1911 sunt
246 1888 256 1919 ·,
269 1876 430 1911 sauciant
442 1889 480 1913 se
492 1876 553 1924 qui
568 1875 808 1925 paciscuntur,

152 1935 434 1980 exemptumque
483 1933 694 1980 sanguinem
747 1931 809 1966 ubi

151 1987 409 2037 permiscuere,
440 1987 647 2036 degustant.
679 1987 721 2023 Id
743 2000 812 2037 pu-

153 2047 231 2078 tant
259 2055 449 2080 mansurae
476 2045 560 2080 fidei
582 2045 714 2094 pignus
734 2055 813 2080 cer-

153 2099 366 2135 tissimum.“
427 2099 500 2136 [bi
531 2100 576 2136 Is.
604 2100 708 2136 Voss.
745 2112 813 2135 no-

154 2160 267 2191 strum
290 2154 408 2191 attulit
430 2155 568 2203 locum,
599 2156 634 2192 in
655 2168 726 2204 quo
746 2167 812 2204 pro

151 2209 295 2249 ’ὑπέατι
325 2212 416 2248 bene
439 2213 644 2249 emendavit
664 2207 813 2256 ὀπέατι,

154 2267 255 2317 quod
297 2267 574 2305 Hemsterhusio
616 2267 812 2318 probatum

152 2324 201 2361 ad
238 2323 374 2361 Polluc.
409 2325 464 2372 X,
516 2325 592 2365 141
639 2336 734 2361 nunc
776 2324 813 2360 in

153 2384 254 2417 textu
290 2385 421 2417 exstat.
469 2381 659 2429 Significat
694 2376 813 2426 ὄπεας

156 2436 314 2472 subulam
335 2441 371 2473 et
389 2438 484 2474 inter
496 2432 744 2486 σκυτοτόμων
759 2437 813 2473 in-

158 2497 354 2529 strumenta
396 2506 417 2529 a
458 2493 609 2531 Polluce
649 2494 815 2530 refertur.

159 2547 232 2589 Qui
259 2548 353 2585 idem
373 2548 499 2586 Pollux
521 2550 574 2596 X,
609 2551 687 2590 191
709 2550 816 2586 affert

158 2604 374 2653 κεραμίνην
407 2602 560 2644 κύλικα.
598 2605 815 2653 Larcherus,

159 2659 220 2707 qui
247 2658 423 2697 Dodwelli
453 2661 577 2699 laudat
605 2662 814 2700 Dissertatt.

162 2715 360 2763 Cypriann.
383 2716 467 2753 XIII
488 2716 524 2768 ᾗ.
540 2720 590 2759 18
616 2732 703 2769 pag.
725 2720 818 2766 130,

161 2770 274 2807 simile
329 2772 418 2819 quid
467 2775 639 2813 accidisse
691 2774 816 2811 scribit

162 2825 320 2863 Henrico
331 2826 379 2863 ΙΙΙ
398 2829 433 2864 in
444 2828 630 2869 Poloniam
639 2832 814 2877 intrante3

162 2882 210 2919 de
241 2895 312 2933 quo
339 2882 482 2923 Daniel.
503 2885 601 2926 Hist.
632 2888 679 2927 de
696 2887 815 2925 Fran-

865 1323 906 1348 ce
942 1308 978 1346 X
1017 1320 1105 1358 pag.
1149 1306 1242 1349 532.
1310 1306 1436 1345 Plures
1478 1306 1526 1344 de

864 1366 932 1404 hoc
970 1366 1043 1402 ritu
1081 1364 1143 1413 qui
1176 1368 1350 1413 egerunt,
1393 1364 1525 1402 excitat

866 1421 1071 1459 Tzschuck.
1095 1421 1143 1457 ad
1155 1421 1333 1471 Pompon.
1355 1420 1441 1458 Mel.
1462 1420 1484 1456 l.
1503 1419 1526 1456 l.

863 1483 954 1515 nott.
975 1490 1102 1525 exegg.
1122 1489 1157 1527 p.
1173 1478 1225 1518 56
1247 1476 1328 1514 Vol.
1348 1477 1398 1513 111
1420 1476 1461 1513 P.
1481 1476 1526 1512 ll.

861 1554 917 1561 —-
945 1533 1004 1571 De
1029 1533 1138 1569 medii
1165 1533 1263 1569 verbi
1284 1546 1350 1569 usu
1368 1534 1405 1569 in
1423 1532 1523 1569 locu-

861 1589 1020 1627 tionibus
1033 1584 1148 1638 ὅρκια
1156 1586 1295 1637 τέμνεσ
1303 1593 1384 1636 θαι,
1399 1592 1524 1627 ποιεῖ-

863 1649 963 1685 σθαι
999 1644 1151 1694 (foedus
1179 1646 1319 1693 icere),
1358 1644 1436 1681 aliis
1465 1645 1525 1681 vix

862 1714 1013 1741 monere
1032 1714 1136 1751 opus.
1169 1701 1228 1738 Cf.
1247 1702 1310 1748 IV,
1337 1704 1432 1743 201.
1460 1701 1524 1746 IX,

864 1761 931 1800 26.
957 1778 1013 1786 —
1051 1757 1110 1795 Ad
1140 1753 1398 1809 κατεύχονται
1429 1758 1524 1794 conf.

865 1819 958 1854 nott.
990 1814 1038 1852 ad
1067 1814 1105 1861 I,
1141 1816 1220 1856 132
1248 1814 1326 1852 coll.
1345 1815 1400 1863 ll,
1430 1813 1494 1855 40.

1089 1871 1197 1922 Cap.
1230 1870 1364 1908 LXXI.

929 1924 1062 1976 Ταφαὶ
1088 1924 1130 1965 δὲ
1157 1929 1236 1965 τῶν
1260 1925 1453 1978 βασιλέων
1484 1924 1529 1965 ἒν

870 1982 1058 2034 Γέῤῥοισι
1089 1982 1178 2033 εἶσί]
1221 1981 1416 2034 βασιλέων
1444 1995 1525 2021 cum

869 2041 986 2077 Gaisf.
1007 2044 1045 2076 et
1062 2039 1195 2076 Matth.
1217 2041 1343 2091 scripsi
1366 2053 1432 2090 pro
1455 2040 1527 2090 βα-

871 2092 1031 2146 σιλήων.
1061 2095 1147 2132 Mos
1166 2097 1324 2132 tumulos
1346 2096 1404 2134 vel
1421 2109 1529 2146 prae-

870 2153 1029 2201 grandes
1041 2151 1230 2189 attollendi
1249 2165 1357 2202 super
1367 2157 1530 2189 mortuo-

869 2221 972 2255 rum,
1010 2221 1137 2257 regum
1166 2210 1379 2258 praecipue,
1421 2209 1531 2245 cada-

869 2278 955 2302 vera
983 2277 1057 2301 non
1097 2263 1212 2301 solum
1247 2265 1345 2314 apud
1375 2264 1530 2313 Scythas

870 2322 1007 2370 viguit,
1045 2324 1087 2357 ut
1109 2320 1142 2356 h.
1165 2320 1187 2360 l.
1221 2325 1378 2358 testatur
1406 2321 1529 2358 Hero—

871 2379 999 2425 dotus,
1038 2389 1161 2414 verum
1183 2378 1290 2414 etiam
1313 2378 1411 2427 apud
1442 2377 1530 2413 alias

869 2434 1040 2484 Europae
1073 2433 1226 2470 borealis
1267 2438 1396 2482 gentes
1434 2434 1532 2470 obti-

870 2491 961 2528 nuit.
997 2489 1054 2527 De
1077 2502 1175 2538 quo,
1205 2496 1330 2526 nostro
1353 2491 1433 2527 loco
1457 2502 1531 2526 non

870 2546 1152 2599 praetermiSSO,
1197 2546 1326 2594 zoega
1352 2546 1410 2584 De
1430 2546 1533 2582 Obe-

872 2604 967 2641 liscc.
985 2615 1072 2653 pag.
1092 2604 1186 2648 338,
1216 2615 1238 2639 a
1257 2602 1324 2640 Cr.
1344 2601 1530 2640 excitatus.

871 2661 954 2698 Hoc
984 2665 1106 2696 autem
1143 2660 1223 2695 loco
1261 2671 1335 2695 non
1375 2658 1531 2695 alienum

873 2718 940 2756 erit
968 2715 1150 2764 sigillatim
1174 2716 1354 2763 quaedam
1382 2726 1531 2752 monere

872 2774 919 2812 de
962 2771 1111 2808 tumulis
1148 2770 1216 2807 illis
1259 2770 1530 2822 sepulcralibus,

872 2831 934 2880 qui
953 2828 1055 2865 multi
1074 2840 1223 2864 numero
1236 2855 1246 2874 ,
1276 2840 1350 2865 non
1368 2829 1403 2863 in
1423 2826 1530 2861 Sibe-

868 2888 922 2925 ria
939 2890 1093 2934 tantum,
1116 2896 1239 2922 verum
1259 2885 1366 2923 etiam
1381 2882 1526 2922 inRus-

1536 498 1624 526 Ritus
1648 498 1779 527 foederIS

1537 533 1678 561 feriendi.

1520 1141 1636 1176 Regum
1665 1140 1799 1175 sepultu-

1520 1183 1573 1203 ra:
1593 1174 1721 1202 inferiae
1731 1182 1799 1201 cru-
