1904 3304
197 501 272 525 ιιιιιι
300 493 402 521 Soiet

127 499 227 552 οΙιιιιῃιηε
264 513 312 553 'Tr
317 528 403 555 itini-

150 558 195 585 disi
211 560 326 587 accolar

453 253 538 292 614

295 361 395 407 188
455 360 612 403 Θυσίαι
650 359 696 402 δὲ
723 362 837 401 τοῖσι
865 356 1027 413 νομάσι
1057 359 1138 402 εἰσὶ
1167 359 1273 402 αἵδε.

143 424 315 452 Sacriiicia:
336 426 383 453 Dii

177 468 279 518 ῃΟΠΙΙΠΙ
293 468 344 486 ΙΙΰἯ

836 249 1302 289 11ERODOT1

1331 358 1458 403 ἐπεὰν
1487 363 1567 403 τοῦ
1601 358 1711 410 ω’τὸς

456 429 731 484 ἀπάρξωνται
768 432 849 472 τοῦ
885 428 1087 484 κτήνεος,
1127 428 1348 483 ῥιπτέουσι
1385 429 1494 483 ὑπὲρ
1530 431 1607 473 τὸν
1637 430 1767 474 δό·55

403 746 578 798 Λίβυες]
620 746 731 785 Conf.
770 745 841 798 lv,
883 748 1057 790 1733121-

401 815 473 853 que
505 807 649 840 notata.

515 891 546 929 c
563 906 584 930 a
596 905 634 943 p.
675 891 945 934 chxxvlu.

460 969 679 1023 ῥιπτέουσι]
719 971 776 1010 De
796 971 865 1010 hoc
883 973 995 1010 verbo
1013 972 1058 1011 cf.

404 1026 470 1074 IV,
498 1027 551 1068 94
576 1028 662 1077 ibiq.
691 1032 786 1065 nott.
863 1030 968 1073 Quae
1001 1042 1059 1066 se-

404 1089 565 1132 quuntur
595 1081 696 1133 ὑπὲρ
728 1081 799 1122 τόν
825 1081 951 1134 δόμον
979 1098 1058 1122 cum

403 1139 535 1176 Matth.
561 1140 627 1177 Gr.
662 1142 727 1176 Gr.
758 1153 844 1190 pag.
868 1142 974 1181 1156
1004 1142 1059 1177 in-

402 1200 604 1246 terpretor:
642 1197 726 1232 u'ber
756 1196 822 1232 das
843 1196 951 1237 Hans
971 1208 1059 1244 weg.

403 1252 528 1296 Quare
550 1252 710 1290 minime
750 1264 841 1319 opus
879 1252 1060 1300 refingere

403 1320 484 1344 cum
523 1307 674 1345 Reiskio
706 1305 807 1359 ’ὑπὲρ
845 1323 914 1347 τον
952 1303 1061 1359 ὦμον

407 1377 512 1413 super
542 1364 740 1410 lemnerum,
779 1368 843 1402 aut
870 1361 972 1416 νπὲρ
992 1361 1061 1403 τόν

404 1416 544 1472 βωμον
563 1433 666 1470 super
687 1433 799 1458 aram.
843 1420 926 1458 Nec
946 1421 1063 1470 magis

406 1489 499 1526 opus
521 1476 630 1527 paulo
651 1481 738 1527 post
759 1472 886 1516 αὐτοῦ
903 1490 1065 1514 commu-

405 1536 487 1570 tare
514 1533 550 1569 in
583 1527 715 1572 αὐτῶν
742 1533 927 1583 (avertunt
956 1535 1066 1572 cervi-

407 1601 477 1629 cem
496 1590 636 1638 suam),
665 1594 706 1626 ut
722 1590 858 1640 placuit
874 1589 1011 1628 Pawio.

461 1695 615 1740 θυουσι
634 1698 675 1740 δὲ
694 1698 794 1754 ’ἡλίῳ
821 1699 889 1740 καὶ
918 1697 1064 1755 σεληνῃ

407 1752 619 1811 μούνοισι]
667 1757 771 1795 citat
810 1758 977 1795 Eustath.
1017 1758 1065 1795 ad

406 1813 559 1863 Dionys
590 1813 733 1861 Perieg.
776 1813 856 1854 185
897 1813 975 1850 coll.
1016 1814 1065 1850 ad

407 1870 559 1906 Homer.
579 1869 617 1905 ΙΙ.
638 1882 675 1919 p.
695 1869 816 1916 1265,
845 1873 870 1910 7
891 1882 920 1910 S.
945 1867 1066 1916 1364,

408 1928 464 1966 27
484 1926 531 1962 ob
551 1925 662 1961 verba
682 1938 785 1974 seqq.
811 1922 908 1974 μετοῖ
928 1923 970 1964 δὲ
988 1940 1022 1964 κ.
1033 1940 1065 1964 τ.

408 1984 441 2020 λ.
487 1981 519 2017 Ε
548 1981 678 2030 quibus
714 1981 832 2018 verbis
864 1995 944 2018 cum
971 1981 1067 2019 clare

408 2040 556 2088 pateat,
598 2036 723 2086 Libyci
745 2036 859 2074 cultus
885 2037 1068 2076 elementa

407 2095 519 2131 fuisse
539 2091 654 2130 Solem
684 2106 726 2130 ac
742 2093 909 2140 Lunam,
947 2094 1069 2131 sidera

411 2149 605 2196 coelestia,
636 2162 730 2199 quae
748 2150 793 2186 ab
817 2150 984 2187 omnibus
1006 2150 1070 2189 Li-

412 2207 507 2255 byae
522 2206 691 2253 gentibus
709 2207 843 2243 fuerint
865 2206 974 2254 culta,
997 2207 1069 2244 iam

413 2262 515 2312 quod
537 2274 558 2299 a
574 2262 790 2310 quibusdam
809 2267 847 2300 et
865 2263 1069 2301 Minervam

414 2323 452 2356 et
470 2317 682 2368 Neptunum
705 2318 773 2355 coli
788 2319 932 2366 adiicit,
964 2324 1070 2369 pote-

413 2378 472 2410 rat
491 2375 598 2411 credo
618 2374 713 2411 idem
745 2379 780 2412 et
800 2375 981 2412 Bacchum
1004 2376 1069 2412 ad-

412 2431 585 2478 iungere,
629 2442 735 2478 quem
756 2430 826 2467 illic
842 2443 988 2480 quoque
1015 2432 1072 2467 su-

413 2486 485 2523 isse
495 2485 628 2522 cultum
648 2486 750 2535 plura
770 2487 930 2524 indicare
945 2488 1071 2525 viden-

413 2545 473 2579 tur
489 2542 675 2578 Creuzero
691 2543 726 2578 in
748 2543 907 2590 Symbol.
932 2543 963 2580 11
985 2556 1072 2593 pag.

413 2600 494 2639 261
529 2610 606 2647 seq.
636 2602 709 2634 not.
724 2626 735 2644 ,
789 2599 849 2636 ubi
891 2599 1071 2647 observat,

414 2653 527 2690 latere
543 2654 579 2690 in
599 2654 717 2690 verbis
732 2654 948 2691 Herodoteis
965 2669 1073 2693 unam

416 2721 599 2746 sacrorum
622 2709 813 2747 Minervae
837 2711 995 2748 Palladis
1015 2725 1074 2749 ra-

417 2766 556 2802 dicem:
590 2779 664 2815 quo
686 2770 807 2803 tamen
826 2767 905 2816 ipso
927 2768 1074 2806 minime

415 2821 485 2858 hoc
496 2823 762 2869 contendimus,
777 2821 950 2870 Libycam
967 2824 1072 2861 deam

414 2878 544 2916 rudem
576 2891 657 2916 cum
685 2881 783 2916 culta
798 2876 1073 2917 Atheniensium

457 516 559 556 μου·
589 504 719 543 τοῦτο
746 499 791 542 δὲ
810 501 1078 556 ποιήσαντες,
1108 499 1434 555 αποστρέφουσι
1453 502 1531 546 τόν
1554 502 1712 559 αὐχένα

127 599 160 626 p
164 600 259 628 (ψῃ,
286 569 401 622 μῆζῗέ,
429 570 613 614 Ξαύτοῦ.
659 569 824 615 θύουσι
852 572 898 615 δὲ
927 568 1034 628 ἡλίῳ
1064 572 1137 616 καὶ
1165 570 1323 629 σελήνῃ
1353 570 1568 627 μούνοισι.
1617 572 1713 618 τού-

1115 749 1185 786 dea
1204 760 1353 800 prorsus
1373 760 1482 786 unam
1503 762 1583 787 esse
1595 749 1769 787 eandem-

1116 819 1199 856 que.
1251 802 1458 854 Neptunum
1487 804 1628 854 Libyae
1662 807 1769 843 deum

1115 860 1332 913 primitivum
1354 861 1513 910 indeque
1536 862 1582 898 ad
1605 862 1769 899 Graecos

1115 919 1308 955 advectum
1327 917 1466 955 Noster
1485 918 1624 955 dixerat
1639 918 1685 962 11,
1702 920 1769 965 50,

1115 975 1178 1011 ubi
1192 975 1235 1010 cf.
1248 977 1336 1010 nott.
1350 973 1446 1011 Nam
1460 975 1544 1011 inde
1559 986 1692 1024 equum,
1705 973 1771 1011 Li-

1115 1031 1216 1079 bycis
1237 1030 1444 1077 regionibus
1462 1031 1564 1079 quasi
1585 1031 1770 1081 proprium

1115 1088 1237 1134 ibique
1266 1087 1430 1135 primitus
1459 1087 1634 1123 domitum
1660 1087 1773 1123 curri-

1115 1143 1257 1190 busque
1286 1142 1473 1188 additum,
1505 1143 1670 1179 ferebant
1691 1142 1772 1180 Deo

1117 1201 1378 1244 consecratum,
1408 1198 1468 1246 qui
1488 1198 1566 1248 ipse
1583 1198 1721 1244 ἵππιος
1743 1211 1771 1234 s.

1116 1253 1274 1299 ι’ππειος
1295 1254 1381 1291 inde
1400 1254 1529 1290 dictus.
1558 1254 1640 1290 vid.
1654 1254 1775 1291 Creu-

1118 1323 1191 1347 zer.
1220 1309 1242 1346 l.
1276 1308 1298 1345 l.
1326 1322 1410 1359 pag.
1442 1310 1536 1351 594.
1566 1310 1647 1350 598
1671 1323 1774 1359 seqq.

1119 1367 1218 1410 Quin
1238 1365 1427 1403 Minervae
1449 1366 1607 1415 equestri
1628 1379 1775 1415 quoque

1120 1422 1259 1459 natales
1306 1421 1449 1470 Libyae
1492 1423 1776 1472 adscripserunt,

1120 1483 1215 1516 teste
1236 1477 1356 1514 Schol.
1384 1479 1432 1514 ad
1454 1478 1563 1516 Pind.
1586 1478 1692 1527 Pyth.
1714 1479 1776 1524 lv,

1121 1537 1157 1575 2.
1198 1534 1254 1570 Ex
1282 1534 1350 1571 hac
1378 1539 1501 1572 autem
1529 1534 1671 1584 Libyae
1711 1547 1778 1572 ora

1121 1590 1317 1641 postmodo
1352 1603 1527 1638 equorum
1563 1604 1667 1628 usum
1703 1603 1777 1628 una

1121 1659 1202 1684 cum
1229 1645 1309 1683 Deo
1338 1645 1534 1695 Neptuno,
1585 1647 1640 1684 cui
1676 1658 1777 1684 sacer

1121 1714 1248 1750 equus,
1269 1702 1315 1738 ad
1334 1701 1510 1741 Graeciae
1528 1714 1610 1739 oras
1629 1702 1777 1739 allatum

1122 1759 1386 1805 existimemus,
1427 1759 1502 1797 sive
1537 1771 1559 1795 a
1587 1758 1778 1796 Phoenici-

1122 1815 1190 1852 bus
1216 1815 1291 1851 sive
1320 1815 1367 1851 ab
1396 1814 1497 1861 aliis;
1551 1826 1646 1863 quae
1683 1826 1780 1852 nunc

1122 1871 1302 1921 copiosius
1329 1883 1512 1921 exponere
1551 1884 1625 1908 non
1664 1874 1779 1910 vacat.

1124 1927 1186 1965 Tu
1207 1928 1291 1964 vide
1309 1927 1354 1964 de
1379 1927 1454 1964 aliis
1474 1928 1592 1976 iisque
1610 1927 1778 1965 recondi-

1123 1983 1299 2029 tioribus,
1329 1995 1424 2032 quae
1447 1983 1484 2019 in
1506 1983 1574 2020 hac
1593 1983 1714 2021 sabula
1731 1983 1779 2020 de

1125 2053 1222 2088 equo
1246 2038 1423 2089 Neptuno
1444 2052 1547 2077 sacro
1568 2051 1610 2076 ac
1632 2040 1678 2077 de
1699 2040 1779 2089 ipso

1125 2095 1303 2146 Neptuno
1360 2095 1472 2133 latere
1528 2095 1779 2146 perhibentur.

1126 2153 1256 2189 Creuz.
1276 2151 1298 2188 Ι.
1322 2151 1345 2187 l.
1362 2164 1446 2202 pag.
1468 2151 1571 2198 589,
1603 2152 1665 2201 qui
1684 2164 1780 2189 nunc

1125 2209 1230 2246 addit
1288 2207 1485 2257 Inghirami
1550 2207 1781 2245 Monumenti

1125 2264 1295 2302 Etruschi
1315 2265 1361 2301 ad
1386 2265 1460 2301 tab.
1485 2264 1537 2305 59
1569 2264 1664 2302 delle
1692 2275 1780 2300 urne

1126 2321 1302 2358 Etrusche
1321 2332 1406 2370 pag.
1426 2318 1519 2361 487.
1550 2321 1590 2357 In
1615 2320 1684 2356 alia
1705 2319 1781 2356 abit

1126 2377 1295 2414 Viiicker.
1316 2376 1428 2427 Iapet.
1457 2389 1541 2427 pag.
1569 2374 1648 2416 134
1665 2374 1780 2422 Liby-

1128 2445 1207 2470 cam
1239 2432 1401 2483 Neptuni
1437 2433 1610 2480 originem
1640 2443 1779 2480 negans

1127 2489 1381 2537 Herodotique
1413 2488 1657 2525 testimonium
1685 2487 1781 2525 evel-

1127 2545 1201 2583 lere
1238 2546 1407 2590 studens,
1453 2544 1596 2593 longius
1634 2556 1783 2593 quoque

1130 2602 1311 2638 disserens
1330 2602 1376 2638 de
1397 2613 1515 2648 equo,
1555 2600 1617 2648 qui
1645 2600 1783 2648 allego-

1130 2658 1203 2694 rico
1230 2657 1350 2707 potius
1385 2668 1492 2693 sensu
1522 2668 1563 2692 ac
1589 2655 1783 2693 tesseraria

1128 2714 1251 2764 potius
1289 2712 1428 2749 ratione
1462 2711 1638 2762 Neptuno
1672 2711 1782 2749 maris

1130 2770 1200 2806 dco
1222 2769 1431 2814 adiiciatur,
1469 2781 1548 2805 cum
1580 2767 1782 2817 symbolum

1129 2826 1176 2861 sit
1204 2825 1344 2861 navium
1373 2838 1474 2862 mare
1506 2824 1782 2874 persecantium.

1129 2880 1247 2919 Nobis
1265 2909 1276 2928 ,
1342 2885 1381 2919 ut
1426 2882 1570 2932 saepius
1618 2880 1785 2927 diximus,
