<?xml version="1.0" encoding="UTF-8"?>
<!DOCTYPE html PUBLIC "-//W3C//DTD XHTML 1.0 Transitional//EN"
    "http://www.w3.org/TR/xhtml1/DTD/xhtml1-transitional.dtd">
<html xmlns="http://www.w3.org/1999/xhtml" xml:lang="en" lang="en">
 <head>
  <title>
</title>
<meta http-equiv="Content-Type" content="text/html;charset=utf-8" />
  <meta name='ocr-system' content='tesseract 3.04.00' />
  <meta name='ocr-capabilities' content='ocr_page ocr_carea ocr_par ocr_line ocrx_word'/>
</head>
<body>
  <div class='ocr_page' id='page_1' title='image "./musaeherodoto02hero/musaeherodoto02hero_0402.png"; bbox 0 0 1904 3304; ppageno 0'>
   <div class='ocr_carea' id='block_1_1' title="bbox 407 225 1280 268">
    <p class='ocr_par' dir='ltr' id='par_1_1' title="bbox 407 225 1280 268">
     <span class='ocr_line' id='line_1_1' title="bbox 407 225 1280 268; baseline -0.006 0"><span class='ocrx_word' id='word_1_1' title='bbox 407 227 492 268; x_wconf 66' lang='lat'>394</span> <span class='ocrx_word' id='word_1_2' title='bbox 810 225 1280 264; x_wconf 86' lang='lat' dir='ltr'>HERODOTI</span> 
     </span>
    </p>
   </div>
   <div class='ocr_carea' id='block_1_2' title="bbox 73 338 352 436">
    <p class='ocr_par' dir='ltr' id='par_1_2' title="bbox 73 338 352 436">
     <span class='ocr_line' id='line_1_2' title="bbox 75 338 350 375; baseline -0.015 -7"><span class='ocrx_word' id='word_1_3' title='bbox 75 340 183 368; x_wconf 78' lang='lat' dir='ltr'>deindo</span> <span class='ocrx_word' id='word_1_4' title='bbox 215 347 270 375; x_wconf 79' lang='lat' dir='ltr'>por</span> <span class='ocrx_word' id='word_1_5' title='bbox 288 338 350 373; x_wconf 77' lang='lat' dir='ltr'>Hy-</span> 
     </span>
     <span class='ocr_line' id='line_1_3' title="bbox 74 372 352 407; baseline -0.011 -6"><span class='ocrx_word' id='word_1_6' title='bbox 74 375 172 402; x_wconf 76' lang='lat' dir='ltr'>laeam</span> <span class='ocrx_word' id='word_1_7' title='bbox 198 374 230 400; x_wconf 84' lang='lat' dir='ltr'>in</span> <span class='ocrx_word' id='word_1_8' title='bbox 255 372 352 407; x_wconf 85' lang='lat' dir='ltr'>Bory-</span> 
     </span>
     <span class='ocr_line' id='line_1_4' title="bbox 73 409 220 436; baseline -0.014 0"><span class='ocrx_word' id='word_1_9' title='bbox 73 409 220 436; x_wconf 67' lang='lat' dir='ltr'>athenam.</span> 
     </span>
    </p>
   </div>
   <div class='ocr_carea' id='block_1_3' title="bbox 74 333 1735 676">
    <p class='ocr_par' dir='ltr' id='par_1_3' title="bbox 74 333 1735 676">
     <span class='ocr_line' id='line_1_5' title="bbox 409 333 1680 390; baseline -0.002 -11"><span class='ocrx_word' id='word_1_10' title='bbox 409 351 454 379; x_wconf 82' lang='grc' dir='ltr'>τε</span> <span class='ocrx_word' id='word_1_11' title='bbox 483 335 556 378; x_wconf 87' lang='grc' dir='ltr'>καὶ</span> <span class='ocrx_word' id='word_1_12' title='bbox 586 334 633 377; x_wconf 80' lang='grc' dir='ltr'>ἐκ</span> <span class='ocrx_word' id='word_1_13' title='bbox 662 336 833 390; x_wconf 82' lang='grc' dir='ltr'><em>λίμνης,</em></span> <span class='ocrx_word' id='word_1_14' title='bbox 868 335 942 377; x_wconf 85' lang='grc' dir='ltr'>καὶ</span> <span class='ocrx_word' id='word_1_15' title='bbox 970 333 1019 378; x_wconf 86' lang='grc' dir='ltr'>τὸ</span> <span class='ocrx_word' id='word_1_16' title='bbox 1051 336 1208 390; x_wconf 77' lang='grc' dir='ltr'><em>μεταξύ</em></span> <span class='ocrx_word' id='word_1_17' title='bbox 1237 334 1400 378; x_wconf 85' lang='grc' dir='ltr'><em>τούτου</em></span> <span class='ocrx_word' id='word_1_18' title='bbox 1429 352 1472 379; x_wconf 87' lang='grc' dir='ltr'>τε</span> <span class='ocrx_word' id='word_1_19' title='bbox 1498 336 1572 378; x_wconf 84' lang='grc' dir='ltr'>καὶ</span> <span class='ocrx_word' id='word_1_20' title='bbox 1602 338 1680 377; x_wconf 85' lang='grc' dir='ltr'>τοῦ</span> 
     </span>
     <span class='ocr_line' id='line_1_6' title="bbox 411 405 1682 462; baseline -0.002 -12"><span class='ocrx_word' id='word_1_21' title='bbox 411 405 717 460; x_wconf 81' lang='grc' dir='ltr'><em>Βορυσθένεος</em></span> <span class='ocrx_word' id='word_1_22' title='bbox 745 406 952 460; x_wconf 80' lang='grc' dir='ltr'><em>νέμονται</em></span> <span class='ocrx_word' id='word_1_23' title='bbox 982 407 1025 449; x_wconf 84' lang='grc' dir='ltr'>οἱ</span> <span class='ocrx_word' id='word_1_24' title='bbox 1053 406 1237 462; x_wconf 72' lang='grc' dir='ltr'><em>γεωργοὶ</em></span> <span class='ocrx_word' id='word_1_25' title='bbox 1268 405 1470 449; x_wconf 80' lang='grc' dir='ltr'><em>Σκύθαι·</em></span> <span class='ocrx_word' id='word_1_26' title='bbox 1515 407 1682 450; x_wconf 82' lang='grc' dir='ltr'><em>ἐκδιδοῖ</em></span> 
     </span>
     <span class='ocr_line' id='line_1_7' title="bbox 409 474 1678 536; baseline -0.002 -14"><span class='ocrx_word' id='word_1_27' title='bbox 409 479 455 522; x_wconf 73' lang='grc' dir='ltr'>δὲ</span> <span class='ocrx_word' id='word_1_28' title='bbox 486 477 529 528; x_wconf 81' lang='grc' dir='ltr'>ἐς</span> <span class='ocrx_word' id='word_1_29' title='bbox 558 476 638 532; x_wconf 78' lang='grc' dir='ltr'><em>τὴν</em></span> <span class='ocrx_word' id='word_1_30' title='bbox 662 476 854 532; x_wconf 72' lang='grc' dir='ltr'><em>Ὑλαίην·</em></span> <span class='ocrx_word' id='word_1_31' title='bbox 905 474 1290 533; x_wconf 77' lang='grc' dir='ltr'><em>παραμειψάμενος</em></span> <span class='ocrx_word' id='word_1_32' title='bbox 1321 477 1366 519; x_wconf 81' lang='grc' dir='ltr'>δὲ</span> <span class='ocrx_word' id='word_1_33' title='bbox 1396 478 1581 533; x_wconf 82' lang='grc' dir='ltr'><em>ταύτην,</em></span> <span class='ocrx_word' id='word_1_34' title='bbox 1618 481 1678 536; x_wconf 77' lang='grc' dir='ltr'>τῷ</span> 
     </span>
     <span class='ocr_line' id='line_1_8' title="bbox 278 545 1735 603; baseline -0.003 -11"><span class='ocrx_word' id='word_1_35' title='bbox 278 555 344 600; x_wconf 79' lang='lat'>55</span> <span class='ocrx_word' id='word_1_36' title='bbox 403 546 677 603; x_wconf 78' lang='grc' dir='ltr'><em>Βορυσθένεϊ</em></span> <span class='ocrx_word' id='word_1_37' title='bbox 706 548 1002 602; x_wconf 80' lang='grc' dir='ltr'><em>συμμίσγεται.</em></span> <span class='ocrx_word' id='word_1_38' title='bbox 1045 547 1200 598; x_wconf 78' lang='grc' dir='ltr'><em>“”Έκτος</em></span> <span class='ocrx_word' id='word_1_39' title='bbox 1224 548 1268 591; x_wconf 79' lang='grc' dir='ltr'>δὲ</span> <span class='ocrx_word' id='word_1_40' title='bbox 1289 545 1525 602; x_wconf 76' lang='grc' dir='ltr'><em>Ὑπάκυρις</em></span> <span class='ocrx_word' id='word_1_41' title='bbox 1548 565 1674 593; x_wconf 81' lang='grc' dir='ltr'><em>ποτα-</em></span> <span class='ocrx_word' id='word_1_42' title='bbox 1692 556 1735 588; x_wconf 86' lang='grc'>10</span> 
     </span>
     <span class='ocr_line' id='line_1_9' title="bbox 74 616 1677 676; baseline 0 -14"><span class='ocrx_word' id='word_1_43' title='bbox 74 623 182 650; x_wconf 59' lang='lat' dir='ltr'>smus</span> <span class='ocrx_word' id='word_1_44' title='bbox 212 621 354 656; x_wconf 55' lang='grc' dir='ltr'><strong><em>ΠΥΡΜΣ·</em></strong></span> <span class='ocrx_word' id='word_1_45' title='bbox 411 619 513 676; x_wconf 85' lang='grc' dir='ltr'><em>μός·</em></span> <span class='ocrx_word' id='word_1_46' title='bbox 559 618 606 669; x_wconf 84' lang='grc' dir='ltr'>ὃς</span> <span class='ocrx_word' id='word_1_47' title='bbox 637 616 824 673; x_wconf 81' lang='grc' dir='ltr'><em>ὁρμᾶται</em></span> <span class='ocrx_word' id='word_1_48' title='bbox 847 619 925 673; x_wconf 74' lang='grc' dir='ltr'>μὲν</span> <span class='ocrx_word' id='word_1_49' title='bbox 955 620 1001 662; x_wconf 75' lang='grc' dir='ltr'>ἐκ</span> <span class='ocrx_word' id='word_1_50' title='bbox 1031 621 1207 675; x_wconf 67' lang='grc' dir='ltr'><em>λίμνης,</em></span> <span class='ocrx_word' id='word_1_51' title='bbox 1237 618 1308 661; x_wconf 80' lang='grc' dir='ltr'><em>διοὶ</em></span> <span class='ocrx_word' id='word_1_52' title='bbox 1341 619 1483 673; x_wconf 75' lang='grc' dir='ltr'><em>μέσων</em></span> <span class='ocrx_word' id='word_1_53' title='bbox 1513 620 1559 663; x_wconf 76' lang='grc' dir='ltr'>δὲ</span> <span class='ocrx_word' id='word_1_54' title='bbox 1588 624 1677 662; x_wconf 75' lang='grc' dir='ltr'><em>τῶν</em></span> 
     </span>
    </p>
   </div>
   <div class='ocr_carea' id='block_1_4' title="bbox 74 656 1678 746">
    <p class='ocr_par' dir='ltr' id='par_1_4' title="bbox 74 656 1678 746">
     <span class='ocr_line' id='line_1_10' title="bbox 75 656 351 683; baseline -0.007 0"><span class='ocrx_word' id='word_1_55' title='bbox 75 657 116 683; x_wconf 79' lang='lat' dir='ltr'>ris</span> <span class='ocrx_word' id='word_1_56' title='bbox 178 656 282 682; x_wconf 77' lang='lat' dir='ltr'>labens</span> <span class='ocrx_word' id='word_1_57' title='bbox 316 663 351 681; x_wconf 84' lang='lat' dir='ltr'>ex</span> 
     </span>
     <span class='ocr_line' id='line_1_11' title="bbox 74 677 1678 746; baseline -0.002 -11"><span class='ocrx_word' id='word_1_58' title='bbox 74 677 184 725; x_wconf 49' lang='lat'>”²¹:¹⁶0</span> <span class='ocrx_word' id='word_1_59' title='bbox 208 698 262 724; x_wconf 68' lang='lat'>¹³²¹</span> <span class='ocrx_word' id='word_1_60' title='bbox 280 689 351 722; x_wconf 66' lang='lat' dir='ltr'><strong>Scy·</strong></span> <span class='ocrx_word' id='word_1_61' title='bbox 409 688 618 746; x_wconf 82' lang='grc' dir='ltr'><em>νομάδων</em></span> <span class='ocrx_word' id='word_1_62' title='bbox 648 688 867 733; x_wconf 78' lang='grc' dir='ltr'><em>Σκυθέων</em></span> <span class='ocrx_word' id='word_1_63' title='bbox 897 690 1033 746; x_wconf 82' lang='grc' dir='ltr'><em>ῥέων,</em></span> <span class='ocrx_word' id='word_1_64' title='bbox 1082 691 1250 734; x_wconf 76' lang='grc' dir='ltr'><em>ἐκδιδοῖ</em></span> <span class='ocrx_word' id='word_1_65' title='bbox 1283 689 1393 733; x_wconf 68' lang='grc' dir='ltr'><em>κατὰ</em></span> <span class='ocrx_word' id='word_1_66' title='bbox 1421 693 1678 746; x_wconf 81' lang='grc' dir='ltr'><em>Καρκινῖτιν</em></span> 
     </span>
    </p>
   </div>
   <div class='ocr_carea' id='block_1_5' title="bbox 75 722 352 786">
    <p class='ocr_par' dir='ltr' id='par_1_5' title="bbox 75 722 352 786">
     <span class='ocr_line' id='line_1_12' title="bbox 75 722 352 751; baseline -0.007 0"><span class='ocrx_word' id='word_1_67' title='bbox 75 725 142 751; x_wconf 79' lang='lat' dir='ltr'>thas</span> <span class='ocrx_word' id='word_1_68' title='bbox 154 722 305 751; x_wconf 70' lang='lat' dir='ltr'>Nomadas</span> <span class='ocrx_word' id='word_1_69' title='bbox 320 723 352 750; x_wconf 83' lang='lat' dir='ltr'>iu</span> 
     </span>
     <span class='ocr_line' id='line_1_13' title="bbox 77 766 170 786; baseline 0.011 -1"><span class='ocrx_word' id='word_1_70' title='bbox 77 766 170 786; x_wconf 81' lang='lat' dir='ltr'>mare.</span> 
     </span>
    </p>
   </div>
   <div class='ocr_carea' id='block_1_6' title="bbox 355 785 628 792">
    <p class='ocr_par' dir='ltr' id='par_1_6' title="bbox 355 785 628 792">
     <span class='ocr_line' id='line_1_14' title="bbox 355 785 628 792; baseline 0 0"><span class='ocrx_word' id='word_1_71' title='bbox 355 785 628 792; x_wconf 95' lang='lat' dir='ltr'> </span> 
     </span>
    </p>
   </div>
   <div class='ocr_carea' id='block_1_7' title="bbox 353 827 1736 938">
    <p class='ocr_par' dir='ltr' id='par_1_7' title="bbox 353 827 1736 938">
     <span class='ocr_line' id='line_1_15' title="bbox 355 827 1735 880; baseline -0.002 -12"><span class='ocrx_word' id='word_1_72' title='bbox 355 832 430 868; x_wconf 89' lang='lat' dir='ltr'>sive</span> <span class='ocrx_word' id='word_1_73' title='bbox 442 828 535 866; x_wconf 80' lang='lat' dir='ltr'>Psol.</span> <span class='ocrx_word' id='word_1_74' title='bbox 567 827 1015 880; x_wconf 62' lang='lat' dir='ltr'>Volcker.lt1yth.Geogr.</span> <span class='ocrx_word' id='word_1_75' title='bbox 1073 843 1095 867; x_wconf 90' lang='lat' dir='ltr'>a</span> <span class='ocrx_word' id='word_1_76' title='bbox 1117 829 1245 867; x_wconf 87' lang='lat' dir='ltr'>Russis</span> <span class='ocrx_word' id='word_1_77' title='bbox 1273 842 1369 866; x_wconf 90' lang='lat' dir='ltr'>nunc</span> <span class='ocrx_word' id='word_1_78' title='bbox 1396 830 1467 867; x_wconf 88' lang='lat' dir='ltr'>dici</span> <span class='ocrx_word' id='word_1_79' title='bbox 1500 833 1626 867; x_wconf 89' lang='lat' dir='ltr'>monet</span> <span class='ocrx_word' id='word_1_80' title='bbox 1650 827 1735 865; x_wconf 78' lang='lat' dir='ltr'>Mo-</span> 
     </span>
     <span class='ocr_line' id='line_1_16' title="bbox 353 885 1736 938; baseline -0.003 -13"><span class='ocrx_word' id='word_1_81' title='bbox 353 888 473 938; x_wconf 88' lang='lat' dir='ltr'>lpag.</span> <span class='ocrx_word' id='word_1_82' title='bbox 497 887 576 926; x_wconf 83' lang='lat'>177</span> <span class='ocrx_word' id='word_1_83' title='bbox 610 900 720 923; x_wconf 90' lang='lat' dir='ltr'>unum</span> <span class='ocrx_word' id='word_1_84' title='bbox 747 900 791 924; x_wconf 85' lang='lat' dir='ltr'>ex</span> <span class='ocrx_word' id='word_1_85' title='bbox 815 888 857 923; x_wconf 88' lang='lat' dir='ltr'>iis</span> <span class='ocrx_word' id='word_1_86' title='bbox 881 888 1015 933; x_wconf 69' lang='lat' dir='ltr'>rivulis,</span> <span class='ocrx_word' id='word_1_87' title='bbox 1072 886 1234 936; x_wconf 68' lang='lat' dir='ltr'>losclmye</span> <span class='ocrx_word' id='word_1_88' title='bbox 1288 885 1402 936; x_wconf 72' lang='lat' dir='ltr'>Wocly</span> <span class='ocrx_word' id='word_1_89' title='bbox 1422 916 1434 933; x_wconf 92' lang='lat'>,</span> <span class='ocrx_word' id='word_1_90' title='bbox 1496 899 1518 923; x_wconf 88' lang='lat' dir='ltr'>a</span> <span class='ocrx_word' id='word_1_91' title='bbox 1570 885 1736 923; x_wconf 85' lang='lat' dir='ltr'>Tartaris</span> 
     </span>
    </p>
   </div>
   <div class='ocr_carea' id='block_1_8' title="bbox 349 943 1017 2919">
    <p class='ocr_par' dir='ltr' id='par_1_8' title="bbox 350 943 1017 1954">
     <span class='ocr_line' id='line_1_17' title="bbox 354 943 1016 993; baseline -0.002 -13"><span class='ocrx_word' id='word_1_92' title='bbox 354 945 416 993; x_wconf 91' lang='lat' dir='ltr'>qui</span> <span class='ocrx_word' id='word_1_93' title='bbox 448 944 543 980; x_wconf 80' lang='lat' dir='ltr'>circa</span> <span class='ocrx_word' id='word_1_94' title='bbox 564 943 804 992; x_wconf 71' lang='lat' dir='ltr'>Borysthenis</span> <span class='ocrx_word' id='word_1_95' title='bbox 831 945 925 980; x_wconf 85' lang='lat' dir='ltr'>ostia</span> <span class='ocrx_word' id='word_1_96' title='bbox 950 944 1016 980; x_wconf 87' lang='lat' dir='ltr'>‹le-</span> 
     </span>
     <span class='ocr_line' id='line_1_18' title="bbox 354 998 1015 1047; baseline -0.005 -9"><span class='ocrx_word' id='word_1_97' title='bbox 354 1003 491 1046; x_wconf 81' lang='lat' dir='ltr'>fluant,</span> <span class='ocrx_word' id='word_1_98' title='bbox 522 998 628 1036; x_wconf 79' lang='lat' dir='ltr'>Kara</span> <span class='ocrx_word' id='word_1_99' title='bbox 646 1000 793 1047; x_wconf 67' lang='lat' dir='ltr'>Demsi,</span> <span class='ocrx_word' id='word_1_100' title='bbox 823 1005 888 1037; x_wconf 86' lang='lat' dir='ltr'>aut</span> <span class='ocrx_word' id='word_1_101' title='bbox 904 999 1015 1037; x_wconf 67' lang='lat' dir='ltr'>Helia</span> 
     </span>
     <span class='ocr_line' id='line_1_19' title="bbox 354 1057 1015 1106; baseline -0.005 -12"><span class='ocrx_word' id='word_1_102' title='bbox 354 1057 498 1102; x_wconf 66' lang='lat' dir='ltr'>Demsi,</span> <span class='ocrx_word' id='word_1_103' title='bbox 531 1062 593 1092; x_wconf 86' lang='lat' dir='ltr'>aut</span> <span class='ocrx_word' id='word_1_104' title='bbox 613 1057 720 1093; x_wconf 85' lang='lat' dir='ltr'>alium</span> <span class='ocrx_word' id='word_1_105' title='bbox 744 1059 927 1106; x_wconf 78' lang='lat' dir='ltr'>quendam</span> <span class='ocrx_word' id='word_1_106' title='bbox 948 1070 1015 1092; x_wconf 92' lang='lat' dir='ltr'>no-</span> 
     </span>
     <span class='ocr_line' id='line_1_20' title="bbox 354 1113 1016 1161; baseline 0 -12"><span class='ocrx_word' id='word_1_107' title='bbox 354 1115 409 1151; x_wconf 90' lang='lat' dir='ltr'>bis</span> <span class='ocrx_word' id='word_1_108' title='bbox 436 1126 509 1149; x_wconf 92' lang='lat' dir='ltr'>non</span> <span class='ocrx_word' id='word_1_109' title='bbox 539 1115 738 1161; x_wconf 88' lang='lat' dir='ltr'>cognitum.</span> <span class='ocrx_word' id='word_1_110' title='bbox 797 1113 877 1150; x_wconf 82' lang='lat' dir='ltr'>Alia</span> <span class='ocrx_word' id='word_1_111' title='bbox 907 1113 1016 1149; x_wconf 66' lang='lat' dir='ltr'>affert</span> 
     </span>
     <span class='ocr_line' id='line_1_21' title="bbox 354 1169 1014 1218; baseline -0.003 -11"><span class='ocrx_word' id='word_1_112' title='bbox 354 1169 573 1207; x_wconf 83' lang='lat' dir='ltr'>Tzschucke</span> <span class='ocrx_word' id='word_1_113' title='bbox 604 1171 652 1207; x_wconf 87' lang='lat' dir='ltr'>ad</span> <span class='ocrx_word' id='word_1_114' title='bbox 682 1170 804 1207; x_wconf 83' lang='lat' dir='ltr'>Melae.</span> <span class='ocrx_word' id='word_1_115' title='bbox 833 1170 854 1206; x_wconf 92' lang='lat' dir='ltr'>l.</span> <span class='ocrx_word' id='word_1_116' title='bbox 877 1169 898 1205; x_wconf 93' lang='lat' dir='ltr'>l.</span> <span class='ocrx_word' id='word_1_117' title='bbox 927 1182 1014 1218; x_wconf 83' lang='lat' dir='ltr'>pag.</span> 
     </span>
     <span class='ocr_line' id='line_1_22' title="bbox 352 1226 1016 1275; baseline 0 -13"><span class='ocrx_word' id='word_1_118' title='bbox 352 1226 407 1267; x_wconf 78' lang='lat'>25</span> <span class='ocrx_word' id='word_1_119' title='bbox 436 1239 512 1274; x_wconf 81' lang='lat' dir='ltr'>seq.</span> <span class='ocrx_word' id='word_1_120' title='bbox 534 1231 625 1262; x_wconf 88' lang='lat' dir='ltr'>nott.</span> <span class='ocrx_word' id='word_1_121' title='bbox 644 1239 773 1275; x_wconf 84' lang='lat' dir='ltr'>exegg.</span> <span class='ocrx_word' id='word_1_122' title='bbox 834 1226 1016 1274; x_wconf 79' lang='lat' dir='ltr'>Equidem</span> 
     </span>
     <span class='ocr_line' id='line_1_23' title="bbox 353 1282 1016 1319; baseline -0.003 0"><span class='ocrx_word' id='word_1_123' title='bbox 353 1284 391 1319; x_wconf 90' lang='lat' dir='ltr'>in</span> <span class='ocrx_word' id='word_1_124' title='bbox 413 1288 515 1318; x_wconf 87' lang='lat' dir='ltr'>tanto</span> <span class='ocrx_word' id='word_1_125' title='bbox 538 1282 693 1319; x_wconf 88' lang='lat' dir='ltr'>virorum</span> <span class='ocrx_word' id='word_1_126' title='bbox 722 1284 913 1319; x_wconf 86' lang='lat' dir='ltr'>doctorum</span> <span class='ocrx_word' id='word_1_127' title='bbox 941 1282 1016 1318; x_wconf 86' lang='lat' dir='ltr'>dis-</span> 
     </span>
     <span class='ocr_line' id='line_1_24' title="bbox 353 1338 1016 1388; baseline -0.002 -13"><span class='ocrx_word' id='word_1_128' title='bbox 353 1351 466 1376; x_wconf 84' lang='lat' dir='ltr'><strong>sensu</strong></span> <span class='ocrx_word' id='word_1_129' title='bbox 496 1338 582 1388; x_wconf 83' lang='lat' dir='ltr'>quid</span> <span class='ocrx_word' id='word_1_130' title='bbox 610 1339 690 1388; x_wconf 87' lang='lat' dir='ltr'>ipse</span> <span class='ocrx_word' id='word_1_131' title='bbox 719 1343 903 1384; x_wconf 82' lang='lat' dir='ltr'>statuam,</span> <span class='ocrx_word' id='word_1_132' title='bbox 942 1350 1016 1375; x_wconf 89' lang='lat' dir='ltr'>non</span> 
     </span>
     <span class='ocr_line' id='line_1_25' title="bbox 352 1395 1017 1445; baseline -0.002 -13"><span class='ocrx_word' id='word_1_133' title='bbox 352 1395 471 1432; x_wconf 88' lang='lat' dir='ltr'>habeo</span> <span class='ocrx_word' id='word_1_134' title='bbox 483 1423 493 1441; x_wconf 93' lang='lat'>,</span> <span class='ocrx_word' id='word_1_135' title='bbox 528 1396 753 1432; x_wconf 80' lang='lat' dir='ltr'>accuratiora</span> <span class='ocrx_word' id='word_1_136' title='bbox 770 1395 1017 1445; x_wconf 85' lang='lat' dir='ltr'>exspectanda</span> 
     </span>
     <span class='ocr_line' id='line_1_26' title="bbox 354 1452 1016 1501; baseline -0.003 -12"><span class='ocrx_word' id='word_1_137' title='bbox 354 1465 435 1490; x_wconf 85' lang='lat' dir='ltr'>esse</span> <span class='ocrx_word' id='word_1_138' title='bbox 453 1455 551 1488; x_wconf 88' lang='lat' dir='ltr'>ratus</span> <span class='ocrx_word' id='word_1_139' title='bbox 572 1452 618 1489; x_wconf 90' lang='lat' dir='ltr'>ab</span> <span class='ocrx_word' id='word_1_140' title='bbox 643 1453 705 1499; x_wconf 87' lang='lat' dir='ltr'>iis,</span> <span class='ocrx_word' id='word_1_141' title='bbox 743 1452 806 1501; x_wconf 86' lang='lat' dir='ltr'>qui</span> <span class='ocrx_word' id='word_1_142' title='bbox 828 1453 892 1489; x_wconf 87' lang='lat' dir='ltr'>has</span> <span class='ocrx_word' id='word_1_143' title='bbox 917 1452 1016 1500; x_wconf 89' lang='lat' dir='ltr'>ipsas</span> 
     </span>
     <span class='ocr_line' id='line_1_27' title="bbox 354 1508 1017 1558; baseline -0.003 -13"><span class='ocrx_word' id='word_1_144' title='bbox 354 1509 526 1557; x_wconf 83' lang='lat' dir='ltr'>regiones</span> <span class='ocrx_word' id='word_1_145' title='bbox 546 1510 746 1545; x_wconf 81' lang='lat' dir='ltr'>accuratius</span> <span class='ocrx_word' id='word_1_146' title='bbox 768 1521 877 1558; x_wconf 88' lang='lat' dir='ltr'>quam</span> <span class='ocrx_word' id='word_1_147' title='bbox 898 1508 1017 1544; x_wconf 88' lang='lat' dir='ltr'>adhuc</span> 
     </span>
     <span class='ocr_line' id='line_1_28' title="bbox 355 1564 1016 1615; baseline -0.003 -13"><span class='ocrx_word' id='word_1_148' title='bbox 355 1566 488 1602; x_wconf 85' lang='lat' dir='ltr'>sactum</span> <span class='ocrx_word' id='word_1_149' title='bbox 506 1568 576 1610; x_wconf 90' lang='lat' dir='ltr'>est,</span> <span class='ocrx_word' id='word_1_150' title='bbox 599 1566 796 1613; x_wconf 83' lang='lat' dir='ltr'>aliquando</span> <span class='ocrx_word' id='word_1_151' title='bbox 818 1564 1016 1615; x_wconf 89' lang='lat' dir='ltr'>perlustra-</span> 
     </span>
     <span class='ocr_line' id='line_1_29' title="bbox 353 1620 1013 1671; baseline -0.002 -14"><span class='ocrx_word' id='word_1_152' title='bbox 353 1621 457 1658; x_wconf 87' lang='lat' dir='ltr'>bunt.</span> <span class='ocrx_word' id='word_1_153' title='bbox 504 1642 559 1648; x_wconf 98' lang='lat'>—</span> <span class='ocrx_word' id='word_1_154' title='bbox 617 1620 706 1657; x_wconf 81' lang='lat' dir='ltr'>Mox</span> <span class='ocrx_word' id='word_1_155' title='bbox 753 1621 880 1671; x_wconf 80' lang='lat' dir='ltr'>scripsi</span> <span class='ocrx_word' id='word_1_156' title='bbox 934 1634 1013 1657; x_wconf 91' lang='lat' dir='ltr'>cum</span> 
     </span>
     <span class='ocr_line' id='line_1_30' title="bbox 352 1675 1013 1726; baseline 0.002 -13"><span class='ocrx_word' id='word_1_157' title='bbox 352 1677 560 1726; x_wconf 86' lang='lat' dir='ltr'>Schweigh.</span> <span class='ocrx_word' id='word_1_158' title='bbox 588 1681 626 1714; x_wconf 89' lang='lat' dir='ltr'>et</span> <span class='ocrx_word' id='word_1_159' title='bbox 642 1677 762 1717; x_wconf 89' lang='lat' dir='ltr'>Gaisf.</span> <span class='ocrx_word' id='word_1_160' title='bbox 785 1676 863 1726; x_wconf 71' lang='grc' dir='ltr'><em>ῥέει</em></span> <span class='ocrx_word' id='word_1_161' title='bbox 885 1675 926 1716; x_wconf 83' lang='grc' dir='ltr'>δὲ</span> <span class='ocrx_word' id='word_1_162' title='bbox 946 1675 1013 1715; x_wconf 80' lang='grc' dir='ltr'>καὶ</span> 
     </span>
     <span class='ocr_line' id='line_1_31' title="bbox 353 1727 1013 1786; baseline -0.003 -13"><span class='ocrx_word' id='word_1_163' title='bbox 353 1727 471 1780; x_wconf 79' lang='grc' dir='ltr'><em>οὗτος</em></span> <span class='ocrx_word' id='word_1_164' title='bbox 501 1747 591 1784; x_wconf 90' lang='lat' dir='ltr'>pro:</span> <span class='ocrx_word' id='word_1_165' title='bbox 634 1733 714 1784; x_wconf 71' lang='grc' dir='ltr'><em>ῥέει</em></span> <span class='ocrx_word' id='word_1_166' title='bbox 743 1732 814 1784; x_wconf 81' lang='grc' dir='ltr'>μὲν</span> <span class='ocrx_word' id='word_1_167' title='bbox 839 1732 912 1786; x_wconf 73' lang='grc' dir='ltr'>γάρ</span> <span class='ocrx_word' id='word_1_168' title='bbox 944 1732 1013 1772; x_wconf 76' lang='grc' dir='ltr'>καὶ</span> 
     </span>
     <span class='ocr_line' id='line_1_32' title="bbox 351 1785 1015 1842; baseline 0 -14"><span class='ocrx_word' id='word_1_169' title='bbox 351 1785 489 1836; x_wconf 78' lang='grc' dir='ltr'><em>οὗτος,</em></span> <span class='ocrx_word' id='word_1_170' title='bbox 543 1791 644 1840; x_wconf 89' lang='lat' dir='ltr'>quod</span> <span class='ocrx_word' id='word_1_171' title='bbox 693 1791 814 1842; x_wconf 89' lang='lat' dir='ltr'>ipsum</span> <span class='ocrx_word' id='word_1_172' title='bbox 865 1791 1015 1829; x_wconf 83' lang='lat' dir='ltr'>retinuit</span> 
     </span>
     <span class='ocr_line' id='line_1_33' title="bbox 350 1847 541 1885; baseline -0.005 -1"><span class='ocrx_word' id='word_1_173' title='bbox 350 1847 541 1885; x_wconf 78' lang='lat' dir='ltr'>Matthiae.</span> 
     </span>
     <span class='ocr_line' id='line_1_34' title="bbox 566 1903 789 1954; baseline 0.004 -14"><span class='ocrx_word' id='word_1_174' title='bbox 566 1903 680 1954; x_wconf 86' lang='lat' dir='ltr'>Cap.</span> <span class='ocrx_word' id='word_1_175' title='bbox 709 1903 789 1941; x_wconf 77' lang='lat' dir='ltr'>LV.</span> 
     </span>
    </p>

    <p class='ocr_par' dir='ltr' id='par_1_9' title="bbox 349 1957 1017 2919">
     <span class='ocr_line' id='line_1_35' title="bbox 406 1957 1014 2011; baseline -0.002 -12"><span class='ocrx_word' id='word_1_176' title='bbox 406 1957 624 2011; x_wconf 74' lang='grc' dir='ltr'><em>““Υποῖκυρις</em></span> <span class='ocrx_word' id='word_1_177' title='bbox 662 1958 863 2011; x_wconf 78' lang='grc' dir='ltr'><em>ποταμός]</em></span> <span class='ocrx_word' id='word_1_178' title='bbox 915 1959 1014 1998; x_wconf 87' lang='lat' dir='ltr'>Male</span> 
     </span>
     <span class='ocr_line' id='line_1_36' title="bbox 350 2014 1012 2067; baseline 0.002 -14"><span class='ocrx_word' id='word_1_179' title='bbox 350 2017 436 2054; x_wconf 90' lang='lat' dir='ltr'>olim</span> <span class='ocrx_word' id='word_1_180' title='bbox 454 2014 696 2067; x_wconf 65' lang='grc' dir='ltr'><em>Ὑπάκαριςς</em></span> <span class='ocrx_word' id='word_1_181' title='bbox 742 2019 839 2055; x_wconf 83' lang='lat' dir='ltr'>conf.</span> <span class='ocrx_word' id='word_1_182' title='bbox 860 2019 922 2064; x_wconf 78' lang='lat' dir='ltr'>lv,</span> <span class='ocrx_word' id='word_1_183' title='bbox 946 2016 1012 2056; x_wconf 83' lang='lat'>47.</span> 
     </span>
     <span class='ocr_line' id='line_1_37' title="bbox 352 2073 1013 2116; baseline 0 -5"><span class='ocrx_word' id='word_1_184' title='bbox 352 2075 420 2116; x_wconf 86' lang='lat'>55.</span> <span class='ocrx_word' id='word_1_185' title='bbox 438 2073 503 2115; x_wconf 83' lang='lat'>56.</span> <span class='ocrx_word' id='word_1_186' title='bbox 545 2074 712 2112; x_wconf 82' lang='lat' dir='ltr'>Pertinet</span> <span class='ocrx_word' id='word_1_187' title='bbox 730 2073 799 2111; x_wconf 93' lang='lat' dir='ltr'>huc</span> <span class='ocrx_word' id='word_1_188' title='bbox 818 2074 940 2112; x_wconf 89' lang='lat' dir='ltr'>Melae</span> <span class='ocrx_word' id='word_1_189' title='bbox 958 2074 1013 2111; x_wconf 88' lang='lat' dir='ltr'>lo-</span> 
     </span>
     <span class='ocr_line' id='line_1_38' title="bbox 352 2130 1014 2179; baseline 0 -11"><span class='ocrx_word' id='word_1_190' title='bbox 352 2144 414 2170; x_wconf 89' lang='lat' dir='ltr'>cus</span> <span class='ocrx_word' id='word_1_191' title='bbox 433 2132 479 2178; x_wconf 86' lang='lat' dir='ltr'>ll,</span> <span class='ocrx_word' id='word_1_192' title='bbox 502 2134 540 2178; x_wconf 85' lang='lat'>1,</span> <span class='ocrx_word' id='word_1_193' title='bbox 561 2130 640 2170; x_wconf 81' lang='lat'>40:</span> <span class='ocrx_word' id='word_1_194' title='bbox 681 2132 825 2179; x_wconf 81' lang='lat' dir='ltr'>„Sinus</span> <span class='ocrx_word' id='word_1_195' title='bbox 850 2131 1014 2169; x_wconf 74' lang='lat' dir='ltr'>Carcini-</span> 
     </span>
     <span class='ocr_line' id='line_1_39' title="bbox 353 2188 1010 2231; baseline 0 -7"><span class='ocrx_word' id='word_1_196' title='bbox 353 2192 416 2225; x_wconf 77' lang='lat' dir='ltr'>tes.</span> <span class='ocrx_word' id='word_1_197' title='bbox 483 2188 523 2225; x_wconf 91' lang='lat' dir='ltr'>ln</span> <span class='ocrx_word' id='word_1_198' title='bbox 560 2201 603 2225; x_wconf 82' lang='lat' dir='ltr'>eo</span> <span class='ocrx_word' id='word_1_199' title='bbox 633 2188 719 2225; x_wconf 90' lang='lat' dir='ltr'>urbs</span> <span class='ocrx_word' id='word_1_200' title='bbox 753 2192 810 2225; x_wconf 82' lang='lat' dir='ltr'>est</span> <span class='ocrx_word' id='word_1_201' title='bbox 841 2188 1010 2231; x_wconf 72' lang='lat' dir='ltr'>Carcine3</span> 
     </span>
     <span class='ocr_line' id='line_1_40' title="bbox 353 2245 1017 2295; baseline 0.002 -14"><span class='ocrx_word' id='word_1_202' title='bbox 353 2258 463 2294; x_wconf 89' lang='lat' dir='ltr'>quam</span> <span class='ocrx_word' id='word_1_203' title='bbox 484 2245 557 2281; x_wconf 87' lang='lat' dir='ltr'>duo</span> <span class='ocrx_word' id='word_1_204' title='bbox 573 2246 722 2282; x_wconf 84' lang='lat' dir='ltr'>flumina</span> <span class='ocrx_word' id='word_1_205' title='bbox 737 2246 866 2282; x_wconf 68' lang='lat' dir='ltr'>Gerros</span> <span class='ocrx_word' id='word_1_206' title='bbox 886 2245 1017 2295; x_wconf 70' lang='lat' dir='ltr'>etHgJ-</span> 
     </span>
     <span class='ocr_line' id='line_1_41' title="bbox 349 2302 1014 2351; baseline 0.003 -15"><span class='ocrx_word' id='word_1_207' title='bbox 349 2302 518 2351; x_wconf 78' lang='lat' dir='ltr'>pacaris,</span> <span class='ocrx_word' id='word_1_208' title='bbox 549 2314 623 2337; x_wconf 88' lang='lat' dir='ltr'>uno</span> <span class='ocrx_word' id='word_1_209' title='bbox 640 2303 736 2338; x_wconf 89' lang='lat' dir='ltr'>ostio</span> <span class='ocrx_word' id='word_1_210' title='bbox 755 2303 939 2339; x_wconf 85' lang='lat' dir='ltr'>effluentia</span> <span class='ocrx_word' id='word_1_211' title='bbox 959 2307 1014 2338; x_wconf 87' lang='lat' dir='ltr'>at-</span> 
     </span>
     <span class='ocr_line' id='line_1_42' title="bbox 351 2359 1015 2406; baseline -0.002 -12"><span class='ocrx_word' id='word_1_212' title='bbox 351 2359 516 2406; x_wconf 86' lang='lat' dir='ltr'>tingunt:</span> <span class='ocrx_word' id='word_1_213' title='bbox 555 2370 680 2394; x_wconf 88' lang='lat' dir='ltr'>verum</span> <span class='ocrx_word' id='word_1_214' title='bbox 716 2359 868 2395; x_wconf 88' lang='lat' dir='ltr'>diversis</span> <span class='ocrx_word' id='word_1_215' title='bbox 904 2359 1015 2395; x_wconf 89' lang='lat' dir='ltr'>sonti-</span> 
     </span>
     <span class='ocr_line' id='line_1_43' title="bbox 352 2414 1015 2465; baseline -0.002 -14"><span class='ocrx_word' id='word_1_216' title='bbox 352 2415 421 2451; x_wconf 86' lang='lat' dir='ltr'>bus</span> <span class='ocrx_word' id='word_1_217' title='bbox 445 2418 482 2450; x_wconf 89' lang='lat' dir='ltr'>et</span> <span class='ocrx_word' id='word_1_218' title='bbox 504 2414 651 2450; x_wconf 84' lang='lat' dir='ltr'>aliunde</span> <span class='ocrx_word' id='word_1_219' title='bbox 671 2415 822 2465; x_wconf 82' lang='lat' dir='ltr'>delapsi.</span> <span class='ocrx_word' id='word_1_220' title='bbox 837 2417 860 2435; x_wconf 88' lang='lat'><strong>“</strong></span> <span class='ocrx_word' id='word_1_221' title='bbox 911 2415 1015 2452; x_wconf 90' lang='lat' dir='ltr'>Dan-</span> 
     </span>
     <span class='ocr_line' id='line_1_44' title="bbox 352 2469 1016 2520; baseline 0.002 -13"><span class='ocrx_word' id='word_1_222' title='bbox 352 2470 424 2507; x_wconf 78' lang='lat' dir='ltr'>vill.</span> <span class='ocrx_word' id='word_1_223' title='bbox 453 2470 475 2506; x_wconf 96' lang='lat' dir='ltr'>l.</span> <span class='ocrx_word' id='word_1_224' title='bbox 495 2469 517 2506; x_wconf 91' lang='lat' dir='ltr'>l.</span> <span class='ocrx_word' id='word_1_225' title='bbox 547 2483 632 2520; x_wconf 85' lang='lat' dir='ltr'>pag.</span> <span class='ocrx_word' id='word_1_226' title='bbox 664 2470 766 2517; x_wconf 78' lang='lat'>580,</span> <span class='ocrx_word' id='word_1_227' title='bbox 806 2471 873 2507; x_wconf 85' lang='lat' dir='ltr'>hue</span> <span class='ocrx_word' id='word_1_228' title='bbox 903 2472 1016 2509; x_wconf 80' lang='lat' dir='ltr'>refert</span> 
     </span>
     <span class='ocr_line' id='line_1_45' title="bbox 352 2526 1014 2572; baseline 0 -8"><span class='ocrx_word' id='word_1_229' title='bbox 352 2526 555 2564; x_wconf 78' lang='lat' dir='ltr'>Ptolemaei</span> <span class='ocrx_word' id='word_1_230' title='bbox 588 2526 815 2572; x_wconf 58' lang='lat' dir='ltr'>Carcim&#39;tm</span> <span class='ocrx_word' id='word_1_231' title='bbox 859 2529 951 2564; x_wconf 86' lang='lat' dir='ltr'>duos</span> <span class='ocrx_word' id='word_1_232' title='bbox 977 2529 1014 2564; x_wconf 91' lang='lat' dir='ltr'>in</span> 
     </span>
     <span class='ocr_line' id='line_1_46' title="bbox 354 2583 1015 2634; baseline 0 -14"><span class='ocrx_word' id='word_1_233' title='bbox 354 2583 566 2621; x_wconf 84' lang='lat' dir='ltr'>recentioris</span> <span class='ocrx_word' id='word_1_234' title='bbox 596 2585 727 2620; x_wconf 89' lang='lat' dir='ltr'>aetatis</span> <span class='ocrx_word' id='word_1_235' title='bbox 754 2585 894 2634; x_wconf 83' lang='lat' dir='ltr'>mappis</span> <span class='ocrx_word' id='word_1_236' title='bbox 919 2585 1015 2621; x_wconf 87' lang='lat' dir='ltr'>indi-</span> 
     </span>
     <span class='ocr_line' id='line_1_47' title="bbox 354 2640 1015 2690; baseline 0.002 -14"><span class='ocrx_word' id='word_1_237' title='bbox 354 2640 428 2677; x_wconf 88' lang='lat' dir='ltr'>cari</span> <span class='ocrx_word' id='word_1_238' title='bbox 471 2640 724 2690; x_wconf 81' lang='lat' dir='ltr'>geographicis</span> <span class='ocrx_word' id='word_1_239' title='bbox 759 2641 913 2687; x_wconf 88' lang='lat' dir='ltr'>rivulos,</span> <span class='ocrx_word' id='word_1_240' title='bbox 954 2641 1015 2690; x_wconf 90' lang='lat' dir='ltr'>qui</span> 
     </span>
     <span class='ocr_line' id='line_1_48' title="bbox 355 2697 1014 2734; baseline -0.002 0"><span class='ocrx_word' id='word_1_241' title='bbox 355 2697 536 2734; x_wconf 87' lang='lat' dir='ltr'>coniuncti</span> <span class='ocrx_word' id='word_1_242' title='bbox 564 2697 631 2733; x_wconf 92' lang='lat' dir='ltr'>sub</span> <span class='ocrx_word' id='word_1_243' title='bbox 670 2697 815 2734; x_wconf 91' lang='lat' dir='ltr'>nomine</span> <span class='ocrx_word' id='word_1_244' title='bbox 852 2698 1014 2734; x_wconf 75' lang='lat' dir='ltr'>Calanza</span> 
     </span>
     <span class='ocr_line' id='line_1_49' title="bbox 355 2752 1013 2801; baseline -0.002 -10"><span class='ocrx_word' id='word_1_245' title='bbox 355 2766 399 2792; x_wconf 88' lang='lat' dir='ltr'>eo</span> <span class='ocrx_word' id='word_1_246' title='bbox 436 2752 516 2790; x_wconf 94' lang='lat' dir='ltr'>loco</span> <span class='ocrx_word' id='word_1_247' title='bbox 550 2754 587 2790; x_wconf 89' lang='lat' dir='ltr'>in</span> <span class='ocrx_word' id='word_1_248' title='bbox 619 2766 718 2792; x_wconf 90' lang='lat' dir='ltr'>mare</span> <span class='ocrx_word' id='word_1_249' title='bbox 752 2759 904 2801; x_wconf 85' lang='lat' dir='ltr'>exeant,</span> <span class='ocrx_word' id='word_1_250' title='bbox 953 2755 1013 2791; x_wconf 91' lang='lat' dir='ltr'>ubi</span> 
     </span>
     <span class='ocr_line' id='line_1_50' title="bbox 356 2810 1012 2863; baseline 0 -15"><span class='ocrx_word' id='word_1_251' title='bbox 356 2811 511 2848; x_wconf 83' lang='lat' dir='ltr'>Carcine</span> <span class='ocrx_word' id='word_1_252' title='bbox 535 2810 605 2847; x_wconf 84' lang='lat' dir='ltr'>sita</span> <span class='ocrx_word' id='word_1_253' title='bbox 627 2811 740 2849; x_wconf 83' lang='lat' dir='ltr'>fuisse</span> <span class='ocrx_word' id='word_1_254' title='bbox 768 2811 1012 2863; x_wconf 86' lang='lat' dir='ltr'>perhibeatur.</span> 
     </span>
     <span class='ocr_line' id='line_1_51' title="bbox 355 2867 1013 2919; baseline -0.003 -13"><span class='ocrx_word' id='word_1_255' title='bbox 355 2868 541 2906; x_wconf 82' lang='lat' dir='ltr'>Gatterer.</span> <span class='ocrx_word' id='word_1_256' title='bbox 564 2867 585 2904; x_wconf 90' lang='lat' dir='ltr'>l.</span> <span class='ocrx_word' id='word_1_257' title='bbox 608 2867 628 2904; x_wconf 94' lang='grc'>1.</span> <span class='ocrx_word' id='word_1_258' title='bbox 661 2880 748 2919; x_wconf 85' lang='lat' dir='ltr'>pag.</span> <span class='ocrx_word' id='word_1_259' title='bbox 786 2870 835 2910; x_wconf 89' lang='lat'>19</span> <span class='ocrx_word' id='word_1_260' title='bbox 866 2868 1013 2905; x_wconf 86' lang='lat' dir='ltr'>fluvium</span> 
     </span>
    </p>
   </div>
   <div class='ocr_carea' id='block_1_9' title="bbox 1070 942 1736 2917">
    <p class='ocr_par' dir='ltr' id='par_1_10' title="bbox 1070 942 1736 1840">
     <span class='ocr_line' id='line_1_52' title="bbox 1075 942 1736 992; baseline -0.002 -13"><span class='ocrx_word' id='word_1_261' title='bbox 1075 943 1244 980; x_wconf 62' lang='lat' dir='ltr'>Smila-su.</span> <span class='ocrx_word' id='word_1_262' title='bbox 1267 942 1389 992; x_wconf 86' lang='lat' dir='ltr'>Atque</span> <span class='ocrx_word' id='word_1_263' title='bbox 1401 944 1618 981; x_wconf 80' lang='lat' dir='ltr'>observante</span> <span class='ocrx_word' id='word_1_264' title='bbox 1628 942 1736 979; x_wconf 86' lang='lat' dir='ltr'>Man-</span> 
     </span>
     <span class='ocr_line' id='line_1_53' title="bbox 1072 999 1735 1049; baseline -0.002 -13"><span class='ocrx_word' id='word_1_265' title='bbox 1072 1005 1163 1037; x_wconf 90' lang='lat' dir='ltr'>nert.</span> <span class='ocrx_word' id='word_1_266' title='bbox 1188 1000 1236 1036; x_wconf 82' lang='lat' dir='ltr'>lv</span> <span class='ocrx_word' id='word_1_267' title='bbox 1264 1013 1349 1049; x_wconf 89' lang='lat' dir='ltr'>pag.</span> <span class='ocrx_word' id='word_1_268' title='bbox 1377 1002 1430 1039; x_wconf 89' lang='grc'>77</span> <span class='ocrx_word' id='word_1_269' title='bbox 1459 1013 1502 1037; x_wconf 92' lang='lat' dir='ltr'>eo</span> <span class='ocrx_word' id='word_1_270' title='bbox 1527 999 1629 1045; x_wconf 91' lang='lat' dir='ltr'>loco,</span> <span class='ocrx_word' id='word_1_271' title='bbox 1661 1010 1735 1047; x_wconf 88' lang='lat' dir='ltr'>quo</span> 
     </span>
     <span class='ocr_line' id='line_1_54' title="bbox 1072 1056 1736 1106; baseline -0.006 -13"><span class='ocrx_word' id='word_1_272' title='bbox 1072 1056 1284 1093; x_wconf 86' lang='lat' dir='ltr'>Herodotus</span> <span class='ocrx_word' id='word_1_273' title='bbox 1343 1056 1446 1106; x_wconf 88' lang='lat' dir='ltr'>ponit</span> <span class='ocrx_word' id='word_1_274' title='bbox 1468 1085 1478 1102; x_wconf 89' lang='lat'><strong>‚</strong></span> <span class='ocrx_word' id='word_1_275' title='bbox 1555 1056 1736 1092; x_wconf 65' lang='lat' dir='ltr'>invenitur</span> 
     </span>
     <span class='ocr_line' id='line_1_55' title="bbox 1073 1113 1734 1163; baseline -0.003 -14"><span class='ocrx_word' id='word_1_276' title='bbox 1073 1125 1161 1150; x_wconf 84' lang='lat' dir='ltr'>sane</span> <span class='ocrx_word' id='word_1_277' title='bbox 1182 1113 1336 1159; x_wconf 68' lang='lat' dir='ltr'>rivulus,</span> <span class='ocrx_word' id='word_1_278' title='bbox 1376 1114 1437 1161; x_wconf 86' lang='lat' dir='ltr'>qui</span> <span class='ocrx_word' id='word_1_279' title='bbox 1470 1125 1535 1163; x_wconf 88' lang='lat' dir='ltr'>per</span> <span class='ocrx_word' id='word_1_280' title='bbox 1557 1116 1734 1149; x_wconf 83' lang='lat' dir='ltr'>aestatem</span> 
     </span>
     <span class='ocr_line' id='line_1_56' title="bbox 1073 1170 1733 1219; baseline 0 -14"><span class='ocrx_word' id='word_1_281' title='bbox 1073 1170 1178 1218; x_wconf 89' lang='lat' dir='ltr'>aquis</span> <span class='ocrx_word' id='word_1_282' title='bbox 1215 1170 1377 1219; x_wconf 80' lang='lat' dir='ltr'>privatus</span> <span class='ocrx_word' id='word_1_283' title='bbox 1423 1182 1534 1206; x_wconf 83' lang='lat' dir='ltr'>verno</span> <span class='ocrx_word' id='word_1_284' title='bbox 1567 1173 1733 1218; x_wconf 87' lang='lat' dir='ltr'>tempore</span> 
     </span>
     <span class='ocr_line' id='line_1_57' title="bbox 1073 1225 1734 1274; baseline -0.002 -12"><span class='ocrx_word' id='word_1_285' title='bbox 1073 1239 1117 1262; x_wconf 88' lang='lat' dir='ltr'>eo</span> <span class='ocrx_word' id='word_1_286' title='bbox 1140 1227 1257 1274; x_wconf 82' lang='lat' dir='ltr'>magis</span> <span class='ocrx_word' id='word_1_287' title='bbox 1278 1231 1415 1262; x_wconf 86' lang='lat' dir='ltr'>crescat</span> <span class='ocrx_word' id='word_1_288' title='bbox 1434 1227 1480 1262; x_wconf 89' lang='lat' dir='ltr'>ob</span> <span class='ocrx_word' id='word_1_289' title='bbox 1510 1225 1642 1261; x_wconf 88' lang='lat' dir='ltr'>imbres</span> <span class='ocrx_word' id='word_1_290' title='bbox 1668 1225 1734 1261; x_wconf 85' lang='lat' dir='ltr'>‹le-</span> 
     </span>
     <span class='ocr_line' id='line_1_58' title="bbox 1073 1281 1735 1331; baseline -0.005 -12"><span class='ocrx_word' id='word_1_291' title='bbox 1073 1282 1258 1328; x_wconf 80' lang='lat' dir='ltr'>cidentes3</span> <span class='ocrx_word' id='word_1_292' title='bbox 1289 1294 1362 1330; x_wconf 87' lang='lat' dir='ltr'>qno</span> <span class='ocrx_word' id='word_1_293' title='bbox 1381 1282 1460 1331; x_wconf 91' lang='lat' dir='ltr'>ipso</span> <span class='ocrx_word' id='word_1_294' title='bbox 1479 1285 1644 1330; x_wconf 82' lang='lat' dir='ltr'>tempore</span> <span class='ocrx_word' id='word_1_295' title='bbox 1661 1281 1735 1317; x_wconf 88' lang='lat' dir='ltr'>for-</span> 
     </span>
     <span class='ocr_line' id='line_1_59' title="bbox 1073 1337 1735 1375; baseline -0.002 0"><span class='ocrx_word' id='word_1_296' title='bbox 1073 1339 1168 1375; x_wconf 89' lang='lat' dir='ltr'>sitan</span> <span class='ocrx_word' id='word_1_297' title='bbox 1187 1338 1417 1375; x_wconf 87' lang='lat' dir='ltr'>Herodotum</span> <span class='ocrx_word' id='word_1_298' title='bbox 1436 1339 1584 1375; x_wconf 87' lang='lat' dir='ltr'>fluvium</span> <span class='ocrx_word' id='word_1_299' title='bbox 1602 1337 1735 1374; x_wconf 87' lang='lat' dir='ltr'>vidisse</span> 
     </span>
     <span class='ocr_line' id='line_1_60' title="bbox 1072 1393 1729 1446; baseline 0 -16"><span class='ocrx_word' id='word_1_300' title='bbox 1072 1396 1286 1446; x_wconf 84' lang='lat' dir='ltr'>suspicatur.</span> <span class='ocrx_word' id='word_1_301' title='bbox 1334 1394 1539 1432; x_wconf 83' lang='lat' dir='ltr'>Reichardo</span> <span class='ocrx_word' id='word_1_302' title='bbox 1568 1406 1656 1444; x_wconf 85' lang='lat' dir='ltr'>pag.</span> <span class='ocrx_word' id='word_1_303' title='bbox 1679 1393 1729 1435; x_wconf 90' lang='lat'>51</span> 
     </span>
     <span class='ocr_line' id='line_1_61' title="bbox 1072 1451 1733 1502; baseline -0.002 -14"><span class='ocrx_word' id='word_1_304' title='bbox 1072 1452 1280 1502; x_wconf 87' lang='lat' dir='ltr'>Hypacyris</span> <span class='ocrx_word' id='word_1_305' title='bbox 1297 1451 1357 1488; x_wconf 90' lang='lat' dir='ltr'>ille</span> <span class='ocrx_word' id='word_1_306' title='bbox 1377 1458 1431 1489; x_wconf 86' lang='lat' dir='ltr'>est</span> <span class='ocrx_word' id='word_1_307' title='bbox 1450 1451 1597 1498; x_wconf 83' lang='lat' dir='ltr'>rivulus,</span> <span class='ocrx_word' id='word_1_308' title='bbox 1623 1463 1733 1500; x_wconf 91' lang='lat' dir='ltr'>quem</span> 
     </span>
     <span class='ocr_line' id='line_1_62' title="bbox 1072 1508 1733 1558; baseline 0 -14"><span class='ocrx_word' id='word_1_309' title='bbox 1072 1520 1230 1558; x_wconf 85' lang='lat' dir='ltr'>mappae</span> <span class='ocrx_word' id='word_1_310' title='bbox 1248 1508 1516 1558; x_wconf 73' lang='lat' dir='ltr'>geographicae</span> <span class='ocrx_word' id='word_1_311' title='bbox 1535 1509 1571 1544; x_wconf 89' lang='lat' dir='ltr'>in</span> <span class='ocrx_word' id='word_1_312' title='bbox 1589 1519 1733 1544; x_wconf 88' lang='lat' dir='ltr'>amnem</span> 
     </span>
     <span class='ocr_line' id='line_1_63' title="bbox 1071 1562 1734 1614; baseline 0 -13"><span class='ocrx_word' id='word_1_313' title='bbox 1071 1564 1154 1601; x_wconf 88' lang='lat' dir='ltr'>Asis</span> <span class='ocrx_word' id='word_1_314' title='bbox 1176 1564 1289 1602; x_wconf 85' lang='lat' dir='ltr'>Utluk</span> <span class='ocrx_word' id='word_1_315' title='bbox 1321 1565 1403 1614; x_wconf 82' lang='lat' dir='ltr'>(qui</span> <span class='ocrx_word' id='word_1_316' title='bbox 1431 1564 1537 1602; x_wconf 89' lang='lat' dir='ltr'>Plinii</span> <span class='ocrx_word' id='word_1_317' title='bbox 1566 1568 1623 1601; x_wconf 86' lang='lat' dir='ltr'>est</span> <span class='ocrx_word' id='word_1_318' title='bbox 1640 1562 1734 1601; x_wconf 89' lang='lat' dir='ltr'>Ace-</span> 
     </span>
     <span class='ocr_line' id='line_1_64' title="bbox 1073 1621 1733 1668; baseline 0.002 -11"><span class='ocrx_word' id='word_1_319' title='bbox 1073 1622 1182 1667; x_wconf 84' lang='lat' dir='ltr'>sines,</span> <span class='ocrx_word' id='word_1_320' title='bbox 1205 1621 1334 1658; x_wconf 88' lang='lat' dir='ltr'>eodem</span> <span class='ocrx_word' id='word_1_321' title='bbox 1356 1621 1557 1668; x_wconf 86' lang='lat' dir='ltr'>statuente)</span> <span class='ocrx_word' id='word_1_322' title='bbox 1579 1621 1733 1658; x_wconf 85' lang='lat' dir='ltr'>influere</span> 
     </span>
     <span class='ocr_line' id='line_1_65' title="bbox 1070 1676 1729 1715; baseline -0.002 -2"><span class='ocrx_word' id='word_1_323' title='bbox 1070 1678 1284 1715; x_wconf 85' lang='lat' dir='ltr'>ostendunt.</span> <span class='ocrx_word' id='word_1_324' title='bbox 1330 1677 1401 1714; x_wconf 89' lang='lat' dir='ltr'>Alii</span> <span class='ocrx_word' id='word_1_325' title='bbox 1423 1677 1539 1715; x_wconf 89' lang='lat' dir='ltr'>aliter.</span> <span class='ocrx_word' id='word_1_326' title='bbox 1580 1676 1641 1714; x_wconf 92' lang='lat' dir='ltr'>Tu</span> <span class='ocrx_word' id='word_1_327' title='bbox 1658 1677 1729 1714; x_wconf 84' lang='lat' dir='ltr'>vid.</span> 
     </span>
     <span class='ocr_line' id='line_1_66' title="bbox 1070 1732 1730 1772; baseline -0.002 -1"><span class='ocrx_word' id='word_1_328' title='bbox 1070 1734 1288 1772; x_wconf 84' lang='lat' dir='ltr'>Tzschucke</span> <span class='ocrx_word' id='word_1_329' title='bbox 1324 1735 1371 1771; x_wconf 89' lang='lat' dir='ltr'>ad</span> <span class='ocrx_word' id='word_1_330' title='bbox 1411 1733 1498 1771; x_wconf 83' lang='lat' dir='ltr'>Mel.</span> <span class='ocrx_word' id='word_1_331' title='bbox 1530 1733 1550 1770; x_wconf 92' lang='lat' dir='ltr'>l.</span> <span class='ocrx_word' id='word_1_332' title='bbox 1582 1732 1604 1769; x_wconf 92' lang='lat' dir='ltr'>l.</span> <span class='ocrx_word' id='word_1_333' title='bbox 1637 1738 1730 1770; x_wconf 85' lang='lat' dir='ltr'>nott.</span> 
     </span>
     <span class='ocr_line' id='line_1_67' title="bbox 1070 1793 1394 1840; baseline -0.003 -12"><span class='ocrx_word' id='word_1_334' title='bbox 1070 1803 1200 1839; x_wconf 83' lang='lat' dir='ltr'>exegg.</span> <span class='ocrx_word' id='word_1_335' title='bbox 1224 1804 1310 1840; x_wconf 89' lang='lat' dir='ltr'>pag.</span> <span class='ocrx_word' id='word_1_336' title='bbox 1329 1793 1394 1832; x_wconf 77' lang='lat'>23.</span> 
     </span>
    </p>

    <p class='ocr_par' dir='ltr' id='par_1_11' title="bbox 1070 1841 1732 2917">
     <span class='ocr_line' id='line_1_68' title="bbox 1127 1841 1731 1898; baseline -0.003 -12"><span class='ocrx_word' id='word_1_337' title='bbox 1127 1847 1280 1886; x_wconf 77' lang='grc' dir='ltr'><em>ἐκδιδοῖ</em></span> <span class='ocrx_word' id='word_1_338' title='bbox 1297 1844 1395 1885; x_wconf 65' lang='grc' dir='ltr'><em>κατὰ</em></span> <span class='ocrx_word' id='word_1_339' title='bbox 1411 1849 1646 1898; x_wconf 77' lang='grc' dir='ltr'><em>Καρκινῖτιν</em></span> <span class='ocrx_word' id='word_1_340' title='bbox 1661 1841 1731 1885; x_wconf 85' lang='grc' dir='ltr'>πό-</span> 
     </span>
     <span class='ocr_line' id='line_1_69' title="bbox 1071 1902 1732 1955; baseline -0.002 -13"><span class='ocrx_word' id='word_1_341' title='bbox 1071 1902 1149 1954; x_wconf 83' lang='grc' dir='ltr'><em>λιν]</em></span> <span class='ocrx_word' id='word_1_342' title='bbox 1191 1905 1248 1941; x_wconf 89' lang='lat' dir='ltr'>Cf.</span> <span class='ocrx_word' id='word_1_343' title='bbox 1275 1905 1338 1950; x_wconf 79' lang='lat' dir='ltr'>lv,</span> <span class='ocrx_word' id='word_1_344' title='bbox 1369 1906 1435 1945; x_wconf 82' lang='grc'>99.</span> <span class='ocrx_word' id='word_1_345' title='bbox 1487 1905 1732 1955; x_wconf 69' lang='grc' dir='ltr'><em>Καρκινῖτις,</em></span> 
     </span>
     <span class='ocr_line' id='line_1_70' title="bbox 1070 1960 1732 2010; baseline -0.002 -14"><span class='ocrx_word' id='word_1_346' title='bbox 1070 1960 1241 2010; x_wconf 85' lang='lat' dir='ltr'>Scythica</span> <span class='ocrx_word' id='word_1_347' title='bbox 1284 1961 1389 2007; x_wconf 87' lang='lat' dir='ltr'>urbs,</span> <span class='ocrx_word' id='word_1_348' title='bbox 1447 1964 1667 1998; x_wconf 87' lang='lat' dir='ltr'>memoratur</span> <span class='ocrx_word' id='word_1_349' title='bbox 1709 1972 1732 1996; x_wconf 89' lang='lat' dir='ltr'>a</span> 
     </span>
     <span class='ocr_line' id='line_1_71' title="bbox 1071 2017 1731 2067; baseline -0.002 -13"><span class='ocrx_word' id='word_1_350' title='bbox 1071 2018 1251 2067; x_wconf 84' lang='lat' dir='ltr'>Stephan.</span> <span class='ocrx_word' id='word_1_351' title='bbox 1273 2018 1433 2067; x_wconf 72' lang='lat' dir='ltr'>Byzant.</span> <span class='ocrx_word' id='word_1_352' title='bbox 1457 2022 1493 2054; x_wconf 88' lang='lat' dir='ltr'>et</span> <span class='ocrx_word' id='word_1_353' title='bbox 1515 2017 1664 2066; x_wconf 90' lang='lat' dir='ltr'>quidem</span> <span class='ocrx_word' id='word_1_354' title='bbox 1688 2029 1731 2054; x_wconf 85' lang='lat' dir='ltr'>ex</span> 
     </span>
     <span class='ocr_line' id='line_1_72' title="bbox 1070 2074 1731 2122; baseline 0 -12"><span class='ocrx_word' id='word_1_355' title='bbox 1070 2074 1280 2121; x_wconf 85' lang='lat' dir='ltr'>Hecataeo,</span> <span class='ocrx_word' id='word_1_356' title='bbox 1322 2075 1359 2110; x_wconf 88' lang='lat' dir='ltr'>in</span> <span class='ocrx_word' id='word_1_357' title='bbox 1389 2074 1489 2112; x_wconf 88' lang='lat' dir='ltr'>cuius</span> <span class='ocrx_word' id='word_1_358' title='bbox 1524 2075 1731 2122; x_wconf 89' lang='lat' dir='ltr'>fragmenta</span> 
     </span>
     <span class='ocr_line' id='line_1_73' title="bbox 1071 2128 1730 2181; baseline -0.002 -14"><span class='ocrx_word' id='word_1_359' title='bbox 1071 2130 1195 2169; x_wconf 89' lang='lat' dir='ltr'>retulit</span> <span class='ocrx_word' id='word_1_360' title='bbox 1211 2131 1387 2168; x_wconf 86' lang='lat' dir='ltr'>Klausen.</span> <span class='ocrx_word' id='word_1_361' title='bbox 1407 2143 1492 2181; x_wconf 88' lang='lat' dir='ltr'>pag.</span> <span class='ocrx_word' id='word_1_362' title='bbox 1511 2131 1578 2171; x_wconf 88' lang='grc'>86,</span> <span class='ocrx_word' id='word_1_363' title='bbox 1610 2128 1730 2167; x_wconf 89' lang='lat' dir='ltr'>Melae</span> 
     </span>
     <span class='ocr_line' id='line_1_74' title="bbox 1073 2187 1729 2235; baseline -0.003 -11"><span class='ocrx_word' id='word_1_364' title='bbox 1073 2187 1094 2224; x_wconf 92' lang='lat' dir='ltr'>l.</span> <span class='ocrx_word' id='word_1_365' title='bbox 1114 2187 1136 2224; x_wconf 90' lang='lat' dir='ltr'>l.</span> <span class='ocrx_word' id='word_1_366' title='bbox 1166 2192 1203 2225; x_wconf 90' lang='lat' dir='ltr'>et</span> <span class='ocrx_word' id='word_1_367' title='bbox 1236 2188 1353 2224; x_wconf 86' lang='lat' dir='ltr'>Plinio</span> <span class='ocrx_word' id='word_1_368' title='bbox 1375 2188 1444 2234; x_wconf 76' lang='lat' dir='ltr'>lv,</span> <span class='ocrx_word' id='word_1_369' title='bbox 1474 2188 1571 2235; x_wconf 80' lang='lat'>(12)</span> <span class='ocrx_word' id='word_1_370' title='bbox 1594 2188 1646 2226; x_wconf 83' lang='lat'>26</span> <span class='ocrx_word' id='word_1_371' title='bbox 1672 2190 1729 2222; x_wconf 86' lang='lat' dir='ltr'>est</span> 
     </span>
     <span class='ocr_line' id='line_1_75' title="bbox 1074 2241 1731 2292; baseline -0.006 -11"><span class='ocrx_word' id='word_1_372' title='bbox 1074 2243 1222 2281; x_wconf 76' lang='lat' dir='ltr'>Carcine</span> <span class='ocrx_word' id='word_1_373' title='bbox 1254 2244 1362 2290; x_wconf 90' lang='lat' dir='ltr'>urbs,</span> <span class='ocrx_word' id='word_1_374' title='bbox 1403 2241 1731 2292; x_wconf 41' lang='lat' dir='ltr'>Ptolemaeo&#39;Cazr-</span> 
     </span>
     <span class='ocr_line' id='line_1_76' title="bbox 1072 2298 1729 2345; baseline -0.005 -8"><span class='ocrx_word' id='word_1_375' title='bbox 1072 2303 1175 2345; x_wconf 82' lang='lat' dir='ltr'>cz&#39;na;</span> <span class='ocrx_word' id='word_1_376' title='bbox 1211 2302 1309 2337; x_wconf 78' lang='lat' dir='ltr'>1111th</span> <span class='ocrx_word' id='word_1_377' title='bbox 1331 2301 1431 2337; x_wconf 86' lang='lat' dir='ltr'>sinus</span> <span class='ocrx_word' id='word_1_378' title='bbox 1449 2301 1618 2338; x_wconf 90' lang='lat' dir='ltr'>adiacens</span> <span class='ocrx_word' id='word_1_379' title='bbox 1640 2298 1729 2335; x_wconf 81' lang='lat' dir='ltr'>Car-</span> 
     </span>
     <span class='ocr_line' id='line_1_77' title="bbox 1073 2355 1727 2405; baseline -0.005 -12"><span class='ocrx_word' id='word_1_380' title='bbox 1073 2360 1197 2395; x_wconf 74' lang='lat' dir='ltr'>cinites</span> <span class='ocrx_word' id='word_1_381' title='bbox 1219 2358 1286 2405; x_wconf 89' lang='lat' dir='ltr'>(de</span> <span class='ocrx_word' id='word_1_382' title='bbox 1303 2370 1376 2405; x_wconf 83' lang='lat' dir='ltr'>quo</span> <span class='ocrx_word' id='word_1_383' title='bbox 1398 2357 1532 2393; x_wconf 88' lang='lat' dir='ltr'>Strabo</span> <span class='ocrx_word' id='word_1_384' title='bbox 1554 2355 1619 2391; x_wconf 62' lang='lat' dir='ltr'>Vll</span> <span class='ocrx_word' id='word_1_385' title='bbox 1642 2368 1727 2405; x_wconf 88' lang='lat' dir='ltr'>pag.</span> 
     </span>
     <span class='ocr_line' id='line_1_78' title="bbox 1072 2413 1728 2464; baseline -0.005 -8"><span class='ocrx_word' id='word_1_386' title='bbox 1072 2416 1154 2456; x_wconf 86' lang='lat'>307</span> <span class='ocrx_word' id='word_1_387' title='bbox 1176 2428 1204 2451; x_wconf 90' lang='lat' dir='ltr'>s.</span> <span class='ocrx_word' id='word_1_388' title='bbox 1222 2426 1306 2464; x_wconf 86' lang='lat' dir='ltr'>pag.</span> <span class='ocrx_word' id='word_1_389' title='bbox 1324 2413 1401 2453; x_wconf 79' lang='lat'>471</span> <span class='ocrx_word' id='word_1_390' title='bbox 1417 2414 1459 2449; x_wconf 89' lang='lat' dir='ltr'>C.</span> <span class='ocrx_word' id='word_1_391' title='bbox 1480 2418 1519 2450; x_wconf 88' lang='lat' dir='ltr'>et</span> <span class='ocrx_word' id='word_1_392' title='bbox 1538 2424 1623 2461; x_wconf 88' lang='lat' dir='ltr'>pag.</span> <span class='ocrx_word' id='word_1_393' title='bbox 1646 2414 1728 2453; x_wconf 80' lang='lat'>308</span> 
     </span>
     <span class='ocr_line' id='line_1_79' title="bbox 1072 2469 1728 2518; baseline -0.006 -10"><span class='ocrx_word' id='word_1_394' title='bbox 1072 2485 1101 2511; x_wconf 89' lang='lat' dir='ltr'>s.</span> <span class='ocrx_word' id='word_1_395' title='bbox 1136 2470 1218 2511; x_wconf 83' lang='grc'>473</span> <span class='ocrx_word' id='word_1_396' title='bbox 1245 2469 1319 2518; x_wconf 88' lang='grc' dir='ltr'>Β.)</span> <span class='ocrx_word' id='word_1_397' title='bbox 1351 2482 1485 2506; x_wconf 87' lang='lat' dir='ltr'>nomen</span> <span class='ocrx_word' id='word_1_398' title='bbox 1521 2469 1625 2515; x_wconf 85' lang='lat' dir='ltr'>tulit,</span> <span class='ocrx_word' id='word_1_399' title='bbox 1668 2469 1728 2517; x_wconf 88' lang='lat' dir='ltr'>qui</span> 
     </span>
     <span class='ocr_line' id='line_1_80' title="bbox 1071 2525 1727 2575; baseline -0.003 -11"><span class='ocrx_word' id='word_1_400' title='bbox 1071 2541 1166 2564; x_wconf 86' lang='lat' dir='ltr'>nunc</span> <span class='ocrx_word' id='word_1_401' title='bbox 1200 2530 1347 2563; x_wconf 74' lang='lat' dir='ltr'>vocatur</span> <span class='ocrx_word' id='word_1_402' title='bbox 1386 2526 1483 2562; x_wconf 87' lang='lat' dir='ltr'>sinus</span> <span class='ocrx_word' id='word_1_403' title='bbox 1517 2525 1666 2575; x_wconf 78' lang='lat' dir='ltr'>I&#39;erecop</span> <span class='ocrx_word' id='word_1_404' title='bbox 1697 2538 1727 2562; x_wconf 89' lang='lat' dir='ltr'>s.</span> 
     </span>
     <span class='ocr_line' id='line_1_81' title="bbox 1070 2581 1729 2621; baseline -0.003 -1"><span class='ocrx_word' id='word_1_405' title='bbox 1070 2582 1289 2621; x_wconf 60' lang='lat' dir='ltr'>Akmcsclaiel.</span> <span class='ocrx_word' id='word_1_406' title='bbox 1350 2581 1461 2619; x_wconf 81' lang='lat' dir='ltr'>Nulla</span> <span class='ocrx_word' id='word_1_407' title='bbox 1505 2583 1622 2619; x_wconf 83' lang='lat' dir='ltr'>adhuc</span> <span class='ocrx_word' id='word_1_408' title='bbox 1662 2582 1729 2619; x_wconf 88' lang='lat' dir='ltr'>hac</span> 
     </span>
     <span class='ocr_line' id='line_1_82' title="bbox 1072 2638 1728 2689; baseline -0.003 -12"><span class='ocrx_word' id='word_1_409' title='bbox 1072 2641 1108 2677; x_wconf 91' lang='lat' dir='ltr'>in</span> <span class='ocrx_word' id='word_1_410' title='bbox 1134 2641 1283 2689; x_wconf 88' lang='lat' dir='ltr'>regione</span> <span class='ocrx_word' id='word_1_411' title='bbox 1305 2638 1373 2688; x_wconf 85' lang='lat' dir='ltr'>ipsi</span> <span class='ocrx_word' id='word_1_412' title='bbox 1385 2640 1592 2686; x_wconf 79' lang='lat' dir='ltr'>Herodoto,</span> <span class='ocrx_word' id='word_1_413' title='bbox 1612 2643 1652 2676; x_wconf 90' lang='lat' dir='ltr'>ut</span> <span class='ocrx_word' id='word_1_414' title='bbox 1673 2639 1728 2675; x_wconf 78' lang='lat' dir='ltr'>vi-</span> 
     </span>
     <span class='ocr_line' id='line_1_83' title="bbox 1072 2696 1730 2745; baseline -0.003 -11"><span class='ocrx_word' id='word_1_415' title='bbox 1072 2698 1190 2744; x_wconf 87' lang='lat' dir='ltr'>detur,</span> <span class='ocrx_word' id='word_1_416' title='bbox 1208 2696 1354 2745; x_wconf 85' lang='lat' dir='ltr'>cognita</span> <span class='ocrx_word' id='word_1_417' title='bbox 1376 2697 1473 2733; x_wconf 86' lang='lat' dir='ltr'>urbis</span> <span class='ocrx_word' id='word_1_418' title='bbox 1493 2696 1645 2745; x_wconf 68' lang='lat' dir='ltr'>vestigia</span> <span class='ocrx_word' id='word_1_419' title='bbox 1664 2696 1730 2732; x_wconf 87' lang='lat' dir='ltr'>de-</span> 
     </span>
     <span class='ocr_line' id='line_1_84' title="bbox 1072 2752 1728 2791; baseline -0.005 0"><span class='ocrx_word' id='word_1_420' title='bbox 1072 2758 1169 2791; x_wconf 85' lang='lat' dir='ltr'>tecta</span> <span class='ocrx_word' id='word_1_421' title='bbox 1187 2766 1266 2791; x_wconf 89' lang='lat' dir='ltr'>esse</span> <span class='ocrx_word' id='word_1_422' title='bbox 1285 2753 1456 2790; x_wconf 83' lang='lat' dir='ltr'>observat</span> <span class='ocrx_word' id='word_1_423' title='bbox 1477 2752 1660 2790; x_wconf 88' lang='lat' dir='ltr'>Mannert.</span> <span class='ocrx_word' id='word_1_424' title='bbox 1678 2752 1728 2788; x_wconf 89' lang='lat' dir='ltr'>IV</span> 
     </span>
     <span class='ocr_line' id='line_1_85' title="bbox 1071 2808 1728 2861; baseline -0.008 -12"><span class='ocrx_word' id='word_1_425' title='bbox 1071 2825 1108 2861; x_wconf 84' lang='lat' dir='ltr'>p.</span> <span class='ocrx_word' id='word_1_426' title='bbox 1131 2808 1195 2850; x_wconf 80' lang='lat'>84.</span> <span class='ocrx_word' id='word_1_427' title='bbox 1219 2809 1321 2855; x_wconf 81' lang='lat'>245,</span> <span class='ocrx_word' id='word_1_428' title='bbox 1351 2810 1419 2847; x_wconf 85' lang='lat' dir='ltr'>nisi</span> <span class='ocrx_word' id='word_1_429' title='bbox 1437 2811 1484 2846; x_wconf 89' lang='lat' dir='ltr'>ad</span> <span class='ocrx_word' id='word_1_430' title='bbox 1506 2810 1622 2846; x_wconf 91' lang='lat' dir='ltr'>locum</span> <span class='ocrx_word' id='word_1_431' title='bbox 1634 2808 1728 2858; x_wconf 88' lang='lat' dir='ltr'>Kip-</span> 
     </span>
     <span class='ocr_line' id='line_1_86' title="bbox 1071 2866 1728 2917; baseline -0.002 -14"><span class='ocrx_word' id='word_1_432' title='bbox 1071 2867 1171 2914; x_wconf 86' lang='lat' dir='ltr'>koin,</span> <span class='ocrx_word' id='word_1_433' title='bbox 1201 2866 1261 2904; x_wconf 87' lang='lat' dir='ltr'>ubi</span> <span class='ocrx_word' id='word_1_434' title='bbox 1284 2866 1384 2904; x_wconf 87' lang='lat' dir='ltr'>multi</span> <span class='ocrx_word' id='word_1_435' title='bbox 1404 2867 1505 2917; x_wconf 86' lang='lat' dir='ltr'>putei</span> <span class='ocrx_word' id='word_1_436' title='bbox 1525 2866 1728 2915; x_wconf 87' lang='lat' dir='ltr'>antiquitus</span> 
     </span>
    </p>
   </div>
   <div class='ocr_carea' id='block_1_10' title="bbox 1881 0 1904 2864">
    <p class='ocr_par' dir='ltr' id='par_1_12' title="bbox 1881 0 1904 2864">
     <span class='ocr_line' id='line_1_87' title="bbox 1881 0 1904 2864; baseline 0 0"><span class='ocrx_word' id='word_1_437' title='bbox 1881 0 1904 2864; x_wconf 95' lang='lat' dir='ltr'> </span> 
     </span>
    </p>
   </div>
  </div>
 </body>
</html>
