1904 3304
467 238 1034 277 MELPOMENE.
1094 238 1154 274 IV.

1365 238 1444 278 341

179 351 457 407 καταβαίνειν
498 349 566 392 ἐπὶ
608 347 686 392 τόν
725 348 900 403 Μηλιέα
939 344 1127 396 κόλπον,
1171 345 1246 389 καὶ
1292 347 1446 391 διαπο-

179 420 384 477 ρεύεσθαι
421 420 463 471 ἐς
494 419 715 476 Εὔβοιαν·
763 416 894 462 πόλιν
929 433 975 460 τε
1012 416 1055 468 ἐς
1083 414 1214 459 πόλιν
1249 416 1445 472 πέμπειν,

174 491 296 550 μέχρι
325 490 585 545 Καρύστου·
637 490 685 534 τὸ
718 488 757 533 δ’
791 488 877 532 ἀπὸ
908 488 1089 544 ταύτης,
1135 487 1324 530 ἐκλιπεῖν
1342 487 1505 529 ’Ἁν-ἹΟ

175 567 307 617 δρον“
366 563 645 617 Καρυστίους
684 560 769 616 γὰρ
811 557 923 603 εἶναι
964 558 1070 609 τούς
1109 560 1364 613 κομίζοντας
1405 557 1448 608 ές

146 639 348 690 3Τῆνον·
406 633 595 688 Τηνίους
634 632 701 684 δὲ,
743 632 785 682 ἐς
820 634 984 686 Δῆλον.
1046 628 1331 673 ἀπικνέεσθαι
1367 628 1447 685 μέν

173 722 258 750 νυν
287 708 423 747 ταῦτα
453 703 506 747 τά
538 702 611 757 ἱρὰ
644 702 758 746 οὕτω
791 701 967 756 λέγουσι
996 701 1039 752 ἐς
1059 705 1224 757 Δῆλον.
1267 705 1445 755 πρῶτον

176 777 222 821 δὲ
251 775 354 827 τοὺς
376 774 691 830 Ὑπερβορέους
725 772 892 828 πέμψαι
922 772 1147 826 φερούσας
1175 772 1228 815 τὰ
1257 770 1331 826 ἱρὰ
1361 769 1445 814 δύο

175 847 334 902 κόρας,
377 845 454 896 τὰς
483 842 781 899 ούνομοίζουσι
810 842 968 899 Δήλιοι
998 840 1108 886 εἶναι
1132 842 1374 898 Ὑπερόχην
1400 857 1445 885 τε

173 919 246 964 καὶ
285 918 527 973 Λαοδίκην·

116 1071 293 1122 ceperint,
326 1082 434 1107 nemo
457 1069 674 1114 mirabitur,
717 1068 779 1117 qui

116 1134 153 1167 et
174 1129 281 1164 situm
300 1125 484 1163 Dodonae
505 1131 541 1163 et
559 1125 627 1162 loci
646 1125 779 1161 sancti-

116 1189 229 1223 tatem
245 1186 540 1231 vetustatemque
558 1182 780 1232 respexerit3

117 1243 164 1279 de
183 1254 256 1290 quo
275 1239 347 1278 sid.
366 1239 508 1277 Herod.
536 1238 593 1283 ΙΙ,
630 1240 695 1279 52.
725 1238 778 1278 56

117 1298 243 1346 ibique
273 1300 366 1332 nott.
426 1295 459 1331 A
486 1294 646 1332 Dodona
665 1293 780 1343 Apol-

116 1353 199 1390 linis
226 1352 419 1401 religiones
441 1351 572 1388 Delum
596 1350 779 1400 Delphos-

117 1423 188 1459 que
210 1421 290 1447 esse
304 1413 550 1458 propagatas,
592 1408 778 1443 Creuzero

117 1465 299 1514 (Symbol.
326 1464 373 1500 IV
394 1477 429 1513 p.
457 1466 535 1503 160
562 1464 661 1511 seq.)
686 1476 780 1512 quo-

117 1521 312 1558 dammodo
340 1520 422 1556 hinc
443 1520 560 1568 colligi
589 1532 700 1568 posse
726 1519 777 1554 vi-

116 1578 235 1615 detur.
275 1577 359 1620 Quo
390 1575 506 1612 minus
535 1575 662 1612 faciam
695 1589 776 1612 cum

114 1634 281 1671 Volcker.
297 1632 414 1681 Myth.
438 1632 576 1681 Geogr.
596 1631 611 1668 Ι
629 1645 666 1682 p.
684 1634 776 1678 169,

114 1690 295 1735 Dodona,
327 1689 427 1738 quod
456 1688 512 1725 hic
543 1693 777 1735 memoretur,

114 1752 358 1784 commentum
392 1758 471 1782 esse
510 1745 687 1781 statuenti
719 1757 776 1781 sa-

114 1804 301 1841 cerdotum
322 1802 370 1838 ad
398 1802 690 1838 coniunctionem
718 1813 777 1837 sa-

114 1873 279 1908 crorum,
320 1871 414 1907 quae
444 1858 648 1904 Dodonae,
686 1857 776 1895 Del-

113 1916 195 1968 phis
224 1921 261 1953 et
280 1915 361 1953 Deli
383 1916 535 1962 suerint,
576 1915 775 1964 pertinens.

166 1971 422 2023 καταβαίνειν
441 1970 504 2010 ἐπὶ
525 1967 592 2009 τὸν
611 1969 775 2020 ,ἰῑῙηλιέα

113 2027 277 2079 κόλπον]
327 2027 468 2065 Eadem
496 2027 705 2064 Callimach.
736 2028 773 2064 in

112 2086 194 2124 Del.
216 2087 298 2126 287
320 2097 397 2133 seq.
444 2083 637 2121 ZlIelz'acum
659 2084 775 2121 sinum

114 2142 283 2191 intelligit
304 2155 323 2179 e
341 2141 493 2189 regione
513 2141 688 2178 Euboeae
713 2153 773 2178 se-

114 2197 388 2250 ptentrionalis,
436 2210 543 2246 quem
583 2209 679 2234 nunc
710 2210 774 2232 vo-

115 2260 197 2293 cant
223 2255 369 2292 Zeitun.
422 2254 481 2291 De
517 2267 589 2303 quo
626 2257 775 2304 praeter

114 2312 286 2349 Strabon.
315 2311 367 2348 IX
393 2324 428 2360 p.
455 2313 537 2351 426
565 2323 593 2346 s.
626 2310 702 2350 651
731 2310 774 2346 C.

116 2369 153 2406 'et
172 2369 263 2405 Plin.
276 2369 326 2407 H.
341 2367 388 2404 N.
410 2367 473 2412 IV,
499 2369 548 2407 12
566 2367 659 2416 (12)
677 2367 773 2403 conf.

115 2423 282 2475 Aesehyl.
314 2424 414 2461 Pers.
446 2424 528 2463 486
566 2423 668 2470 (459
698 2423 775 2460 Bo-

116 2480 220 2528 the.).
269 2479 442 2531 Sophocl.
470 2480 602 2516 Trach.
637 2479 718 2520 646
743 2493 771 2516 s.

119 2537 200 2576 638
227 2537 304 2573 coll.
338 2539 415 2577 195
448 2541 484 2573 et
503 2536 656 2573 Philoct.
678 2536 772 2575 741.

118 2591 327 2630 Lamiacum
351 2593 467 2629 sinum
487 2597 595 2629 vocat
615 2592 774 2629 Pausan.

118 2647 146 2693 l,
164 2648 189 2688 4
221 2647 257 2698 ᾗ.
277 2650 313 2689 3.
363 2650 473 2699 Apud
493 2648 632 2686 Aelian.
652 2649 696 2685 V.
721 2648 772 2685 H.

117 2703 181 2750 Ill,
203 2708 219 2743 1
252 2703 438 2742 Melienses
461 2710 695 2743 recensentur
719 2706 774 2741 in-

117 2765 172 2797 ter
191 2772 252 2797 eas
273 2766 415 2809 genteS,
435 2775 502 2812 per
519 2775 610 2811 quas
630 2763 697 2799 iter
715 2763 771 2798 fa-

116 2817 261 2854 ciebant
281 2817 500 2866 Delphorum
519 2818 623 2868 pueri
645 2819 693 2854 ad
715 2831 772 2855 sa-

117 2886 175 2910 cra
199 2873 378 2924 Apollinis
414 2887 527 2925 prope
557 2874 772 2913 Thessalica

598 915 687 971 ἅμα
728 915 774 958 δὲ
815 912 973 970 αὐτῇσι
1018 911 1234 971 ἀσφαλίης
1282 914 1500 956 εἶ’νεκεν75

837 1066 981 1117 Tempe
1004 1067 1185 1104 obeunda.
1217 1086 1268 1093 —
1310 1064 1400 1102 Mox
1419 1075 1500 1101 cum

835 1124 1039 1172 Schweigh.
1068 1128 1104 1161 et
1121 1124 1236 1160 Gaisf.
1265 1121 1392 1172 scripsi
1429 1115 1501 1159 πό-

836 1183 900 1218 λιν
928 1194 974 1218 τε
1004 1179 1043 1226 ἐς
1071 1176 1186 1219 πόλιν
1213 1177 1407 1229 πέμπειν,
1438 1176 1500 1213 ubl

835 1237 945 1285 vulgo
969 1233 1041 1284 δὲ,
1072 1237 1174 1286 quod
1194 1236 1344 1273 retinuit
1364 1232 1499 1271 Matth.

908 1292 1081 1331 ἐκλιπεῖν
1122 1290 1321 1342 ’Ἀνδρον]
1393 1291 1501 1334 Quae

835 1349 1010 1386 Reiskius
1049 1350 1100 1387 sic
1143 1349 1293 1397 intelligi
1324 1346 1420 1394 vult,
1459 1349 1501 1383 ut

835 1405 999 1442 Andrum
1032 1418 1134 1442 sacra
1163 1418 1237 1442 non
1262 1405 1334 1441 sint
1363 1402 1499 1450 delata,

835 1463 901 1499 sed
924 1462 990 1499 liae
1010 1461 1124 1498 insula
1145 1462 1297 1510 (quam,
1327 1474 1347 1498 e
1364 1459 1497 1507 Cycla-

835 1519 940 1554 dibus
960 1530 1068 1554 unam
1082 1547 1092 1564 ,
1133 1517 1323 1554 Euboeam
1346 1517 1442 1553 inter
1462 1520 1499 1552 et

834 1574 979 1612 Naxum
1004 1575 1127 1620 sitam,
1161 1587 1256 1610 nunc
1271 1576 1404 1610 vocant
1423 1572 1498 1608 An-

836 1631 917 1678 (Iro)
937 1631 1162 1680 praeterita,
1203 1634 1304 1667 recto
1325 1629 1454 1666 itinere
1476 1641 1498 1665 a
1565 1654 1568 1657 Δ

838 1687 988 1737 Carysto
1010 1687 1132 1736 (quod
1153 1690 1209 1724 est
1231 1686 1406 1723 Euboeae
1429 1698 1498 1735 op-

834 1745 982 1794 pidum,
1028 1744 1159 1781 eodem
1195 1743 1314 1779 adhuc
1349 1742 1497 1779 nomine

834 1801 1041 1849 cognitum)
1069 1801 1117 1837 ad
1148 1798 1282 1836 Tenum
1311 1797 1425 1849 (quae
1447 1798 1496 1835 ad

833 1856 1012 1907 Cycladas
1037 1857 1224 1906 pertinens
1246 1868 1341 1892 nunc
1367 1854 1496 1905 appel-

831 1913 926 1950 latur
965 1912 1074 1961 Tene)
1109 1913 1280 1958 advecta,
1329 1911 1494 1961 quamvis

832 1969 977 2007 Andrus
999 1970 1054 2006 his
1078 1970 1224 2006 urbibus
1255 1973 1352 2006 esset
1371 1968 1494 2006 media

831 2027 1031 2064 interiecta.

889 2078 1159 2132 ου’νομᾶζουσι
1182 2101 1233 2109 -
1261 2077 1376 2129 εἶναι]
1435 2079 1494 2117 De

831 2140 1010 2176 infinitivo
1043 2135 1145 2177 εἶναι
1180 2138 1255 2174 vid.
1290 2138 1491 2174 Hermann.

831 2197 880 2233 ad
896 2197 1018 2245 Viger.
1038 2208 1122 2246 pag.
1142 2195 1237 2235 750.
1268 2193 1402 2231 Matth.
1426 2192 1491 2230 Gr.

832 2251 868 2304 ἓ-
894 2252 977 2294 420
996 2266 1082 2302 pag.
1103 2253 1185 2292 768
1206 2263 1283 2299 seq·

884 2305 1106 2359 Ὑπερόχην
1124 2322 1163 2346 τε
1179 2305 1247 2345 καὶ
1264 2303 1490 2355 Λαοδίκην]

829 2365 1018 2414 Virginum
1062 2365 1209 2401 nomina
1251 2363 1350 2400 haud
1390 2363 1493 2399 novit

830 2421 929 2460 Mela
953 2422 1016 2466 ΙΙΙ,
1038 2422 1076 2467 5,
1097 2422 1162 2468 15,
1192 2433 1260 2457 nec
1282 2419 1419 2456 Plinius
1441 2419 1490 2455 H.

829 2477 877 2516 N.
897 2478 959 2525 IV,
985 2480 1034 2519 12
1054 2476 1158 2526 (26).
1193 2477 1299 2521 Quae
1319 2475 1490 2513 Clemens

829 2535 1023 2572 Alexandr.
1052 2535 1164 2571 habet
1183 2534 1218 2569 in
1239 2533 1424 2582 Protrept.
1442 2531 1490 2569 T.

832 2592 891 2642 lp.
904 2593 956 2632 39
971 2592 1084 2637 Pott.,
1096 2603 1139 2628 ea
1150 2603 1193 2627 ex
1204 2590 1284 2640 ipso
1297 2589 1490 2626 Herodoto

831 2648 940 2685 ducta
958 2660 1037 2685 esse
1064 2647 1162 2684 haud
1178 2646 1306 2683 iniuria
1328 2649 1491 2682 statuere

830 2705 972 2741 videtur
993 2703 1192 2754 Spanhem.
1212 2703 1260 2739 ad
1277 2701 1488 2739 Callimach.

830 2762 866 2798 in
884 2761 966 2798 Del.
987 2762 1082 2800 292.
1136 2759 1263 2796 Altero
1286 2758 1390 2805 loco,
1427 2757 1489 2794 ubi

828 2817 969 2855 Noster
990 2817 1054 2854 has
1084 2816 1242 2865 virgines
1268 2826 1488 2852 commemo-

828 2879 883 2912 rat
904 2874 968 2921 IV,
992 2874 1058 2920 35,
1087 2886 1154 2923 pro
1177 2870 1385 2921 Λαοδίκης
1405 2869 1487 2906 Me-
