1904 3304
443 204 527 243 310
847 200 1326 239 HERODOTI

416 311 614 355 3ἕνδεκα.
671 311 697 367 ἡ
738 310 783 353 δὲ
823 308 1070 363 κατύπερθε
1109 307 1279 352 τούτων
1324 309 1483 366 ἐρῆμός
1519 309 1609 353 ἐστι
1645 310 1717 354 ἐπὶ

445 380 625 426 πολλόν.
687 379 792 436 μετὰ
815 380 861 423 δὲ
881 378 963 435 τὴν
993 379 1158 435 ἐρῆμον
1182 377 1481 438 Ἀνδροφάγοι
1506 379 1716 435 οἰκέουσι,
1727 387 1772 422 95

417 453 582 503 4ἔθνος
630 450 706 495 ἐόν
746 452 864 494 ἰ’διον
904 451 978 494 καὶ
1020 448 1226 505 οὐδαμῶς
1265 452 1510 496 Σκυθικόν.
1579 451 1628 495 τὸ
1669 452 1717 496 δὲ

446 521 617 567 τούτων
636 522 907 577 κατύπερθε,
940 521 1099 577 ἐρῆμος
1128 520 1211 578 ἤδη
1241 520 1458 579 οἷληθέως,
1491 524 1565 566 καὶ
1587 524 1720 575 ἔθνος

319 594 384 639 19
443 593 697 649 άνθρώπων
727 592 884 644 οὐδὲν,
926 591 1033 637 ὅσον
1062 591 1186 649 ἡμεῖς
1222 593 1362 647 ἴδμεν.
1425 593 1484 636 To
1524 593 1570 638 δὲ
1610 594 1720 650 πρὸς

114 659 393 729 (ξξζξὲυὲᾚὴξξί,
450 665 532 722 τήν
572 665 628 708 ἕω
666 668 875 721 γεωργῶν
913 664 1083 708 τούτων
1112 664 1353 716 Σκυθέων,
1401 664 1601 720 διαβάντι
1640 665 1721 709 τόν

113 726 392 795 ἓξῖξξᾱᾈὲξῆξῖἷέξ
452 735 742 792 Παντικάπην
775 735 999 791 ποταμὸν,
1045 733 1250 790 Νομάδες
1287 733 1370 791 ἤδη
1412 735 1593 780 Σκύθαι
1631 735 1747 780 νὲ-1

132 795 314 829 P³¹¹‘³⁰³¹'‘³¹¹
344 797 375 820 ⁰⁸
450 824 627 864 μονται,
674 806 776 851 οὔτε
806 824 847 850 τι
877 807 1126 859 σπείροντες
1157 804 1311 858 οὐδὲν,
1352 805 1453 850 οὔτε
1481 805 1718 862 ἀροῦντες·

451 877 553 934 ψιλὴ
585 878 631 921 δὲ
661 877 875 933 δενδρέων
904 882 1022 921 πᾶσα
1053 876 1163 934 αὕτη
1183 880 1262 933 γῆ,
1292 876 1407 932 πλὴν
1430 881 1504 933 τῆς
1530 877 1716 935 Ὑλαίης.

420 951 497 993 2οῖ
545 949 591 993 δὲ
630 948 836 1005 Νομάδες
877 944 1001 993 οὗτοι
1041 949 1090 991 τὸ
1131 947 1240 1002 πρὸς
1277 947 1358 1005 τὴν
1397 948 1478 1000 ἕω,
1525 947 1723 1006 ἡμερέων

115 828 275 869 Gerrhum,
294 837 327 855 re
351 827 393 867 io-

115 871 152 889 ne
172 862 233 889 lata
247 862 315 889 MV
350 869 391 889 le-

447 1020 661 1076 τεσσέρων
692 1021 766 1064 καὶ
797 1020 903 1065 δέκα
933 1018 1067 1072 ὁδόν,
1106 1018 1312 1075 νέμονται
1343 1019 1490 1076 χώρην
1519 1021 1720 1064 κατατεί-

115 905 179 924 rum
197 896 264 923 iter.

394 1166 471 1191 rum
505 1160 605 1191 terra
638 1153 785 1191 minime
818 1154 927 1192 fuerit·
961 1154 1055 1192 culta

392 1212 545 1261 ipsaque
573 1210 632 1247 illa
659 1210 807 1246 deserta
836 1210 904 1248 illic
932 1211 1055 1249 incoe-

393 1267 525 1317 perint,
549 1278 622 1315 quo
642 1266 809 1303 undecim
829 1268 970 1305 dierum
990 1280 1056 1305 na·

394 1323 599 1372 vigatione,
638 1322 792 1359 adverso
813 1324 1056 1373 Borysthene,

393 1380 574 1431 perveniri
592 1380 762 1429 potuerit.

453 1432 548 1486 μετά
570 1433 612 1474 δὲ
632 1431 707 1485 τήν
728 1435 879 1486 ἐρῆμον
895 1430 1058 1486 Ἀνδρο-

397 1489 521 1546 φάγοι
544 1490 734 1543 οἰκέουσι]
766 1493 824 1530 De
841 1493 1058 1542 Andropha-

395 1553 455 1599 gt's
482 1550 577 1586 conf.
609 1549 678 1595 lV,
726 1552 818 1590 100.
853 1552 931 1591 106
968 1550 1056 1598 ibiq.

394 1610 486 1643 nott.
553 1605 594 1642 ln
642 1605 820 1654 gubernio
861 1605 1057 1643 Smolensk

395 1666 545 1711 gentem
569 1662 753 1699 habitasse
772 1663 876 1712 ponit
896 1663 1056 1700 Heeren.

396 1721 423 1766 1,
443 1722 470 1759 2
495 1731 581 1769 pag.
602 1720 698 1765 277,
723 1731 791 1756 nec
811 1718 919 1756 valde
939 1720 1057 1756 disce-

398 1777 513 1821 dunt,
552 1787 646 1824 quae
684 1777 731 1812 de
773 1776 919 1812 sedibus
953 1776 1058 1812 huius

396 1833 517 1882 gentis
536 1831 661 1868 statuit
678 1831 874 1868 Reichard.
892 1832 913 1869 l.
935 1832 954 1869 l.
973 1845 1058 1882 pag.

399 1889 464 1929 58.
507 1887 662 1926 Rennel.
686 1887 707 1924 l.
732 1888 753 1924 Ι.
782 1901 868 1938 pag.
898 1887 980 1929 414
1012 1889 1060 1925 ad

399 1946 514 1996 ripam
546 1945 645 1981 fluvii
666 1945 826 1994 Prypetz
855 1946 890 1981 in
919 1946 1061 1982 Russo-

399 2015 477 2039 rum
502 2001 656 2037 Polonia
680 2001 951 2052 Androphagos
985 2002 1060 2038 col-

398 2058 520 2103 locat,
582 2058 750 2106 adeoque
798 2060 834 2094 in
883 2059 1060 2107 gubernio

400 2114 536 2151 Miusk.
585 2114 634 2150 Et
662 2126 750 2151 sane
783 2115 830 2151 ad
859 2115 952 2152 hanc
977 2128 1061 2152 sen-

400 2172 554 2209 tentiam
576 2171 709 2208 ducere
734 2171 875 2209 videtur
894 2171 986 2209 alter
1007 2171 1060 2208 lo-

401 2240 462 2265 cus
486 2227 548 2275 lV,
576 2228 666 2266 100.

609 2318 639 2353 C
653 2330 720 2367 ap.
752 2317 851 2354 XIX.

462 2391 647 2445 Νομάδες
685 2392 764 2446 ἤδη
801 2393 962 2434 Σκύθαι
998 2395 1061 2436 νέ-

404 2466 542 2502 μονται
564 2466 598 2489 κ.
626 2466 656 2489 τ.
680 2450 728 2501 L]
768 2452 976 2489 Reichardo
1000 2466 1065 2490 au-

403 2513 502 2545 ctore
525 2521 609 2557 pag.
636 2510 688 2549 28
720 2510 907 2556 regionem
940 2510 1066 2546 deser-

403 2569 499 2611 tam,
538 2578 632 2613 quae
663 2577 758 2601 nunc
784 2564 951 2614 Nogaica
979 2566 1066 2603 dici-

403 2625 487 2666 tur,
534 2620 570 2656 hi
622 2619 811 2659 Nomades
861 2628 1064 2660 tenuerunt.

405 2677 505 2713 Idem
545 2678 673 2713 statuit
712 2678 881 2715 Volekvr.
949 2679 1065 2727 Myth.

405 2734 542 2782 Geogr.
554 2747 589 2783 p.
608 2735 696 2773 180.
711 2755 754 2759 -—
767 2735 824 2772 De
836 2735 981 2784 Hylaea
994 2736 1067 2773 vid.

404 2794 494 2826 uott.
525 2791 573 2826 ad
597 2789 671 2836 lv,
705 2792 751 2836 93
791 2793 837 2829 de
870 2791 1068 2842 Pantc'cape

405 2851 494 2883 nott.
514 2847 563 2883 ad
586 2846 647 2891 lv,
670 2845 734 2888 54.

1168 1152 1352 1206 ’ἡμερέων
1371 1153 1566 1206 τεσσέρων
1593 1153 1662 1194 καὶ
1682 1153 1779 1194 δέκα

1112 1207 1228 1260 ὁδὸν]
1277 1211 1432 1249 Reunel.
1464 1211 1486 1248 !.
1513 1211 1534 1247 l.
1564 1224 1650 1263 pag.
1679 1211 1778 1258 407,

1113 1279 1269 1316 quocum
1297 1267 1386 1304 facit
1416 1267 1535 1314 Miot,
1575 1267 1666 1305 alter
1689 1267 1779 1304 Gal-

1112 1324 1168 1361 lus
1199 1324 1383 1361 Herodoti
1422 1325 1633 1375 interpreS‚
1683 1324 1780 1361 hunc

1114 1381 1327 1418 diurnorum
1371 1381 1541 1418 itinerum
1588 1393 1779 1418 numerum

1115 1450 1196 1474 esse
1219 1437 1375 1486 probum
1405 1442 1540 1486 negat,
1589 1450 1669 1474 cum
1688 1437 1781 1486 Scy-

1114 1494 1200 1531 thae
1231 1493 1347 1542 regii,
1390 1493 1537 1531 accolae
1568 1494 1780 1541 nomadum,

1114 1562 1136 1587 a
1156 1550 1287 1599 quibus
1311 1562 1386 1586 non
1407 1551 1476 1587 nisi
1498 1549 1641 1588 Gerrho
1671 1563 1781 1600 sepa-

1115 1607 1184 1643 rati
1212 1607 1303 1653 sint,
1343 1607 1530 1644 meridiem
1561 1619 1687 1644 versus
1718 1618 1781 1643 us-

1115 1676 1188 1712 que
1221 1663 1270 1698 ad
1289 1661 1484 1700 Tauricam
1508 1663 1781 1700 Chersonesum

1115 1718 1198 1766 (IV,
1218 1720 1292 1767 20)
1311 1719 1497 1768 pertinere
1515 1720 1703 1766 dicantur,
1730 1719 1782 1757 ita

1116 1780 1153 1812 ut
1173 1788 1194 1812 a
1216 1776 1470 1824 Borysthene,
1507 1787 1530 1812 a
1554 1776 1655 1812 cuius
1686 1776 1781 1812 ostio

1117 1833 1193 1869 fere
1237 1832 1360 1881 incipit
1400 1833 1676 1877 Chersonesus,
1723 1844 1783 1869 se-

1117 1888 1325 1938 ptendecim
1345 1888 1485 1925 dierum
1505 1889 1634 1925 itinere
1651 1889 1783 1925 remoti

1118 1957 1199 1982 esse
1221 1951 1420 1993 nequeant.
1467 1945 1594 1988 Quare
1614 1948 1783 1994 quatuor-

1119 2002 1229 2038 decim
1263 2001 1404 2037 dierum
1443 2001 1514 2038 iter
1551 2001 1589 2038 in
1633 2005 1783 2051 quatuor

1119 2059 1258 2095 dierum
1272 2058 1340 2094 iter
1352 2059 1477 2094 forsan
1488 2058 1783 2094 commutandum

1121 2127 1200 2153 esse
1217 2115 1421 2164 suspicatur
1440 2128 1475 2165 p.
1489 2114 1583 2155 409.
1612 2115 1654 2151 In
1672 2126 1783 2163 quam

1120 2171 1275 2209 eandem
1337 2171 1556 2208 sententiam
1612 2171 1785 2207 observat

1120 2240 1267 2277 quoque
1284 2227 1480 2264 Reichard.
1508 2227 1530 2264 l.
1551 2226 1575 2263 l.
1607 2238 1691 2276 pag.
1715 2228 1784 2274 27,

1120 2296 1327 2322 mensuram
1349 2284 1487 2320 dierum
1506 2281 1783 2332 quatuordecim

1121 2341 1167 2377 ab
1199 2340 1386 2376 occidente
1419 2340 1466 2375 ad
1494 2339 1671 2376 orientem
1703 2351 1784 2376 esse

1121 2396 1318 2442 maiorem,
1349 2407 1456 2443 quani
1482 2408 1578 2444 quae
1601 2409 1620 2433 e
1641 2395 1783 2445 mappis

1121 2452 1377 2503 geographicis
1396 2453 1485 2488 sumi
1507 2456 1639 2500 queat3
1678 2452 1784 2489 item—

1122 2522 1194 2558 que
1219 2508 1385 2545 VOlcker.
1403 2507 1426 2543 l.
1448 2507 1469 2544 l.
1491 2522 1577 2558 pag.
1598 2510 1677 2549 180
1699 2521 1783 2558 spa-

1123 2566 1213 2602 tium
1234 2565 1507 2613 quatuordecim
1530 2566 1671 2602 dierum
1698 2576 1785 2601 con-

1124 2621 1247 2659 venire
1266 2627 1398 2669 negat3
1430 2622 1481 2657 ita
1499 2626 1538 2658 ut
1553 2621 1609 2659 vel
1626 2633 1784 2658 errorem

1124 2679 1161 2715 in
1187 2678 1242 2714 his
1267 2678 1418 2715 subesse
1440 2682 1642 2715 statuamus
1660 2689 1786 2714 neces-

1126 2747 1165 2771 se
1185 2735 1253 2782 sit,
1295 2733 1350 2770 vel
1374 2734 1443 2771 alia
1466 2740 1565 2772 certe
1593 2735 1786 2782 minusque

1126 2790 1230 2828 solita
1268 2803 1436 2828 mensura
1463 2790 1645 2829 Nostrum
1683 2802 1786 2827 usum

1128 2860 1207 2885 esse
1227 2860 1414 2897 ponamus.
