1904 3304
565 255 910 296 THALIA.
969 256 1032 295 Ill.

1345 258 1428 298 115

158 367 206 411 ἐν
231 365 324 423 νόῳ
362 366 470 423 ἔχων
498 367 576 424 τὴν
614 368 818 423 ταχίστην
855 366 899 418 ἐς
927 368 1085 409 Σοῦσα
1115 363 1427 420 στρατεύεσθαι

128 438 228 482 skal
256 438 334 482 τὸν
362 438 539 495 Μάγον.

599 439 674 482 καί
712 439 757 481 οἱ
795 435 1129 493 ἀναθρώσκοντι
1158 436 1226 480 ἐπὶ
1254 435 1332 479 τὸν
1362 438 1428 479 ἴπ-

155 524 264 558 πον,
300 512 381 553 τοῦ
416 513 605 554 κουλεοῦ
644 513 724 553 τοῦ
762 510 907 563 ξίφεος
944 508 968 553 ὁ
998 507 1137 565 μύκης
1166 506 1481 552 &stenima-75

126 579 390 636 4γυμνωθὲν
429 580 475 625 δὲ
511 581 560 624 τό
597 582 721 637 ξίφος
750 583 868 624 παίει
896 579 976 623 τόν
1004 578 1158 635 μηρόν.
1217 596 1427 635 τρωματι-

157 652 279 703 σθεὶς
316 651 363 696 δὲ
400 652 509 696 κατὰ
549 657 679 697 τοῦτο
716 656 770 708 τῇ
809 650 941 702 αὐτὸς
978 650 1195 706 πρότερον
1227 650 1308 694 τόν
1336 654 1426 694 τῶν

155 806 229 844 τοῦ
263 807 434 844 κουλεοῦ
468 807 540 843 τοῦ
568 805 704 854 ξίφεος
739 801 762 842 ὁ

100 856 231 912 μύκης
262 856 500 911 α’ποπίπτει]
548 861 762 898 Transscri-

100 918 172 968 psit
184 919 285 964 haec,
298 924 471 956 monente
485 918 671 963 Valcken.,
686 917 760 953 Zo-

100 987 206 1011 naras
231 975 372 1012 Annall.
395 975 444 1011 lv
480 988 514 1025 p.
541 976 617 1014 127
638 974 683 1010 D.
704 994 760 1000 —

101 1027 277 1077 Κουλεὸς
296 1032 417 1068 Ionica
437 1031 551 1068 forma
571 1031 762 1067 exhibetur

98 1100 166 1137 pro
204 1085 341 1134 κολεός
379 1089 599 1135 (vagina);
647 1098 759 1135 quam

99 1144 216 1193 ipsam
233 1148 308 1181 tres
323 1145 402 1181 libri
422 1144 454 1180 h.
474 1144 493 1180 l.
516 1144 684 1181 afferunt.
720 1142 762 1179 ln

100 1213 189 1238 voce
217 1196 345 1251 μύκης
365 1201 579 1251 explicanda
602 1201 672 1237 iam
701 1212 763 1236 ve-

101 1261 198 1294 teres
224 1257 261 1293 in
291 1259 452 1294 diversas
477 1262 600 1306 partes
631 1257 763 1293 abiisse

101 1317 303 1349 monstrant
334 1326 427 1362 quae
460 1313 629 1361 leguntur
664 1312 763 1362 apud

102 1368 270 1406 Eustath.
301 1370 348 1406 ad
376 1369 477 1406 Iliad.
502 1369 532 1405 ll
561 1383 596 1419 p.
620 1371 715 1414 290,
738 1370 764 1407 2

104 1438 132 1461 S·
156 1427 258 1471 219,
281 1428 344 1465 27.
375 1425 584 1473 Etymolog.
611 1439 645 1475 p.
670 1423 764 1465 594.

103 1481 222 1518 Schol.
251 1482 298 1517 ad
322 1481 497 1518 Nicandri
518 1481 762 1532 Alexipliarm.

106 1539 196 1577 103.
226 1537 387 1574 Bekkeri
408 1539 570 1575 Anecdd.
590 1551 625 1588 p.
646 1539 762 1577 1399.

102 1593 181 1630 coll.
192 1593 334 1631 Berkel.
349 1594 396 1630 ad
414 1594 592 1644 Stephan.
608 1594 763 1641 Byzant.

103 1662 131 1686 s.
158 1662 192 1687 V.
225 1652 433 1700 Μυκῆναι.
492 1649 627 1699 Neque
654 1652 763 1696 enim,

102 1707 200 1755 quod
224 1707 441 1755 quibusdam
470 1706 617 1756 placuit,
649 1705 672 1745 ὁ
692 1702 765 1756 μύ-

102 1777 175 1812 κης
197 1762 230 1799 h.
251 1762 272 1799 l.
292 1762 471 1812 significat
489 1776 613 1799 ansam
629 1763 762 1811 gladii,

103 1831 131 1855 s.
164 1820 409 1865 manubrium,
449 1832 693 1868 quamquam,
724 1824 764 1856 ut

103 1875 245 1912 monuit
263 1875 552 1913 winckelmann.
565 1877 598 1913 O
602 1890 662 1926 pp.
676 1876 711 1913 Τ
714 1906 721 1912 .
732 1877 764 1912 V

103 1944 140 1981 p.
159 1932 226 1976 87,
239 1932 392 1980 vaginae
412 1935 570 1969 extrema
590 1938 627 1969 et
646 1932 763 1982 capuli

105 1999 243 2023 summa
268 2000 351 2037 pars
383 1988 419 2023 in
447 1989 603 2036 antiquis
633 1989 763 2036 gladiis

105 2042 212 2079 simili
244 2043 510 2093 propemodum
544 2046 608 2081 suit
637 2046 763 2081 forma.

104 2098 173 2136 Est
195 2100 318 2148 potius
349 2097 372 2138 ὁ
400 2095 548 2149 μύκης,
578 2106 618 2137 ut
642 2100 763 2137 Schol.

105 2155 154 2191 ad
173 2154 347 2193 Nicandr.
369 2156 388 2191 l.
408 2155 428 2192 l.
450 2158 614 2205 exponit,
635 2155 677 2195 τό
698 2172 764 2194 κα-

104 2213 284 2250 τακλεῖον
315 2208 390 2262 τήν
421 2209 578 2261 θήκην,
630 2213 765 2250 lumina

106 2271 292 2304 extremam
302 2271 392 2305 ensis
404 2271 571 2317 vaginam
585 2270 765 2315 claudens,

107 2337 134 2361 s.
162 2324 224 2360 cler
245 2324 371 2362 Deck-cl
395 2339 449 2361 am
475 2325 582 2362 Eudo
606 2327 667 2363 der
693 2327 765 2362 Dc-

106 2381 333 2433 gensclieicle,
365 2382 431 2418 clas
460 2382 635 2420 Ortband.
685 2383 766 2420 Nec

106 2437 209 2474 aliter
232 2437 343 2475 Italus
366 2444 402 2475 et
424 2439 630 2476 Germanus
655 2440 766 2476 inter-

105 2505 199 2542 pres.
239 2493 337 2531 Nam
356 2496 470 2543 fungo
490 2497 641 2534 cadente
655 2497 765 2533 Cam-

106 2548 204 2596 bysis
236 2550 376 2597 gladius
396 2553 528 2599 vagina
556 2554 622 2588 fuit
649 2555 765 2589 nuda-

108 2608 164 2640 tus
194 2605 363 2655 illumque
392 2609 498 2644 ferire
528 2610 659 2657 potuit.
703 2609 764 2645 Tu

108 2661 202 2697 conf.
231 2668 376 2711 praeter
399 2664 550 2700 nessei.
579 2671 615 2701 et
642 2665 764 2700 Valck.

108 2716 157 2753 ad
191 2716 225 2753 h.
254 2716 275 2753 l.
309 2718 478 2756 Creuzer.
512 2721 558 2756 ad
590 2721 766 2757 Hecataei

107 2772 274 2820 fragmm.
295 2787 328 2822 p.
343 2776 394 2812 77
415 2787 490 2823 seq.
508 2777 631 2824 ibique
648 2777 765 2813 Schol.

108 2828 238 2866 Venet.
258 2830 305 2866 ad
328 2829 427 2865 lliad.
442 2831 524 2877 XV,
546 2834 638 2872 302.
672 2833 767 2869 Pau-

109 2896 185 2922 san.
215 2886 262 2933 11,
293 2888 343 2926 16
369 2883 404 2935 ἓ.
426 2888 462 2926 3.
502 2887 603 2925 Idem
629 2889 766 2926 Pausa—

816 803 908 849 nias,
926 802 1142 840 observante
1162 802 1351 848 Valcken.,
1373 802 1402 847 Ι,
1426 801 1480 840 28

817 860 865 896 ad
903 859 1085 896 Herodoti
1136 858 1253 895 locum
1300 858 1480 908 respexit3

815 916 961 964 alioque
978 915 1056 952 loco
1078 915 1176 962 Vlll,
1194 917 1241 955 11
1266 911 1351 963 §.6,
1376 916 1482 951 Han-

817 971 928 1009 nibali
951 972 1060 1019 idem,
1084 972 1384 1021 quodCambysi,
1399 983 1482 1008 eve-

816 1028 914 1065 nisse
938 1029 1060 1065 tradit.

875 1083 1008 1134 ξίφος]
1039 1084 1151 1128 Quod
1168 1083 1330 1132 Mongez
1354 1082 1480 1131 (Mem.

820 1142 866 1179 de
884 1141 1022 1178 l'Instit.
1044 1141 1093 1178 lV
1121 1153 1205 1190 pag.
1228 1142 1291 1180 60.
1313 1142 1365 1181 62
1384 1138 1480 1190 seq.)

819 1198 993 1247 distingui
1010 1197 1087 1234 vult
1107 1198 1142 1233 in
1161 1197 1354 1234 Persarum
1372 1197 1481 1233 armis

819 1255 995 1302 gladium,
1018 1254 1167 1304 proprio
1190 1266 1299 1290 sensu
1320 1253 1482 1303 appella-

821 1318 897 1347 tum
923 1308 966 1349 τὸ
988 1312 1116 1359 ξίφος,
1148 1314 1183 1347 et
1214 1322 1337 1346 ensem
1365 1311 1480 1345 mino-

821 1380 918 1413 rem,
946 1368 1021 1405 sive
1041 1367 1259 1416 pugionem,
1291 1368 1481 1411 acinacem,

820 1428 861 1460 ut
872 1423 1006 1460 Persae
1023 1423 1214 1468 vocabant,
1234 1423 1404 1471 equidem
1416 1423 1483 1460 de-

820 1480 941 1517 sidero
955 1480 1173 1517 testimonia.
1193 1479 1289 1515 Nam
1308 1479 1376 1516 hoc
1390 1492 1482 1528 quo-

820 1549 892 1585 que
910 1536 988 1573 loco
1022 1535 1172 1584 intelligi
1202 1539 1325 1585 putem
1357 1548 1482 1572 ensem

820 1592 918 1629 illum
952 1592 1152 1637 minorem,
1192 1604 1300 1640 quem
1333 1591 1482 1638 Persae,

820 1654 915 1686 teste
934 1649 1129 1686 Herodoto
1151 1648 1231 1694 Vll,
1254 1650 1303 1688 61
1334 1652 1482 1696 gestare

822 1705 988 1742 solebant
1000 1706 1047 1742 ad
1060 1706 1226 1742 dextrum
1237 1705 1355 1742 femur
1371 1718 1391 1742 e
1406 1705 1482 1741 cin-

822 1762 907 1811 gulo
939 1775 1154 1812 suspensum
1192 1761 1268 1799 sive
1304 1763 1483 1798 acinacem

822 1819 942 1867 (quod
964 1819 1133 1869 pugionis
1155 1831 1270 1866 genus
1291 1819 1403 1855 fuisse
1429 1818 1482 1853 vi-

821 1876 961 1924 detur),
990 1888 1064 1924 quo
1096 1876 1176 1925 ipso
1207 1875 1325 1911 ornati
1352 1874 1482 1912 hodie-

823 1945 894 1980 que
909 1937 1122 1982 comparent
1137 1931 1267 1968 Persae
1286 1932 1322 1967 in
1342 1931 1482 1968 ruderi-

822 1989 890 2025 bus
912 1987 1209 2038 Persepolitanis.
1268 1987 1365 2025 Tum
1390 2000 1483 2036 quo-

820 2058 893 2093 que
914 2044 1051 2081 facilius
1072 2043 1222 2092 intelligi
1243 2044 1389 2093 poterit,
1407 2045 1483 2092 qui,

820 2100 1004 2150 pugionis,
1029 2113 1054 2136 s.
1075 2101 1242 2146 acinacis,
1265 2099 1398 2136 lamina
1418 2101 1483 2136 de-

822 2156 935 2206 lapsa,
949 2157 1139 2204 cambysis
1159 2157 1275 2192 femur
1297 2156 1391 2192 feriri
1413 2169 1482 2205 po-

821 2213 941 2249 tnerit.
1011 2213 1211 2262 Cambyses
1248 2212 1342 2249 enim
1381 2211 1483 2261 (sunt

822 2269 934 2305 verba
955 2268 1133 2306 Amniian.
1167 2268 1328 2305 Marcell.
1348 2268 1482 2313 XXlIl,

824 2327 868 2373 6)
879 2329 1035 2371 „suomet
1054 2326 1226 2375 pugione,
1248 2338 1356 2373 quem
1377 2329 1483 2374 apta-

821 2388 899 2418 tum
916 2383 1041 2419 femori
1054 2383 1183 2419 dextro
1205 2382 1388 2429 gestabat,
1399 2381 1482 2417 sub-

822 2439 872 2475 ita
893 2439 926 2475 vi
944 2439 1069 2476 ruinae
1090 2439 1250 2483 nudato,
1271 2437 1481 2474 vulneratus

820 2508 938 2544 paene
960 2495 1139 2533 lethaliter
1156 2495 1331 2531 interiit.“
1368 2495 1483 2530 Vete-

821 2564 900 2588 rum
921 2552 1131 2588 testimonia
1155 2552 1201 2588 de
1221 2552 1373 2587 Ace'nace
1397 2563 1483 2599 sup-

822 2608 1002 2658 peditabit
1028 2608 1192 2644 Brisson.
1217 2608 1265 2645 de
1283 2620 1358 2655 reg.
1382 2607 1482 2644 Pers,

821 2665 972 2715 princip.
997 2665 1057 2710 lll,
1078 2668 1103 2705 7
1126 2677 1202 2712 seq.
1234 2678 1270 2713 p.
1284 2665 1365 2703 632
1378 2676 1453 2710 seq.

880 2718 978 2759 κατὰ
997 2724 1112 2759 τοῦτο
1133 2719 1200 2774 τῇ]
1230 2720 1290 2756 Sic
1308 2720 1400 2755 insra
1420 2717 1482 2762 lll,

824 2779 897 2816 86:
928 2774 1028 2816 κατοὶ
1047 2780 1176 2820 τοῦτο,
1196 2776 1289 2815 ἵνα.
1321 2776 1384 2822 lll,
1406 2773 1483 2815 125

824 2834 884 2869 sin.
908 2832 947 2880 ἐς
970 2836 1100 2879 τοῦτο,
1133 2835 1202 2887 τῇ.
1245 2832 1382 2868 Similia
1404 2830 1485 2880 plu-

822 2890 914 2926 rima
930 2903 975 2928 ex
996 2890 1188 2928 Herodoto
1205 2888 1359 2938 praehet
1379 2888 1483 2923 Stru-

1207 2942 1266 2985 8,,
