1904 3304
409 284 466 322 6⁰
799 281 1267 320 HERODOTI

69 388 148 423 quod
167 396 273 415 munna
289 395 343 421 ge-

68 426 152 450 rant:
167 421 293 448 cons-ulti
306 421 344 449 de

67 457 150 495 regis
192 455 344 482 matrimo-

68 498 117 516 nio
136 498 201 516 cnm
227 497 342 521 sorore,

67 531 155 557 quam
182 523 291 549 iustum
313 528 343 549 et

67 561 186 583 cautum
221 564 341 590 respon—

65 598 131 617 sum
149 589 298 618 dederint.

401 402 484 435 σαν
520 390 736 445 πρότερον
772 394 870 446 τῇσι
917 388 1153 447 ἀδελφεῇσι
1203 390 1445 434 συνοικέειν
1490 391 1669 446 Πέρσαι.

401 460 577 519 ἠράσθη
607 466 708 519 μιῆς
747 465 835 504 τῶν
865 459 1091 517 ἀδελφεῶν
1121 461 1380 517 Καμβύσης,
1426 463 1499 506 καὶ
1526 463 1671 506 ἔπειτα

401 532 668 590 βουλόμενος
699 531 836 589 αὐτὴν
873 535 1027 587 γῆμαι,
1066 531 1133 575 ὅτι
1173 532 1255 576 οὐκ
1295 533 1463 594 ἐωθότα
1501 533 1726 578 {nevo-5865

399 603 621 662 ποιήσειν,
658 606 795 657 εἴρετο
829 605 1009 654 καλέσας
1038 602 1140 654 τούς
1172 607 1423 660 βασιληΐους
1453 605 1668 657 δικαστάς,

403 679 443 720 εἴ
477 679 541 728 τίς
570 677 657 720 ἐστι
687 674 876 718 κελεύων
906 673 1041 731 νόμος
1074 673 1151 717 τὸν
1179 674 1450 730 βουλόμενον
1481 675 1671 733 ἀδελφεῇ

373 748 656 792 δσυνοικὲειν.
737 747 790 789 Οἱ
831 746 875 790 δὲ
917 745 1137 802 βασιλήϊοι
1180 746 1378 788 δικασταὶ
1424 745 1670 802 κεκριμένοι

403 817 560 874 ἄνδρες
587 819 784 874 γίνονται
807 817 1032 874 Περσέων,
1062 817 1103 868 ἐς
1133 811 1186 861 οὗ
1217 814 1497 867 ἀποθάνωσι,
1531 816 1560 873 ἤ
1589 828 1669 873 σφι

346 1015 395 1052 go
436 1001 629 1052 perhibent
663 1002 854 1039 Persarum
897 1002 1008 1039 fuisse

346 1071 485 1097 morem
502 1071 581 1094 cum
600 1059 789 1104 matribus,
810 1059 1008 1104 sororibus,

347 1115 488 1153 filiabus
521 1115 806 1161 concumbendi,
846 1115 957 1164 idque
987 1128 1007 1152 e

346 1172 535 1209 Zoroastri
569 1170 650 1220 lege
687 1172 739 1209 ita
771 1172 1007 1208 constitutum

344 1229 466 1266 fuisse.
505 1228 617 1272 Quod
649 1240 866 1276 quamquam
892 1228 1007 1278 pluri-

346 1286 411 1322 bus
434 1284 694 1334 comprobatur
713 1284 905 1334 exemplis,
930 1283 1007 1320 vul-

345 1354 470 1389 garem
527 1345 649 1376 tamen
707 1352 1007 1388 communemque

345 1397 538 1434 Persarum
576 1397 686 1434 fuisse
728 1409 865 1433 morem
896 1401 1008 1445 negat

344 1452 527 1502 Anquetil.
551 1452 585 1488 in
603 1452 771 1503 Append.
793 1453 839 1489 ad
859 1452 1008 1489 Zenda-

343 1515 433 1547 vest.
455 1509 482 1555 1,
514 1511 532 1548 1
564 1522 600 1559 p.
621 1511 687 1549 71.
726 1509 833 1546 Plura
854 1509 945 1546 hanc
970 1510 1007 1546 in

344 1579 420 1603 rem
440 1566 582 1602 laudavi
603 1566 650 1603 ad
671 1566 819 1603 Ctesiae
838 1566 1004 1615 sragmm.

343 1635 430 1674 pag.
453 1624 503 1662 91
523 1634 625 1670 seqq.
646 1621 725 1658 coll.
757 1624 850 1668 199,
875 1623 1006 1671 quibus

345 1691 442 1716 nunc
467 1678 566 1714 addo
593 1678 797 1726 Schulting.
828 1680 1007 1729 lurisprn-

344 1736 447 1772 dent.
479 1733 655 1771 Anteiust.
682 1735 729 1771 ad
755 1736 839 1772 Gaii
872 1736 1005 1772 Institt.

345 1792 373 1838 Ι,
393 1789 418 1830 4
440 1788 475 1840 ἓ
495 1791 547 1831 35
569 1796 605 1828 et
625 1790 763 1828 lacobs.
784 1791 900 1829 Lectt.
919 1793 1005 1828 Sto-

346 1848 464 1885 benss.
498 1861 534 1897 p.
560 1846 636 1887 143
657 1861 758 1896 seqq.
781 1871 829 1875 ——
865 1849 1007 1885 Articu-

345 1904 418 1941 lum
442 1903 482 1942 οἱ
501 1908 585 1940 ante
607 1903 756 1953 Πέρσαι
774 1904 880 1953 vulgo
908 1906 1007 1955 posi-

344 1964 418 1997 tum
433 1989 442 2006 ,
464 1970 551 1997 'cuin
574 1965 724 1999 recentt.
747 1961 876 1999 abieci.
905 1961 1006 1998 Mat-

345 2017 444 2053 thiae
463 2030 542 2053 eum
561 2016 719 2054 retinuit.

401 2071 566 2119 καλέσας
584 2070 677 2119 τούς
698 2074 929 2124 βασιληΐους
949 2074 1006 2112 δι-

344 2127 506 2179 καστάς]
548 2130 588 2166 ln
619 2131 802 2167 Sancrosti
839 2131 928 2167 libro
963 2144 1005 2167 ac

343 2186 640 2234 vindobonensi,
683 2188 780 2237 apud
802 2187 938 2223 Vallam
968 2192 1004 2224 et

341 2243 500 2291 Hesych.
522 2256 549 2278 s.
572 2256 604 2277 v.
626 2244 799 2291 βασιλεῖς
824 2244 1004 2280 invenitur

340 2296 434 2344 τούς
473 2299 706 2347 βασιληΐους
739 2298 1002 2348 καλεομένους

341 2350 538 2400 δικαστάς.
606 2356 725 2391 Gaiss.
762 2358 904 2391 confert
939 2356 1002 2402 ΙΙΙ,

342 2412 405 2451 14.
425 2409 503 2456 Vll,
528 2410 616 2452 194.
645 2411 739 2447 Add.
763 2412 807 2455 Υ,
828 2412 891 2452 25.
924 2411 1002 2447 Alia

339 2471 502 2504 veterum
533 2467 740 2503 testimonia
772 2468 818 2504 ‹le
847 2468 914 2504 hoc
943 2481 1001 2505 re-

340 2524 480 2572 giorum
508 2523 662 2559 iudicum
687 2523 838 2560 concilio
866 2537 1001 2572 suppe-

340 2580 471 2616 ditabit
500 2579 660 2615 Brisson.
700 2580 747 2617 de
774 2593 849 2628 reg.
882 2581 1000 2616 Pcrss.

339 2636 494 2686 princip·
518 2635 530 2670 l
552 2634 576 2685 ἓ
611 2638 700 2675 132.
726 2637 826 2681 133·,
870 2637 1000 2684 quihus

341 2691 616 2737 add,Esther.l,
631 2694 691 2731 13.
722 2692 832 2735 Quod
849 2692 1000 2741 eMagis

342 2748 454 2785 fuisse
485 2748 724 2798 compositum
764 2748 1002 2797 probabiliter

342 2804 471 2841 statuit
479 2803 635 2841 Heeren.
651 2804 773 2841 ldeen.
787 2804 799 2840 1
814 2805 933 2854 p.458
945 2818 1001 2854 sq.

343 2860 436 2897 Cum
466 2861 560 2896 enim
591 2860 784 2909 Magorum
814 2861 1001 2911 disciplina

342 2929 415 2954 non
444 2917 562 2954 minus
587 2917 634 2954 ad
663 2916 795 2954 cultum
818 2922 856 2955 et
885 2930 1001 2964 sacra,

1065 1013 1173 1050 quam
1198 1001 1245 1038 ad
1275 1014 1419 1039 omnem
1436 1000 1629 1038 Persarum
1648 1013 1724 1038 rem

1064 1058 1245 1108 publicam
1284 1063 1490 1108 spectaret,
1527 1057 1660 1106 Magos
1688 1062 1726 1095 et

1065 1115 1271 1151 sacerdotes
1288 1119 1326 1151 et
1341 1114 1475 1151 iudices
1493 1126 1726 1162 summosque

1064 1172 1162 1220 regis
1181 1171 1400 1207 consiliarios
1419 1172 1540 1216 fuisse,
1572 1171 1726 1207 maxime

1064 1233 1120 1264 est
1154 1233 1450 1265 consentaneum.
1496 1226 1636 1276 Septem
1661 1239 1727 1263 au-

1064 1290 1136 1320 tem
1159 1284 1239 1319 illos
1260 1284 1370 1320 fuisse
1389 1295 1538 1320 numero
1561 1283 1726 1333 suspicor

1065 1352 1110 1376 ex
1136 1340 1201 1385 iis,
1242 1352 1337 1388 quae
1358 1341 1456 1389 apud
1477 1339 1641 1376 Brisson.
1663 1338 1685 1376 l.
1702 1338 1726 1376 l.

1065 1394 1102 1448 ἓ.
1130 1398 1207 1436 133
1229 1396 1340 1432 allata
1358 1395 1516 1432 invenio.

1121 1451 1161 1498 ἐς
1194 1446 1243 1490 οὗ
1277 1447 1515 1490 ἀποθάνωσι
1545 1466 1580 1489 κ.
1611 1465 1643 1489 τ.
1670 1450 1721 1502 λ.]

1063 1507 1121 1545 Ad
1155 1507 1194 1553 ἐς
1227 1502 1275 1547 οὗ
1296 1510 1392 1546 conf.
1423 1513 1516 1545 nott.
1547 1508 1594 1544 ad
1623 1507 1647 1554 Ι,
1670 1510 1723 1549 67

1064 1569 1102 1602 et
1137 1565 1184 1602 de
1220 1566 1454 1602 coniunctivis
1485 1559 1725 1603 ἀποθάνωσι

1064 1627 1101 1658 et
1123 1623 1357 1675 παρευρεθῇ
1374 1626 1466 1658 nott.
1483 1622 1529 1658 ad
1549 1621 1575 1667 Ι,
1593 1622 1641 1660 19
1661 1621 1723 1658 fin.

1062 1678 1236 1715 Voculam
1265 1676 1342 1728 μή,
1380 1690 1488 1727 quam
1509 1676 1642 1714 Aldina
1669 1679 1724 1715 in-

1063 1736 1178 1772 seruit
1212 1740 1298 1772 ante
1338 1735 1590 1788 παρευρεθῇ,
1638 1747 1722 1784 prc-

1063 1791 1174 1829 bante
1193 1791 1339 1841 Toupio
1357 1792 1393 1827 in
1414 1790 1594 1828 Emendd.
1619 1791 1723 1828 Suid.

1063 1848 1114 1885 lll
1139 1860 1222 1898 pag.
1240 1848 1322 1889 325
1345 1848 1401 1884 ed.
1421 1847 1545 1897 Lips.‚
1575 1847 1724 1885 minime

1062 1907 1287 1954 recepimus,
1327 1917 1407 1941 cum
1430 1904 1550 1942 obstet
1565 1905 1724 1954 optimo-

1062 1975 1141 1998 rum
1165 1961 1338 1998 librorum
1359 1962 1566 1998 auctoritas.
1587 1981 1644 1987 —-
1663 1959 1723 1997 Ad

1062 2019 1177 2068 ipsam
1195 2031 1268 2055 rem
1290 2018 1414 2054 confer
1432 2017 1480 2053 sis
1494 2046 1504 2063 ,
1535 2029 1631 2066 quae
1643 2016 1724 2064 Vll,

1066 2074 1156 2115 194.
1190 2075 1234 2121 V,
1262 2074 1329 2121 25,
1361 2078 1586 2111 enarrantur.
1643 2072 1724 2110 Nec

1063 2130 1131 2167 alio
1151 2132 1261 2168 modo
1292 2144 1385 2167 nunc
1405 2134 1517 2179 atque
1540 2134 1647 2171 antea
1668 2129 1720 2166 ius

1062 2188 1217 2225 exerceri
1244 2187 1343 2237 apud
1361 2187 1490 2224 Persas
1517 2189 1723 2222 monstrant

1062 2257 1126 2290 ea,
1159 2257 1251 2292 quae
1269 2248 1392 2279 narrat
1412 2242 1557 2279 Morier.
1580 2242 1625 2287 ll,
1642 2244 1720 2283 103

1059 2305 1155 2337 teste
1188 2300 1346 2336 Heeren.
1373 2299 1395 2335 l.
1415 2298 1435 2334 l.
1466 2321 1514 2325 —
1546 2299 1585 2334 In
1616 2311 1719 2347 seqq.

1060 2355 1267 2406 ἐξηγηταὶ,
1305 2356 1366 2403 qui
1399 2354 1486 2390 alias
1525 2360 1607 2391 sunt
1638 2354 1722 2391 reli-

1059 2414 1206 2461 gionum
1227 2424 1254 2447 s.
1281 2424 1464 2447 sacrorum
1483 2412 1719 2460 interpreteS,

1058 2469 1279 2505 somniorum
1312 2468 1398 2504 inde
1430 2468 1652 2504 divinatores
1683 2472 1721 2504 et

1059 2524 1296 2574 explicatores
1315 2522 1377 2573 (cf.
1402 2524 1426 2569 l,
1449 2521 1543 2575 97),
1561 2523 1720 2560 hocloco

1059 2581 1176 2629 legum
1209 2581 1328 2629 potins
1349 2586 1460 2629 atque
1481 2582 1720 2617 institutorum

1059 2643 1143 2674 sunt
1163 2639 1378 2686 interpretes,
1397 2637 1457 2685 qui
1477 2636 1573 2685 leges
1591 2642 1626 2674 et
1644 2638 1720 2674 iura

1058 2706 1175 2742 aeque
1205 2706 1247 2730 ac
1275 2705 1377 2729 sacra
1407 2694 1543 2730 habent
1571 2695 1719 2742 cognita

1057 2750 1215 2798 indeque
1246 2750 1510 2786 sciscitantibus
1540 2755 1602 2786 aut
1632 2763 1718 2787 con-

1057 2806 1254 2843 sulentibus
1289 2806 1513 2855 respondere
1553 2811 1717 2857 possunt.

1058 2861 1119 2899 Tu
1151 2862 1223 2898 vid.
1255 2861 1447 2899 Ruhnken.
1492 2863 1539 2899 ad
1573 2862 1716 2900 Timaei

1058 2918 1146 2956 Lex.
1168 2917 1260 2955 Plat.
1286 2931 1370 2970 pag.
1399 2923 1473 2959 111
1502 2931 1578 2969 seq.
