1904 3304
429 210 1103 250 MELPOMENE.1V.

1312 215 1391 255 451

141 321 211 375 ἴση
241 318 283 370 ἐξ
307 317 487 372 “Ηραιόυ
525 333 567 360 τε
605 317 753 370 πόλιος
792 324 865 375 τῆς
901 319 1019 374 παρὰ
1053 322 1280 378 Περίνθῳ,
1319 323 1393 364 καὶ

140 390 182 440 ἐξ
218 387 501 444 Ἀπολλωνίης
544 392 621 445 τῆς
660 388 706 431 ἐν
748 393 806 445 τῷ
836 389 1029 447 Εὐξείνῳ
1060 388 1235 448 Πόντῳ,
1273 393 1394 435 δυῶν

111 458 332 516 4ἡμερέων
373 459 561 516 ἑκατέρη.
621 459 786 503 ἐκδιδοῖ
824 460 869 503 δὲ
908 459 932 503 ὁ
978 461 1138 517 Τέαρος
1180 457 1308 514 οὗτος
1349 463 1391 514 ἐς

137 532 212 574 τόν
242 529 545 574 Κοντάδεσδον
580 528 785 585 ποταμόν.
845 529 867 573 ὁ
908 530 953 574 δὲ
985 531 1307 585 Κοντάδεσδος,
1349 533 1392 584 ἐς

135 706 173 754 ἐξ
206 706 367 757 Ἡραίου
406 721 444 746 τε
484 703 625 755 πόλιος
664 710 734 758 τῆς

79 761 184 813 παρά
232 763 449 816 Περίνθῳ]
502 764 734 814 Heraeupolz's

79 819 162 856 urbs
191 819 336 857 aliunde
370 833 442 857 non
469 826 566 857 nota.
609 821 732 864 Quare

79 876 242 912 Perinthi
264 877 470 913 suburbium
491 877 599 914 fuisse
612 877 730 925 suspi-

77 936 176 968 catur
195 931 378 969 Mannert.
398 933 464 969 Vll
484 927 520 982 p.
543 935 620 973 177
634 962 644 979 ‚
676 933 733 968 Iu-

76 988 179 1023 nonis
217 988 352 1038 templo
392 989 533 1036 insigne
572 989 730 1037 indeque

77 1044 383 1091 cognominatum.
440 1044 626 1082 Voemelio
665 1057 730 1081 au-

76 1104 175 1137 ctore
206 1100 274 1147 (ad
300 1100 538 1138 Demosthen.
572 1100 728 1150 Philipp.

74 1167 109 1204 p.
131 1156 204 1203 97)
234 1157 329 1194 idem
361 1163 417 1193 est
437 1161 546 1205 atque
568 1155 728 1206 ΓΗραῖον

75 1214 218 1260 τεῖχος,
250 1225 279 1249 s.
310 1211 494 1249 Iunonium
526 1212 728 1259 Castellum,

74 1267 245 1304 Perintho
264 1271 486 1317 proximum,
516 1270 562 1305 ad
584 1269 728 1319 Bospo-

0 1335 4 1347 ¹
73 1334 149 1358 rum
201 1328 236 1360 et
275 1324 493 1373 Byzantium
547 1330 726 1374 spectans

75 1377 285 1426 Perinthus,
331 1393 350 1416 a
384 1381 514 1417 Samiis
551 1381 598 1418 ad
637 1380 727 1417 Pro-

72 1436 261 1483 pontidem
300 1437 447 1473 condita
484 1438 726 1487 maximopere

72 1489 129 1526 vel
148 1490 396 1528 Romanorum
417 1498 538 1529 aetate
559 1494 725 1530 floruisse

70 1546 183 1582 fertur
202 1547 390 1596 primaque
412 1548 591 1585 Thraciae
617 1550 725 1585 exsti-

70 1601 112 1637 tit
142 1602 251 1648 urbs,
281 1609 436 1654 excepta
465 1604 726 1640 Constantino-

69 1656 154 1707 poli.
185 1657 217 1694 A
237 1664 366 1707 quarto
388 1660 472 1697 inde
493 1659 634 1697 saeculo
646 1660 723 1697 He-

70 1713 207 1750 racleae
240 1728 373 1753 nomen
413 1717 573 1766 accepit;
629 1730 725 1754 nunc

70 1774 218 1806 vocatur
234 1770 364 1808 Erelclz'
380 1784 408 1808 s.
427 1772 571 1820 Elegrz'.
613 1773 722 1810 Plura

68 1823 251 1863 Mannert.
296 1827 319 1864 l.
359 1827 382 1864 l.
423 1833 461 1866 et
498 1829 722 1878 potissimum

69 1880 280 1919 Tzschucke
310 1885 357 1921 ad
385 1883 472 1921 Mel.
494 1885 551 1931 11,
580 1887 605 1924 2
634 1898 721 1935 pag.

71 1939 148 1977 102
191 1950 293 1986 seqq.
336 1944 430 1976 nott.
472 1954 600 1990 exegg.
642 1941 721 1978 Vol.

69 1992 118 2028 111
139 1993 179 2029 P.
200 1993 245 2029 ΙΙ.

106 2046 146 2094 ἐξ
158 2043 418 2099 Ἀπολλωνίης
429 2053 501 2101 τῆς
515 2049 557 2090 ἐν
573 2053 630 2103 τῷ
642 2047 723 2090 Ev’-

70 2103 185 2157 ξείνῳ
200 2101 358 2157 Πόντῳ]
382 2105 500 2144 Verba
521 2109 591 2157 τῆς
605 2107 648 2146 ἐν
668 2110 723 2159 τῷ

71 2155 250 2214 Εὐξείνῳ
266 2159 409 2215 Πόντῳ
433 2165 597 2200 consulto
617 2164 722 2200 addi-

69 2220 107 2252 ta
125 2221 268 2266 putem,
303 2231 349 2255 ne
370 2219 504 2257 scilicet
523 2221 723 2257 confunde-

72 2277 169 2309 retur
195 2273 284 2311 haec
310 2274 497 2323 Apollonia
532 2289 612 2312 cum
644 2276 722 2313 aliis

72 2328 234 2366 eiusdem
269 2332 422 2368 nominis
451 2332 595 2369 urbibus
623 2345 721 2369 com-

70 2383 228 2432 pluribus
240 2413 252 2432 ,
283 2399 375 2435 quae
394 2389 502 2424 variis
520 2387 605 2425 locis
621 2402 718 2425 com-

71 2446 322 2478 memorantur.
360 2444 507 2481 Haecce
532 2445 720 2494 Apollonia

71 2495 117 2530 ad
164 2508 263 2534 oram
298 2500 567 2538 meridionalem
607 2502 719 2547 sinus,

70 2550 133 2598 qui
170 2563 264 2588 nunc
293 2554 338 2590 ab
366 2556 454 2594 urbe
480 2557 621 2605 Burgas
649 2557 720 2594 illic

71 2612 141 2642 sita
168 2619 299 2644 nomen
329 2611 485 2658 invenit,
515 2625 536 2649 a
567 2613 718 2651 Milesiis

72 2664 333 2711 quinquaginta
369 2668 443 2704 fere
471 2674 554 2706 ante
582 2671 718 2718 Cyrum

71 2718 175 2753 annis
211 2721 355 2757 condita
390 2723 426 2759 in
466 2737 574 2773 parva
605 2726 719 2764 insula

70 2774 267 2811 continenti
303 2780 419 2815 terrae
453 2780 593 2827 iuncta,
633 2795 718 2819 mox

71 2831 226 2866 omnium
237 2832 311 2869 sere
321 2833 538 2874 coloniarum
548 2838 594 2874 ad
608 2837 718 2876 Ponti

790 707 1050 744 occidentalem
1080 722 1179 746 oram
1200 711 1347 746 sitarum
1371 722 1446 746 ma-

789 763 881 800 xime
910 764 1041 800 floruit.
1101 766 1176 802 Sed
1211 766 1258 803 ab
1288 779 1331 803 eo
1361 766 1447 803 inde

789 823 975 868 tempore,
1005 832 1077 868 quo
1103 832 1124 856 a
1151 820 1203 857 M.
1230 822 1366 859 Crasso
1392 822 1447 858 di·

788 879 869 911 ruta
900 879 974 920 est,
1021 879 1177 913 veterem
1209 881 1343 914 statum
1371 890 1446 914 non

788 931 1035 980 recuperavit,
1095 934 1306 980 praesertim
1367 947 1445 970 cum

786 985 982 1023 Anchialus
1023 1000 1138 1036 prope
1177 989 1247 1025 sita
1284 1002 1328 1026 eo
1368 1002 1443 1025 ma-

786 1043 843 1091 gis
899 1043 1028 1079 florere
1078 1043 1264 1093 inciperet.
1337 1044 1446 1082 Nunc

785 1098 856 1135 illic
875 1099 1049 1148 oppidum
1074 1099 1235 1136 Sizebolz'
1254 1100 1347 1138 bene
1366 1113 1445 1138 mu-

785 1155 899 1191 nitum
955 1156 1178 1205 egregioque
1228 1157 1445 1194 instructum

783 1215 904 1261 portu.
936 1210 1094 1248 Plurima
1106 1212 1352 1250 Tzschuckel.
1365 1212 1385 1249 l.
1406 1227 1444 1264 p.

784 1267 837 1308 95
857 1279 933 1315 seq.
977 1268 1034 1304 Cf.
1056 1267 1240 1305 Mannert.
1262 1268 1328 1305 Vll
1355 1282 1443 1320 pag.

787 1321 865 1363 144
887 1335 963 1371 seq.

840 1377 879 1424 ἐς
898 1375 967 1416 τόν
986 1372 1281 1429 Κοντάδεσδον]
1305 1378 1439 1426 Nemo,

782 1439 958 1482 quantum
969 1435 1055 1480 scio,
1074 1434 1163 1471 alius
1184 1436 1337 1485 scriptor
1351 1435 1443 1473 Con-

782 1490 923 1527 tadesclz·
951 1492 1171 1527 mentionem
1197 1492 1303 1537 fecit,
1334 1505 1442 1541 quem

780 1546 1046 1595 Hadrianopoli
1094 1547 1441 1597 Constantinopolin

781 1601 1093 1651 proficiscentibus
1114 1603 1365 1640 traiicieudum
1384 1617 1442 1641 es-

781 1670 821 1694 se
850 1659 991 1694 coniicit
1014 1657 1196 1695 Mannert.
1220 1659 1286 1696 VII
1315 1672 1353 1709 p.
1376 1662 1441 1700 16.

782 1714 808 1750 Ι.
841 1714 888 1751 de
919 1714 1105 1751 Hammer.
1136 1713 1158 1750 l.
1185 1714 1208 1751 l.
1243 1728 1327 1766 pag.
1358 1716 1441 1757 645

780 1782 860 1807 eum
880 1783 974 1807 nunc
991 1771 1059 1807 dici
1083 1770 1348 1808 Katsckukdere
1367 1777 1441 1810 tra-

781 1826 847 1863 dit.
897 1826 1038 1864 Eodem
1063 1827 1262 1865 Hammero
1291 1832 1439 1866 auctore

779 1882 980 1930 Agrianes,
1029 1884 1089 1932 qui
1127 1885 1228 1933 apud
1269 1890 1440 1934 posterae

780 1939 908 1975 aetatis
928 1939 1121 1988 scriptores
1142 1941 1289 1977 nomine
1299 1940 1440 1989 Ergz'nz'

781 1996 954 2042 occurrit,
982 1994 1092 2032 hodie
1111 2001 1258 2033 vocatur
1273 1996 1438 2033 Erzenek

780 2063 812 2088 s.
834 2050 1021 2099 Erganelu
1044 2050 1196 2088 Erkene.
1227 2051 1323 2088 Add.
1344 2053 1438 2090 Gat-

779 2110 888 2143 terer.
908 2106 930 2143 l.
950 2106 973 2144 l.
994 2119 1078 2156 pag.
1093 2107 1158 2146 42.
1189 2108 1363 2145 Miscetur
1378 2107 1437 2146 ille

779 2161 915 2210 aliquot
944 2162 1110 2200 milliaria
1140 2164 1326 2201 meridiem
1354 2177 1435 2201 ver-

780 2230 840 2254 sus
872 2219 918 2255 ab
942 2218 1208 2269 Hadrianopoli
1228 2220 1339 2256 fluvio
1357 2220 1436 2258 He-

778 2274 868 2320 bro,
907 2275 969 2324 qui
1011 2276 1186 2312 maximus
1225 2277 1301 2314 fere
1340 2276 1437 2314 inter

778 2329 958 2368 Thraciae
976 2344 1099 2368 amnes
1118 2333 1181 2379 (cf.
1200 2332 1338 2369 Herod.
1354 2332 1434 2380 Vll,

778 2386 845 2431 59)
906 2400 1002 2424 nunc
1051 2392 1200 2425 vocatur
1242 2387 1433 2432 Maritum

776 2455 885 2491 quam
904 2443 1182 2494 appellationem
1206 2444 1275 2482 iam
1299 2445 1433 2482 saeculi

776 2499 906 2537 decimi
927 2500 1022 2537 tertii
1040 2501 1270 2550 scriptoribus
1288 2502 1435 2550 Byzan-

776 2555 859 2592 tinis
871 2557 907 2592 in
918 2569 985 2593 usu
1003 2558 1113 2595 fuisse
1130 2558 1302 2594 videmus.
1334 2558 1431 2604 Vid.‚

776 2624 822 2648 ne
849 2612 972 2661 plura,
1004 2613 1185 2651 Mannert.
1214 2614 1280 2649 Vll
1309 2627 1344 2663 p.
1369 2614 1430 2654 14.

774 2688 828 2694 -—
857 2669 974 2705 Aenus
1001 2670 1088 2707 urbs
1120 2671 1165 2707 ab
1190 2668 1431 2707 Aeolensibus

774 2725 941 2772 condita,
973 2726 1041 2763 sub
1062 2725 1256 2764 Alexandri
1288 2739 1430 2763 succes-

774 2781 914 2818 soribus
948 2786 984 2819 et
1011 2782 1065 2820 vel
1094 2788 1226 2832 postea
1252 2782 1430 2830 Byzanti-

773 2849 898 2874 norum
928 2843 1050 2877 aetate
1078 2839 1232 2876 maxime
1266 2839 1430 2875 floruisse

1114 2893 1205 2935 29*
