1904 3304
51 425 116 470 92

575 234 1050 275 THALlA.111.

1369 240 1451 278 167

176 352 252 404 λης
281 347 474 390 Κισσίων
505 345 671 402 χώρης,
709 345 961 403 τριηκόσια·
1018 344 1154 401 νομὸς
1193 343 1352 400 ὄγδοος
1381 341 1453 390 οὗ·

173 436 259 470 τος.

176 492 329 546 συρίης
351 522 362 541 ,

174 563 246 607 καὶ
291 562 444 611 παῖδες
495 561 690 616 ἐκτομίαι
742 558 1047 603 πεντακόσιοι·

382 631 486 675 Ἀπὸ
529 632 575 675 δὲ
615 630 896 688 Ἀγβατάνων
932 631 1005 675 καὶ
1042 633 1118 686 τῆς
1155 633 1310 687 λοιπῆς
1346 633 1452 686 Μη-

147 642 166 675 Q
181 629 322 686 οὗτος.

119 786 165 822 tis
183 784 324 835 repleta
346 784 504 833 indeque
524 785 601 822 fere
620 783 785 833 incogni-

119 848 158 880 ta
182 841 456 879 recentioribus.

321 898 429 948 Cap.
461 896 576 934 XCII.

175 952 243 992 καὶ
274 956 346 1004 τῆς
381 955 524 1003 λοιπῆς
560 948 783 1002 Ἀσσυρίης]

119 1009 359 1060 Babyloniam
377 1016 486 1059 atque
499 1012 688 1060 Assyriam
699 1022 786 1059 pro-

119 1068 254 1105 miscue
290 1068 357 1104 dici
371 1097 381 1114 ‚
426 1068 498 1104 iam
540 1078 650 1118 supra
677 1067 725 1103 ad
754 1066 782 1112 I,

121 1126 203 1165 192
236 1124 505 1161 observavimus
543 1129 581 1161 et
610 1124 785 1160 observat

117 1180 152 1217 h.
175 1180 198 1216 l.
224 1180 383 1218 Rennel.
404 1194 441 1230 p.
460 1179 565 1227 497,
595 1178 783 1229 Assyriam

119 1238 220 1286 apud
238 1238 471 1274 Herodotum
506 1235 694 1285 complecti
715 1237 783 1272 As-

120 1294 251 1341 syriam
273 1294 420 1344 proprio
442 1306 562 1339 sensu,
579 1304 674 1341 quae
694 1292 784 1328 dici-

119 1355 200 1395 tur,
230 1351 393 1399 Syriam,
425 1349 731 1399 Mesopotamiam
748 1352 786 1386 et

117 1406 370 1455 Babyloniam.
403 1406 462 1444 Tu
485 1406 582 1442 conf.
604 1406 633 1452 Ι,
657 1406 736 1445 192
750 1409 787 1442 et

118 1463 200 1509 Ul,
224 1465 288 1503 63.

175 1519 314 1564 παῖδες
360 1517 596 1569 ἐκτομίαι
642 1532 785 1557 πεντα-

116 1570 262 1624 κόσιοι]
297 1575 556 1612 Eunuchorum
578 1575 784 1612 institutum

117 1644 139 1668 a
176 1631 390 1681 Babyloniis
424 1632 555 1669 Persas
599 1632 784 1681 accepisse

116 1688 330 1726 Hellanicus
370 1693 496 1725 auctor
538 1694 638 1735 erat,
687 1693 783 1725 teste

117 1744 266 1782 Donato
296 1746 333 1782 in
368 1745 522 1782 Terent.
556 1745 720 1781 Eunuch.
754 1744 782 1791 1,

119 1804 158 1847 2,
185 1803 253 1849 87,
275 1803 371 1839 unde
391 1803 467 1839 iure
488 1801 633 1850 colligas
660 1802 782 1850 Baby-

117 1857 234 1894 lonios
265 1858 419 1895 crudelis
448 1859 557 1895 moris
579 1858 634 1895 vel
659 1863 783 1894 aucto-

120 1927 177 1950 res
199 1915 345 1950 omnino
366 1915 479 1951 fuisse
501 1915 557 1952 vel
578 1920 674 1951 certe
691 1914 784 1950 mul-

120 1975 199 2007 tum
219 1970 254 2006 in
280 1983 323 2007 eo
347 1971 568 2020 praestitisse
590 1971 667 2007 aliis
691 1984 784 2019 gen-

120 2027 229 2062 tibus.
284 2026 364 2063 Nec
393 2027 548 2064 alienum
573 2027 641 2063 hoc
662 2028 708 2063 ab
729 2029 783 2064 ef-

119 2084 261 2120 frenata
295 2083 579 2132 Babyloniorum
621 2083 782 2130 libidine,

119 2140 167 2176 de
185 2152 256 2188 qua
273 2140 346 2176 vid.
368 2153 463 2188 quae
483 2140 604 2176 attulit
623 2140 783 2177 Miinter.

117 2195 174 2233 De
196 2196 299 2244 relig.
319 2196 495 2244 Babylon.
514 2209 598 2246 pag.
616 2197 682 2236 73.

169 2247 268 2291 'And
291 2250 334 2291 δὲ
352 2247 606 2305 Ἀγβατάνων
625 2251 691 2290 καὶ
712 2254 784 2302 τῆς

119 2311 263 2358 λοιπῆς
287 2310 480 2359 ΙΠηὸικῆς
493 2325 525 2351 κ,
540 2325 570 2348 τ.
593 2308 641 2359 L]
676 2309 783 2346 Hanc

118 2367 408 2415 praefecturam,
438 2367 532 2403 intra
550 2366 725 2416 Caspium
745 2372 783 2403 et

119 2422 300 2459 Persicum
326 2435 426 2461 mare
448 2424 573 2470 sitam,
612 2427 650 2460 et
670 2423 784 2459 ambi-

120 2482 158 2514 tu
177 2483 213 2515 et
231 2479 320 2517 coeli
339 2479 479 2529 solique
500 2480 727 2530 praestantia
746 2480 782 2515 in

121 2534 264 2583 optimis
276 2537 466 2585 provinciis
483 2537 689 2573 habendam
702 2548 783 2573 esse

122 2596 245 2627 monet
263 2592 417 2631 Rennel.
436 2593 457 2629 l.
481 2593 501 2630 l.
526 2607 559 2643 p.
575 2594 668 2633 500.
700 2591 783 2628 lise-

123 2645 219 2682 (liam
250 2648 345 2684 idem
378 2649 454 2686 vult
479 2649 672 2688 Herodoto
702 2662 782 2685 eam

122 2714 216 2748 esse,
248 2715 341 2751 quae
358 2706 511 2755 posthac
526 2706 687 2754 Magnae
700 2705 783 2742 Me-

120 2758 203 2795 diae
225 2761 402 2809 acceperit
420 2762 715 2812 appellationem,
744 2767 782 2799 et

119 2827 215 2863 quae
249 2828 344 2853 nunc
363 2822 511 2855 vocetur
535 2819 618 2855 Irak
638 2818 781 2865 Aiami3

119 2884 215 2921 quae
235 2871 362 2911 Media
392 2874 510 2911 minor
529 2888 558 2913 s.
582 2874 781 2927 Atropate-

321 415 425 463 Ἀπὸ
466 421 737 474 Βαβυλῶνος
787 418 853 466 ab,

446 487 561 545 χίλιά
625 491 668 532 οἱ
731 487 911 544 προσήϊε
968 487 1157 532 τάλαντα
1216 485 1452 542 ἀργυρίου,

914 417 987 461 καὶ
1035 420 1110 472 τῆς
1164 419 1320 471 λοιπῆς
1365 414 1509 459 'Aa-55

1107 557 1244 615 νομὸς
1281 559 1453 609 εἴνατος

845 795 891 820 ne
910 787 1041 832 postea
1062 786 1191 819 vocata
1214 782 1260 819 sit
1280 784 1316 818 et
1335 794 1432 818 nunc
1453 781 1510 818 di-

845 844 948 876 catur
966 839 1205 885 Aderbidian,
1236 851 1316 875 eam
1337 838 1511 875 Herodo-

843 901 883 932 to
910 909 990 933 esse
1011 895 1210 933 Marionem..
1259 894 1318 932 De
1345 894 1511 931 Ecbata-

843 954 921 997 nis,
953 965 1049 1001 quae
1068 952 1154 988 urbs
1175 952 1211 988 in
1231 951 1509 1001 septentrionali

842 1009 1052 1060 provinciae
1081 1013 1185 1059 parte
1214 1013 1294 1046 erat
1327 1008 1416 1054 sita,
1453 1008 1509 1044 di-

842 1066 955 1102 ximus
989 1066 1037 1102 ad
1064 1065 1100 1112 l,
1133 1067 1206 1112 98,
1240 1064 1300 1100 ubi
1328 1065 1440 1101 etiam
1462 1065 1509 1102 de

841 1122 1020 1172 scriptura
1050 1122 1157 1159 vocis.
1215 1120 1427 1158 Paricanz'os
1450 1134 1510 1158 re-

841 1180 931 1216 ctius
949 1179 1017 1215 dici
1032 1178 1269 1215 Paretaceuos
1284 1179 1398 1227 (quae
1416 1190 1508 1226 gens

842 1236 878 1272 in
913 1235 1078 1272 confiniis
1116 1236 1223 1272 huius
1255 1236 1509 1285 praefecturae

843 1292 1083 1329 orientalibus
1110 1305 1131 1328 a
1156 1292 1310 1329 Perside
1334 1291 1422 1328 inde
1447 1303 1509 1327 us-

844 1361 916 1398 que
936 1349 983 1385 ad
1001 1348 1156 1398 Caspias
1174 1349 1295 1385 fauces
1316 1348 1424 1385 sedes
1443 1347 1509 1384 ha-

844 1406 942 1455 buit3
971 1405 1066 1442 conf.
1089 1405 1197 1442 etiam
1217 1405 1298 1441 Van
1321 1405 1387 1441 der
1405 1404 1507 1453 Chys

843 1462 1048 1498 Comment.
1060 1474 1186 1511 geogr.
1204 1462 1254 1498 ad
1265 1461 1406 1498 Arrian.
1419 1473 1507 1511 pag.

845 1520 896 1559 91
928 1523 963 1555 et
997 1531 1093 1567 quae
1114 1531 1224 1568 supra
1250 1518 1436 1567 posuimus
1459 1517 1508 1553 ad

841 1575 870 1619 Ι,
893 1577 969 1615 101
993 1574 1071 1611 coll.
1092 1574 1173 1621 Vll,
1199 1575 1297 1622 86),
1336 1573 1508 1612 Rennelii

842 1636 898 1669 est
916 1632 1099 1668 sententia
1122 1630 1144 1668 1.
1168 1630 1190 1667 l.
1211 1643 1298 1681 pag.
1318 1632 1399 1672 501
1427 1629 1507 1667 coll.

842 1687 1052 1725 Maltebrun
1074 1687 1094 1724 l.
1122 1687 1143 1724 l.
1171 1700 1257 1737 pag.
1281 1689 1377 1729 338.
1437 1686 1508 1724 Cui

842 1744 1054 1794 obloquitur
1104 1743 1279 1781 Larcher.
1329 1745 1366 1781 in
1408 1743 1506 1781 Tab.

840 1815 967 1850 geogr.
1004 1814 1033 1838 s.
1065 1814 1120 1848 v.,
1173 1814 1254 1838 cum
1294 1800 1507 1837 Paretaceni

839 1859 974 1895 suerint
1004 1857 1200 1895 Medorum
1250 1870 1323 1894 una
1375 1857 1507 1904 tribus,

839 1915 1071 1951 discernendi
1105 1915 1215 1963 igitur
1244 1927 1266 1950 a
1293 1914 1507 1960 Paricaniis,

840 1971 903 2019 qui
931 1971 1027 2007 intra
1047 1970 1182 2008 Medos
1211 1975 1248 2007 et
1279 1970 1508 2019 Ortlzocory-

839 2027 984 2063 bantios
1000 2028 1108 2064 sedes
1125 2028 1286 2065 tenuisse
1302 2027 1506 2064 videantur.

839 2082 1049 2120 Maltebrun
1072 2083 1094 2120 l.
1115 2083 1139 2120 l.
1162 2088 1309 2131 gentem
1333 2083 1420 2119 dicit
1439 2095 1508 2133 per

838 2139 961 2190 plures
980 2140 1184 2189 provincias
1203 2152 1377 2189 sparsam.
1395 2139 1507 2176 Pror-

840 2208 901 2232 sus
926 2196 1057 2232 diversi
1079 2201 1175 2243 sunt,
1205 2196 1266 2245 qui
1285 2196 1347 2241 ΙΙΙ,
1368 2194 1422 2236 94
1433 2194 1507 2232 Ae-

838 2252 1023 2302 thiopibus
1068 2253 1267 2301 iunguntur
1301 2251 1505 2289 Paricanz'i.

843 2309 1179 2359 Ortlwcorybantz'os
1212 2310 1249 2346 in
1277 2308 1506 2346 meridionali

840 2367 1094 2416 praefecturae
1148 2370 1268 2402 tractu
1321 2365 1506 2403 habitasse

839 2422 995 2460 Rennel.
1038 2423 1251 2470 contendit,
1300 2422 1362 2458 ubi
1409 2435 1506 2458 nunc

840 2483 939 2516 terra
970 2479 1230 2516 Kurrimabad.
1287 2478 1380 2515 Mihi
1417 2478 1506 2514 nihil

840 2535 987 2573 aliunde
1010 2540 1163 2573 constat.
1197 2536 1341 2572 Gatter.
1355 2535 1412 2582 (in
1425 2538 1503 2574 not.

840 2593 888 2629 ad
919 2592 1135 2630 Billerbeck.
1162 2592 1260 2629 Diss.
1294 2591 1345 2640 1.)
1377 2596 1413 2628 et
1438 2591 1504 2627 has

840 2653 971 2697 gentes
1007 2654 1045 2686 et
1074 2662 1159 2695 eas,
1201 2660 1295 2697 quae
1314 2648 1505 2698 proximae

839 2706 1048 2755 provinciae
1069 2706 1205 2743 suerint
1221 2705 1442 2754 adscriptae,
1456 2704 1503 2740 ab

837 2761 976 2800 oriente
1013 2763 1120 2799 maris
1154 2762 1280 2812 Caspii
1319 2761 1357 2797 in
1395 2761 1502 2797 terris

837 2818 1042 2856 borealibus
1063 2819 1292 2867 quaerendas
1321 2830 1402 2854 esse
1428 2821 1503 2853 sta-

837 2875 927 2922 tuit3
964 2875 1237 2913 Paricaniorum
1256 2874 1362 2912 sedes
1381 2886 1403 2910 a
1423 2885 1500 2910 me-
