<?xml version="1.0" encoding="UTF-8"?>
<!DOCTYPE html PUBLIC "-//W3C//DTD XHTML 1.0 Transitional//EN"
    "http://www.w3.org/TR/xhtml1/DTD/xhtml1-transitional.dtd">
<html xmlns="http://www.w3.org/1999/xhtml" xml:lang="en" lang="en">
 <head>
  <title>
</title>
<meta http-equiv="Content-Type" content="text/html;charset=utf-8" />
  <meta name='ocr-system' content='tesseract 3.04.00' />
  <meta name='ocr-capabilities' content='ocr_page ocr_carea ocr_par ocr_line ocrx_word'/>
</head>
<body>
  <div class='ocr_page' id='page_1' title='image "./musaeherodoto02hero/musaeherodoto02hero_0150.png"; bbox 0 0 1904 3304; ppageno 0'>
   <div class='ocr_carea' id='block_1_1' title="bbox 403 252 485 293">
    <p class='ocr_par' dir='ltr' id='par_1_1' title="bbox 403 252 485 293">
     <span class='ocr_line' id='line_1_1' title="bbox 403 252 485 293; baseline 0.012 -1"><span class='ocrx_word' id='word_1_1' title='bbox 403 252 485 293; x_wconf 71' lang='lat'>142</span> 
     </span>
    </p>
   </div>
   <div class='ocr_carea' id='block_1_2' title="bbox 795 249 1264 295">
    <p class='ocr_par' dir='ltr' id='par_1_2' title="bbox 795 249 1264 295">
     <span class='ocr_line' id='line_1_2' title="bbox 795 249 1264 295; baseline 0.004 -7"><span class='ocrx_word' id='word_1_2' title='bbox 795 249 1264 295; x_wconf 89' lang='lat' dir='ltr'><strong>HERODOTI</strong></span> 
     </span>
    </p>
   </div>
   <div class='ocr_carea' id='block_1_3' title="bbox 397 358 1728 417">
    <p class='ocr_par' dir='ltr' id='par_1_3' title="bbox 397 358 1728 417">
     <span class='ocr_line' id='line_1_3' title="bbox 397 358 1728 417; baseline 0 -12"><span class='ocrx_word' id='word_1_3' title='bbox 397 363 598 405; x_wconf 79' lang='grc' dir='ltr'><em>ταθεῖναι</em></span> <span class='ocrx_word' id='word_1_4' title='bbox 625 359 679 403; x_wconf 79' lang='grc' dir='ltr'>τὰ</span> <span class='ocrx_word' id='word_1_5' title='bbox 711 358 962 415; x_wconf 84' lang='grc' dir='ltr'><em>πρήγματα,</em></span> <span class='ocrx_word' id='word_1_6' title='bbox 991 358 1130 414; x_wconf 80' lang='grc' dir='ltr'><em>λέγων</em></span> <span class='ocrx_word' id='word_1_7' title='bbox 1157 359 1279 404; x_wconf 79' lang='grc' dir='ltr'><strong><em>τάδε·</em></strong></span> <span class='ocrx_word' id='word_1_8' title='bbox 1336 358 1490 417; x_wconf 84' lang='grc' dir='ltr'><em>,,Ἐμοὶ</em></span> <span class='ocrx_word' id='word_1_9' title='bbox 1520 360 1671 417; x_wconf 81' lang='grc' dir='ltr'><em>δοκέει,</em></span> <span class='ocrx_word' id='word_1_10' title='bbox 1686 369 1728 405; x_wconf 85' lang='lat'>15</span> 
     </span>
    </p>
   </div>
   <div class='ocr_carea' id='block_1_4' title="bbox 399 430 1510 488">
    <p class='ocr_par' dir='ltr' id='par_1_4' title="bbox 399 430 1510 488">
     <span class='ocr_line' id='line_1_4' title="bbox 399 430 1510 488; baseline 0.001 -13"><span class='ocrx_word' id='word_1_11' title='bbox 399 432 477 476; x_wconf 79' lang='grc' dir='ltr'><em>ἕνα</em></span> <span class='ocrx_word' id='word_1_12' title='bbox 515 431 595 488; x_wconf 78' lang='grc' dir='ltr'><em>μὲν</em></span> <span class='ocrx_word' id='word_1_13' title='bbox 628 430 774 487; x_wconf 82' lang='grc' dir='ltr'><em>ἡμέων</em></span> <span class='ocrx_word' id='word_1_14' title='bbox 810 430 1064 487; x_wconf 79' lang='grc' dir='ltr'><em>μούναρχον</em></span> <span class='ocrx_word' id='word_1_15' title='bbox 1100 431 1250 487; x_wconf 84' lang='grc' dir='ltr'><strong><em>μηκέτι</em></strong></span> <span class='ocrx_word' id='word_1_16' title='bbox 1286 432 1510 488; x_wconf 81' lang='grc' dir='ltr'><em>γενέσθαι·</em></span> 
     </span>
    </p>
   </div>
   <div class='ocr_carea' id='block_1_5' title="bbox 372 500 995 559">
    <p class='ocr_par' dir='ltr' id='par_1_5' title="bbox 372 500 995 559">
     <span class='ocr_line' id='line_1_5' title="bbox 372 500 995 559; baseline -0.002 -13"><span class='ocrx_word' id='word_1_17' title='bbox 372 503 491 559; x_wconf 72' lang='grc' dir='ltr'>Βγοὲρ</span> <span class='ocrx_word' id='word_1_18' title='bbox 522 500 629 559; x_wconf 80' lang='grc' dir='ltr'><strong><em>ἡδύ,</em></strong></span> <span class='ocrx_word' id='word_1_19' title='bbox 671 502 771 546; x_wconf 80' lang='grc' dir='ltr'>οὔτε</span> <span class='ocrx_word' id='word_1_20' title='bbox 809 501 995 558; x_wconf 77' lang='grc' dir='ltr'><em>ἀγαθόν.</em></span> 
     </span>
    </p>
   </div>
   <div class='ocr_carea' id='block_1_6' title="bbox 1057 502 1728 561">
    <p class='ocr_par' dir='ltr' id='par_1_6' title="bbox 1057 502 1728 561">
     <span class='ocr_line' id='line_1_6' title="bbox 1057 502 1728 561; baseline 0 -15"><span class='ocrx_word' id='word_1_21' title='bbox 1057 502 1188 546; x_wconf 77' lang='grc' dir='ltr'><strong><em>εἴδετε</em></strong></span> <span class='ocrx_word' id='word_1_22' title='bbox 1218 503 1297 558; x_wconf 79' lang='grc' dir='ltr'><em>μὲν</em></span> <span class='ocrx_word' id='word_1_23' title='bbox 1326 503 1410 560; x_wconf 74' lang='grc' dir='ltr'>γὰρ</span> <span class='ocrx_word' id='word_1_24' title='bbox 1441 503 1521 560; x_wconf 79' lang='grc' dir='ltr'>τὴν</span> <span class='ocrx_word' id='word_1_25' title='bbox 1553 507 1728 561; x_wconf 57' lang='lat' dir='ltr'>Konga-2¹.</span> 
     </span>
    </p>
   </div>
   <div class='ocr_carea' id='block_1_7' title="bbox 400 572 1674 632">
    <p class='ocr_par' dir='ltr' id='par_1_7' title="bbox 400 572 1674 632">
     <span class='ocr_line' id='line_1_7' title="bbox 400 572 1674 632; baseline 0.002 -14"><span class='ocrx_word' id='word_1_26' title='bbox 400 574 543 631; x_wconf 81' lang='grc' dir='ltr'><em>βύσεω</em></span> <span class='ocrx_word' id='word_1_27' title='bbox 562 573 697 630; x_wconf 81' lang='grc' dir='ltr'><em>ὕβριν</em></span> <span class='ocrx_word' id='word_1_28' title='bbox 726 572 796 617; x_wconf 80' lang='grc' dir='ltr'>ἐπ’</span> <span class='ocrx_word' id='word_1_29' title='bbox 829 574 937 618; x_wconf 87' lang='grc' dir='ltr'><em>ὅσον</em></span> <span class='ocrx_word' id='word_1_30' title='bbox 966 573 1190 629; x_wconf 76' lang='grc' dir='ltr'><em>ἐπεξῆλθε,</em></span> <span class='ocrx_word' id='word_1_31' title='bbox 1227 575 1506 632; x_wconf 82' lang='grc' dir='ltr'><strong><em>μετεσχήκατε</em></strong></span> <span class='ocrx_word' id='word_1_32' title='bbox 1536 575 1674 620; x_wconf 81' lang='grc' dir='ltr'><strong>δὲκαὶ</strong></span> 
     </span>
    </p>
   </div>
   <div class='ocr_carea' id='block_1_8' title="bbox 372 645 981 702">
    <p class='ocr_par' dir='ltr' id='par_1_8' title="bbox 372 645 981 702">
     <span class='ocr_line' id='line_1_8' title="bbox 372 645 981 702; baseline 0.002 -15"><span class='ocrx_word' id='word_1_33' title='bbox 372 650 482 702; x_wconf 83' lang='grc' dir='ltr'><strong><em>4τῆς</em></strong></span> <span class='ocrx_word' id='word_1_34' title='bbox 510 649 594 688; x_wconf 82' lang='grc' dir='ltr'>τοῦ</span> <span class='ocrx_word' id='word_1_35' title='bbox 622 646 784 701; x_wconf 80' lang='grc' dir='ltr'><em>Μάγου</em></span> <span class='ocrx_word' id='word_1_36' title='bbox 813 645 981 702; x_wconf 82' lang='grc' dir='ltr'><em>ὕβριος.</em></span> 
     </span>
    </p>
   </div>
   <div class='ocr_carea' id='block_1_9' title="bbox 1043 643 1672 703">
    <p class='ocr_par' dir='ltr' id='par_1_9' title="bbox 1043 643 1672 703">
     <span class='ocr_line' id='line_1_9' title="bbox 1043 643 1672 703; baseline 0.005 -15"><span class='ocrx_word' id='word_1_37' title='bbox 1043 648 1145 696; x_wconf 79' lang='grc' dir='ltr'>Κῶς</span> <span class='ocrx_word' id='word_1_38' title='bbox 1175 643 1219 689; x_wconf 86' lang='grc' dir='ltr'>δ’</span> <span class='ocrx_word' id='word_1_39' title='bbox 1248 644 1305 688; x_wconf 76' lang='grc' dir='ltr'><em>ἂν</em></span> <span class='ocrx_word' id='word_1_40' title='bbox 1334 648 1398 702; x_wconf 81' lang='grc' dir='ltr'>εἴη</span> <span class='ocrx_word' id='word_1_41' title='bbox 1429 651 1571 703; x_wconf 84' lang='grc' dir='ltr'><em>χρῆμα</em></span> <span class='ocrx_word' id='word_1_42' title='bbox 1599 664 1672 691; x_wconf 82' lang='grc' dir='ltr'>κα-</span> 
     </span>
    </p>
   </div>
   <div class='ocr_carea' id='block_1_10' title="bbox 401 715 1675 777">
    <p class='ocr_par' dir='ltr' id='par_1_10' title="bbox 401 715 1675 777">
     <span class='ocr_line' id='line_1_10' title="bbox 401 715 1675 777; baseline 0.002 -17"><span class='ocrx_word' id='word_1_43' title='bbox 401 716 668 772; x_wconf 82' lang='grc' dir='ltr'><em>τηρτημένον</em></span> <span class='ocrx_word' id='word_1_44' title='bbox 696 718 962 774; x_wconf 80' lang='grc' dir='ltr'><em>μουναρχίη,</em></span> <span class='ocrx_word' id='word_1_45' title='bbox 1000 721 1054 774; x_wconf 86' lang='grc' dir='ltr'>τῇ</span> <span class='ocrx_word' id='word_1_46' title='bbox 1086 717 1219 770; x_wconf 76' lang='grc' dir='ltr'><strong><em>ἔξεστι</em></strong></span> <span class='ocrx_word' id='word_1_47' title='bbox 1250 715 1482 777; x_wconf 76' lang='grc' dir='ltr'><em>ἀνευθύνῳ</em></span> <span class='ocrx_word' id='word_1_48' title='bbox 1511 718 1675 763; x_wconf 81' lang='grc' dir='ltr'><em>ποιέειν</em></span> 
     </span>
    </p>
   </div>
   <div class='ocr_carea' id='block_1_11' title="bbox 457 840 622 846">
    <p class='ocr_par' dir='ltr' id='par_1_11' title="bbox 457 840 622 846">
     <span class='ocr_line' id='line_1_11' title="bbox 457 840 622 846; baseline 0 0"><span class='ocrx_word' id='word_1_49' title='bbox 457 840 622 846; x_wconf 95' lang='lat' dir='ltr'> </span> 
     </span>
    </p>
   </div>
   <div class='ocr_carea' id='block_1_12' title="bbox 346 915 1018 2883">
    <p class='ocr_par' dir='ltr' id='par_1_12' title="bbox 346 915 1016 2208">
     <span class='ocr_line' id='line_1_12' title="bbox 349 915 1014 967; baseline -0.003 -14"><span class='ocrx_word' id='word_1_50' title='bbox 349 929 396 956; x_wconf 89' lang='lat' dir='ltr'>ne</span> <span class='ocrx_word' id='word_1_51' title='bbox 416 929 564 967; x_wconf 88' lang='lat' dir='ltr'>prorsus</span> <span class='ocrx_word' id='word_1_52' title='bbox 586 915 729 952; x_wconf 88' lang='lat' dir='ltr'>alienae</span> <span class='ocrx_word' id='word_1_53' title='bbox 749 915 834 961; x_wconf 86' lang='lat' dir='ltr'>sint,</span> <span class='ocrx_word' id='word_1_54' title='bbox 864 927 931 952; x_wconf 90' lang='lat' dir='ltr'>nec</span> <span class='ocrx_word' id='word_1_55' title='bbox 948 926 1014 951; x_wconf 89' lang='lat' dir='ltr'>un-</span> 
     </span>
     <span class='ocr_line' id='line_1_13' title="bbox 349 971 1015 1023; baseline -0.003 -14"><span class='ocrx_word' id='word_1_56' title='bbox 349 985 457 1023; x_wconf 88' lang='lat' dir='ltr'>quam</span> <span class='ocrx_word' id='word_1_57' title='bbox 481 985 546 1023; x_wconf 91' lang='lat' dir='ltr'>per</span> <span class='ocrx_word' id='word_1_58' title='bbox 573 972 750 1009; x_wconf 81' lang='lat' dir='ltr'>orientem</span> <span class='ocrx_word' id='word_1_59' title='bbox 778 972 825 1008; x_wconf 91' lang='lat' dir='ltr'>de</span> <span class='ocrx_word' id='word_1_60' title='bbox 850 971 921 1008; x_wconf 89' lang='lat' dir='ltr'>alio</span> <span class='ocrx_word' id='word_1_61' title='bbox 947 972 1015 1008; x_wconf 91' lang='lat' dir='ltr'>im-</span> 
     </span>
     <span class='ocr_line' id='line_1_14' title="bbox 347 1028 1013 1081; baseline -0.005 -15"><span class='ocrx_word' id='word_1_62' title='bbox 347 1029 440 1081; x_wconf 86' lang='lat' dir='ltr'>perii</span> <span class='ocrx_word' id='word_1_63' title='bbox 460 1042 596 1078; x_wconf 82' lang='lat' dir='ltr'>genere</span> <span class='ocrx_word' id='word_1_64' title='bbox 622 1029 667 1065; x_wconf 89' lang='lat' dir='ltr'>sit</span> <span class='ocrx_word' id='word_1_65' title='bbox 697 1029 915 1077; x_wconf 88' lang='lat' dir='ltr'>cogitatum,</span> <span class='ocrx_word' id='word_1_66' title='bbox 945 1028 1013 1064; x_wconf 90' lang='lat' dir='ltr'>nisi</span> 
     </span>
     <span class='ocr_line' id='line_1_15' title="bbox 349 1085 1013 1134; baseline -0.006 -9"><span class='ocrx_word' id='word_1_67' title='bbox 349 1087 397 1125; x_wconf 88' lang='lat' dir='ltr'>de</span> <span class='ocrx_word' id='word_1_68' title='bbox 415 1099 473 1132; x_wconf 76' lang='lat' dir='ltr'>en,</span> <span class='ocrx_word' id='word_1_69' title='bbox 503 1085 563 1122; x_wconf 88' lang='lat' dir='ltr'>ubi</span> <span class='ocrx_word' id='word_1_70' title='bbox 587 1098 727 1122; x_wconf 91' lang='lat' dir='ltr'>summa</span> <span class='ocrx_word' id='word_1_71' title='bbox 757 1097 871 1134; x_wconf 87' lang='lat' dir='ltr'>penes</span> <span class='ocrx_word' id='word_1_72' title='bbox 902 1097 1013 1121; x_wconf 91' lang='lat' dir='ltr'>unum</span> 
     </span>
     <span class='ocr_line' id='line_1_16' title="bbox 346 1141 1014 1195; baseline -0.004 -16"><span class='ocrx_word' id='word_1_73' title='bbox 346 1146 527 1195; x_wconf 82' lang='lat' dir='ltr'>potestas,</span> <span class='ocrx_word' id='word_1_74' title='bbox 557 1142 661 1178; x_wconf 92' lang='lat' dir='ltr'>nullis</span> <span class='ocrx_word' id='word_1_75' title='bbox 685 1141 826 1190; x_wconf 87' lang='lat' dir='ltr'>legibus</span> <span class='ocrx_word' id='word_1_76' title='bbox 851 1141 910 1177; x_wconf 89' lang='lat' dir='ltr'>illa</span> <span class='ocrx_word' id='word_1_77' title='bbox 934 1141 1014 1190; x_wconf 85' lang='lat' dir='ltr'>qui-</span> 
     </span>
     <span class='ocr_line' id='line_1_17' title="bbox 347 1198 1015 1248; baseline -0.004 -12"><span class='ocrx_word' id='word_1_78' title='bbox 347 1200 432 1236; x_wconf 91' lang='lat' dir='ltr'>dem</span> <span class='ocrx_word' id='word_1_79' title='bbox 464 1199 746 1248; x_wconf 87' lang='lat' dir='ltr'>circumscripta.</span> <span class='ocrx_word' id='word_1_80' title='bbox 806 1198 944 1244; x_wconf 82' lang='lat' dir='ltr'>Quare,</span> <span class='ocrx_word' id='word_1_81' title='bbox 974 1202 1015 1233; x_wconf 89' lang='lat' dir='ltr'>ut</span> 
     </span>
     <span class='ocr_line' id='line_1_18' title="bbox 348 1255 1014 1302; baseline -0.005 -9"><span class='ocrx_word' id='word_1_82' title='bbox 348 1255 554 1293; x_wconf 87' lang='lat' dir='ltr'>Creuzerus</span> <span class='ocrx_word' id='word_1_83' title='bbox 577 1255 742 1300; x_wconf 89' lang='lat' dir='ltr'>coniecit,</span> <span class='ocrx_word' id='word_1_84' title='bbox 772 1255 820 1290; x_wconf 87' lang='lat' dir='ltr'>ad</span> <span class='ocrx_word' id='word_1_85' title='bbox 840 1266 896 1300; x_wconf 91' lang='lat' dir='ltr'>ea,</span> <span class='ocrx_word' id='word_1_86' title='bbox 918 1265 1014 1302; x_wconf 89' lang='lat' dir='ltr'>quae</span> 
     </span>
     <span class='ocr_line' id='line_1_19' title="bbox 349 1310 1016 1361; baseline -0.001 -14"><span class='ocrx_word' id='word_1_87' title='bbox 349 1316 432 1348; x_wconf 89' lang='lat' dir='ltr'>tunc</span> <span class='ocrx_word' id='word_1_88' title='bbox 463 1311 638 1361; x_wconf 79' lang='lat' dir='ltr'>temporis</span> <span class='ocrx_word' id='word_1_89' title='bbox 661 1323 728 1361; x_wconf 89' lang='lat' dir='ltr'>per</span> <span class='ocrx_word' id='word_1_90' title='bbox 757 1310 938 1347; x_wconf 85' lang='lat' dir='ltr'>Graeciae</span> <span class='ocrx_word' id='word_1_91' title='bbox 965 1310 1016 1346; x_wconf 86' lang='lat' dir='ltr'>ci-</span> 
     </span>
     <span class='ocr_line' id='line_1_20' title="bbox 348 1367 1014 1416; baseline -0.003 -12"><span class='ocrx_word' id='word_1_92' title='bbox 348 1368 483 1404; x_wconf 85' lang='lat' dir='ltr'>vitates</span> <span class='ocrx_word' id='word_1_93' title='bbox 503 1368 657 1405; x_wconf 84' lang='lat' dir='ltr'>maxime</span> <span class='ocrx_word' id='word_1_94' title='bbox 679 1367 925 1416; x_wconf 81' lang='lat' dir='ltr'>agitabantur,</span> <span class='ocrx_word' id='word_1_95' title='bbox 944 1378 1014 1416; x_wconf 94' lang='lat' dir='ltr'>po-</span> 
     </span>
     <span class='ocr_line' id='line_1_21' title="bbox 349 1424 1016 1475; baseline -0.004 -13"><span class='ocrx_word' id='word_1_96' title='bbox 349 1424 527 1462; x_wconf 84' lang='lat' dir='ltr'>tissimum</span> <span class='ocrx_word' id='word_1_97' title='bbox 548 1428 715 1475; x_wconf 87' lang='lat' dir='ltr'>spectare</span> <span class='ocrx_word' id='word_1_98' title='bbox 733 1424 877 1461; x_wconf 87' lang='lat' dir='ltr'>videtur</span> <span class='ocrx_word' id='word_1_99' title='bbox 896 1424 1016 1461; x_wconf 88' lang='lat' dir='ltr'>Hero-</span> 
     </span>
     <span class='ocr_line' id='line_1_22' title="bbox 348 1480 1016 1530; baseline -0.003 -12"><span class='ocrx_word' id='word_1_100' title='bbox 348 1481 460 1519; x_wconf 81' lang='lat' dir='ltr'>dotea</span> <span class='ocrx_word' id='word_1_101' title='bbox 483 1481 658 1527; x_wconf 86' lang='lat' dir='ltr'>narratio,</span> <span class='ocrx_word' id='word_1_102' title='bbox 682 1481 770 1530; x_wconf 90' lang='lat' dir='ltr'>quin</span> <span class='ocrx_word' id='word_1_103' title='bbox 794 1481 879 1517; x_wconf 89' lang='lat' dir='ltr'>inde</span> <span class='ocrx_word' id='word_1_104' title='bbox 901 1480 1016 1517; x_wconf 88' lang='lat' dir='ltr'>maxi-</span> 
     </span>
     <span class='ocr_line' id='line_1_23' title="bbox 349 1536 1015 1586; baseline -0.003 -12"><span class='ocrx_word' id='word_1_105' title='bbox 349 1549 445 1575; x_wconf 89' lang='lat' dir='ltr'>mam</span> <span class='ocrx_word' id='word_1_106' title='bbox 473 1541 619 1586; x_wconf 88' lang='lat' dir='ltr'>partem</span> <span class='ocrx_word' id='word_1_107' title='bbox 649 1538 817 1582; x_wconf 79' lang='lat' dir='ltr'>ssuxisse3</span> <span class='ocrx_word' id='word_1_108' title='bbox 847 1537 885 1573; x_wconf 93' lang='lat' dir='ltr'>id</span> <span class='ocrx_word' id='word_1_109' title='bbox 914 1536 1015 1585; x_wconf 88' lang='lat' dir='ltr'>quod</span> 
     </span>
     <span class='ocr_line' id='line_1_24' title="bbox 350 1593 1015 1643; baseline -0.003 -12"><span class='ocrx_word' id='word_1_110' title='bbox 350 1593 503 1642; x_wconf 81' lang='lat' dir='ltr'>singulis</span> <span class='ocrx_word' id='word_1_111' title='bbox 517 1593 603 1630; x_wconf 89' lang='lat' dir='ltr'>locis</span> <span class='ocrx_word' id='word_1_112' title='bbox 616 1606 682 1630; x_wconf 89' lang='lat' dir='ltr'>nos</span> <span class='ocrx_word' id='word_1_113' title='bbox 699 1594 918 1643; x_wconf 82' lang='lat' dir='ltr'>probaturos</span> <span class='ocrx_word' id='word_1_114' title='bbox 929 1605 1015 1642; x_wconf 88' lang='lat' dir='ltr'>spe-</span> 
     </span>
     <span class='ocr_line' id='line_1_25' title="bbox 350 1650 1014 1688; baseline -0.003 -1"><span class='ocrx_word' id='word_1_115' title='bbox 350 1662 484 1688; x_wconf 87' lang='lat' dir='ltr'>ramus.</span> <span class='ocrx_word' id='word_1_116' title='bbox 543 1650 641 1687; x_wconf 91' lang='lat' dir='ltr'>Hinc</span> <span class='ocrx_word' id='word_1_117' title='bbox 667 1650 897 1687; x_wconf 81' lang='lat' dir='ltr'>acerbissime</span> <span class='ocrx_word' id='word_1_118' title='bbox 917 1650 1014 1686; x_wconf 87' lang='lat' dir='ltr'>dicta</span> 
     </span>
     <span class='ocr_line' id='line_1_26' title="bbox 352 1705 1013 1755; baseline -0.002 -12"><span class='ocrx_word' id='word_1_119' title='bbox 352 1706 401 1743; x_wconf 91' lang='lat' dir='ltr'>de</span> <span class='ocrx_word' id='word_1_120' title='bbox 421 1710 590 1754; x_wconf 82' lang='lat' dir='ltr'>tyranno,</span> <span class='ocrx_word' id='word_1_121' title='bbox 608 1706 691 1743; x_wconf 85' lang='lat' dir='ltr'>hinc</span> <span class='ocrx_word' id='word_1_122' title='bbox 710 1705 792 1753; x_wconf 85' lang='lat' dir='ltr'>alia,</span> <span class='ocrx_word' id='word_1_123' title='bbox 811 1717 906 1755; x_wconf 87' lang='lat' dir='ltr'>quae</span> <span class='ocrx_word' id='word_1_124' title='bbox 924 1717 1013 1743; x_wconf 88' lang='lat' dir='ltr'>ean-</span> 
     </span>
     <span class='ocr_line' id='line_1_27' title="bbox 354 1762 1015 1812; baseline -0.003 -12"><span class='ocrx_word' id='word_1_125' title='bbox 354 1763 439 1800; x_wconf 86' lang='lat' dir='ltr'>dem</span> <span class='ocrx_word' id='word_1_126' title='bbox 456 1762 571 1800; x_wconf 88' lang='lat' dir='ltr'>sermc</span> <span class='ocrx_word' id='word_1_127' title='bbox 584 1763 762 1811; x_wconf 85' lang='lat' dir='ltr'>originem</span> <span class='ocrx_word' id='word_1_128' title='bbox 782 1763 957 1812; x_wconf 88' lang='lat' dir='ltr'>produnt,</span> <span class='ocrx_word' id='word_1_129' title='bbox 967 1762 1015 1798; x_wconf 92' lang='lat' dir='ltr'>ad</span> 
     </span>
     <span class='ocr_line' id='line_1_28' title="bbox 354 1819 1015 1869; baseline -0.003 -13"><span class='ocrx_word' id='word_1_130' title='bbox 354 1819 580 1856; x_wconf 88' lang='lat' dir='ltr'>Graecorum</span> <span class='ocrx_word' id='word_1_131' title='bbox 620 1819 760 1855; x_wconf 88' lang='lat' dir='ltr'>animos</span> <span class='ocrx_word' id='word_1_132' title='bbox 800 1819 1015 1869; x_wconf 87' lang='lat' dir='ltr'>capiendos,</span> 
     </span>
     <span class='ocr_line' id='line_1_29' title="bbox 353 1875 1016 1926; baseline 0 -15"><span class='ocrx_word' id='word_1_133' title='bbox 353 1875 501 1925; x_wconf 82' lang='lat' dir='ltr'>opinor‚</span> <span class='ocrx_word' id='word_1_134' title='bbox 513 1876 632 1912; x_wconf 84' lang='lat' dir='ltr'>efficta</span> <span class='ocrx_word' id='word_1_135' title='bbox 653 1876 839 1926; x_wconf 86' lang='lat' dir='ltr'>ipsiusque</span> <span class='ocrx_word' id='word_1_136' title='bbox 860 1876 1016 1925; x_wconf 83' lang='lat' dir='ltr'>scripto-</span> 
     </span>
     <span class='ocr_line' id='line_1_30' title="bbox 353 1931 1015 1972; baseline 0.002 -5"><span class='ocrx_word' id='word_1_137' title='bbox 353 1931 401 1972; x_wconf 88' lang='lat' dir='ltr'>ris</span> <span class='ocrx_word' id='word_1_138' title='bbox 428 1932 587 1969; x_wconf 91' lang='lat' dir='ltr'>animum</span> <span class='ocrx_word' id='word_1_139' title='bbox 618 1932 793 1969; x_wconf 85' lang='lat' dir='ltr'>libertatis</span> <span class='ocrx_word' id='word_1_140' title='bbox 822 1932 1015 1968; x_wconf 87' lang='lat' dir='ltr'>studiosis-</span> 
     </span>
     <span class='ocr_line' id='line_1_31' title="bbox 352 1988 1016 2025; baseline 0 -1"><span class='ocrx_word' id='word_1_141' title='bbox 352 1989 481 2024; x_wconf 83' lang='lat' dir='ltr'>simum</span> <span class='ocrx_word' id='word_1_142' title='bbox 523 1992 561 2025; x_wconf 87' lang='lat' dir='ltr'>et</span> <span class='ocrx_word' id='word_1_143' title='bbox 598 1989 645 2025; x_wconf 90' lang='lat' dir='ltr'>ab</span> <span class='ocrx_word' id='word_1_144' title='bbox 681 1989 787 2025; x_wconf 91' lang='lat' dir='ltr'>unius</span> <span class='ocrx_word' id='word_1_145' title='bbox 827 1988 1016 2025; x_wconf 84' lang='lat' dir='ltr'>dominatu</span> 
     </span>
     <span class='ocr_line' id='line_1_32' title="bbox 351 2043 1015 2095; baseline 0 -14"><span class='ocrx_word' id='word_1_146' title='bbox 351 2043 610 2082; x_wconf 88' lang='lat' dir='ltr'>alienissimum</span> <span class='ocrx_word' id='word_1_147' title='bbox 629 2045 764 2095; x_wconf 87' lang='lat' dir='ltr'>optime</span> <span class='ocrx_word' id='word_1_148' title='bbox 783 2044 1015 2082; x_wconf 87' lang='lat' dir='ltr'>declarantia.</span> 
     </span>
     <span class='ocr_line' id='line_1_33' title="bbox 354 2100 1015 2150; baseline 0.002 -13"><span class='ocrx_word' id='word_1_149' title='bbox 354 2121 411 2129; x_wconf 91' lang='lat'>·-</span> <span class='ocrx_word' id='word_1_150' title='bbox 429 2100 646 2139; x_wconf 88' lang='lat' dir='ltr'>Herodotea</span> <span class='ocrx_word' id='word_1_151' title='bbox 664 2102 786 2150; x_wconf 87' lang='lat' dir='ltr'>attigit</span> <span class='ocrx_word' id='word_1_152' title='bbox 803 2100 1015 2139; x_wconf 86' lang='lat' dir='ltr'>Plutarchus</span> 
     </span>
     <span class='ocr_line' id='line_1_34' title="bbox 356 2156 786 2208; baseline 0 -14"><span class='ocrx_word' id='word_1_153' title='bbox 356 2156 391 2194; x_wconf 90' lang='lat'>11</span> <span class='ocrx_word' id='word_1_154' title='bbox 411 2169 496 2207; x_wconf 88' lang='lat' dir='ltr'>pag.</span> <span class='ocrx_word' id='word_1_155' title='bbox 517 2159 599 2198; x_wconf 79' lang='lat'>826</span> <span class='ocrx_word' id='word_1_156' title='bbox 620 2157 663 2194; x_wconf 89' lang='lat' dir='ltr'>E.</span> <span class='ocrx_word' id='word_1_157' title='bbox 684 2158 786 2208; x_wconf 90' lang='lat' dir='ltr'>Opp.</span> 
     </span>
    </p>

    <p class='ocr_par' dir='ltr' id='par_1_13' title="bbox 353 2209 1018 2656">
     <span class='ocr_line' id='line_1_35' title="bbox 414 2209 1013 2265; baseline 0 -13"><span class='ocrx_word' id='word_1_158' title='bbox 414 2211 484 2252; x_wconf 76' lang='grc' dir='ltr'><em>ἕνα</em></span> <span class='ocrx_word' id='word_1_159' title='bbox 508 2212 580 2264; x_wconf 81' lang='grc' dir='ltr'><em>μὲν</em></span> <span class='ocrx_word' id='word_1_160' title='bbox 604 2212 740 2265; x_wconf 74' lang='grc' dir='ltr'><em>ἡμέων</em></span> <span class='ocrx_word' id='word_1_161' title='bbox 770 2209 1013 2265; x_wconf 79' lang='grc' dir='ltr'><em>μούναρχον]</em></span> 
     </span>
     <span class='ocr_line' id='line_1_36' title="bbox 355 2267 1016 2320; baseline 0.005 -15"><span class='ocrx_word' id='word_1_162' title='bbox 355 2269 492 2306; x_wconf 87' lang='lat' dir='ltr'>Vocula</span> <span class='ocrx_word' id='word_1_163' title='bbox 512 2272 678 2320; x_wconf 81' lang='grc' dir='ltr'><em>μοῦνον,</em></span> <span class='ocrx_word' id='word_1_164' title='bbox 699 2283 794 2319; x_wconf 86' lang='lat' dir='ltr'>quae</span> <span class='ocrx_word' id='word_1_165' title='bbox 813 2275 898 2320; x_wconf 87' lang='lat' dir='ltr'>post</span> <span class='ocrx_word' id='word_1_166' title='bbox 920 2267 1016 2320; x_wconf 82' lang='grc' dir='ltr'><em>μού-</em></span> 
     </span>
     <span class='ocr_line' id='line_1_37' title="bbox 354 2326 1016 2375; baseline 0 -12"><span class='ocrx_word' id='word_1_167' title='bbox 354 2339 504 2375; x_wconf 85' lang='grc' dir='ltr'><em>ναρχον</em></span> <span class='ocrx_word' id='word_1_168' title='bbox 525 2327 609 2363; x_wconf 82' lang='grc' dir='ltr'>οΙὶῐη</span> <span class='ocrx_word' id='word_1_169' title='bbox 634 2327 834 2375; x_wconf 89' lang='lat' dir='ltr'>lcgebatur,</span> <span class='ocrx_word' id='word_1_170' title='bbox 864 2326 970 2364; x_wconf 89' lang='lat' dir='ltr'>abest</span> <span class='ocrx_word' id='word_1_171' title='bbox 993 2339 1016 2363; x_wconf 88' lang='lat' dir='ltr'>a</span> 
     </span>
     <span class='ocr_line' id='line_1_38' title="bbox 353 2381 1018 2432; baseline 0.005 -15"><span class='ocrx_word' id='word_1_172' title='bbox 353 2381 517 2432; x_wconf 87' lang='lat' dir='ltr'>plurimis</span> <span class='ocrx_word' id='word_1_173' title='bbox 536 2382 645 2419; x_wconf 89' lang='lat' dir='ltr'>libris.</span> <span class='ocrx_word' id='word_1_174' title='bbox 676 2383 849 2420; x_wconf 69' lang='lat' dir='ltr'>Valcken.</span> <span class='ocrx_word' id='word_1_175' title='bbox 872 2382 955 2420; x_wconf 90' lang='lat' dir='ltr'>olim</span> <span class='ocrx_word' id='word_1_176' title='bbox 966 2383 1018 2420; x_wconf 82' lang='lat' dir='ltr'>ita</span> 
     </span>
     <span class='ocr_line' id='line_1_39' title="bbox 354 2438 1017 2489; baseline 0 -14"><span class='ocrx_word' id='word_1_177' title='bbox 354 2438 425 2475; x_wconf 91' lang='lat' dir='ltr'>dici</span> <span class='ocrx_word' id='word_1_178' title='bbox 457 2442 607 2489; x_wconf 81' lang='lat' dir='ltr'>putarat</span> <span class='ocrx_word' id='word_1_179' title='bbox 635 2440 683 2475; x_wconf 85' lang='lat' dir='ltr'>ad</span> <span class='ocrx_word' id='word_1_180' title='bbox 712 2439 864 2476; x_wconf 80' lang='lat' dir='ltr'>Homeri</span> <span class='ocrx_word' id='word_1_181' title='bbox 894 2451 1017 2477; x_wconf 84' lang='lat' dir='ltr'>exem-</span> 
     </span>
     <span class='ocr_line' id='line_1_40' title="bbox 353 2493 1014 2544; baseline 0.003 -14"><span class='ocrx_word' id='word_1_182' title='bbox 353 2493 465 2544; x_wconf 89' lang='lat' dir='ltr'>plum,</span> <span class='ocrx_word' id='word_1_183' title='bbox 490 2495 604 2531; x_wconf 87' lang='lat' dir='ltr'>citans</span> <span class='ocrx_word' id='word_1_184' title='bbox 626 2495 793 2531; x_wconf 86' lang='lat' dir='ltr'>Eustath.</span> <span class='ocrx_word' id='word_1_185' title='bbox 815 2495 864 2531; x_wconf 88' lang='lat' dir='ltr'>ad</span> <span class='ocrx_word' id='word_1_186' title='bbox 878 2496 1014 2543; x_wconf 68' lang='lat' dir='ltr'>Odyss.</span> 
     </span>
     <span class='ocr_line' id='line_1_41' title="bbox 354 2551 1016 2601; baseline 0.002 -14"><span class='ocrx_word' id='word_1_187' title='bbox 354 2565 398 2597; x_wconf 78' lang='grc' dir='ltr'>τ,</span> <span class='ocrx_word' id='word_1_188' title='bbox 428 2564 463 2601; x_wconf 90' lang='lat' dir='ltr'>p.</span> <span class='ocrx_word' id='word_1_189' title='bbox 479 2553 599 2597; x_wconf 88' lang='lat'>1867,</span> <span class='ocrx_word' id='word_1_190' title='bbox 625 2565 652 2588; x_wconf 91' lang='lat' dir='ltr'>s.</span> <span class='ocrx_word' id='word_1_191' title='bbox 666 2553 760 2597; x_wconf 85' lang='lat'>699,</span> <span class='ocrx_word' id='word_1_192' title='bbox 782 2551 864 2597; x_wconf 80' lang='lat' dir='ltr'>alia,</span> <span class='ocrx_word' id='word_1_193' title='bbox 885 2552 1016 2601; x_wconf 80' lang='lat' dir='ltr'>quibus</span> 
     </span>
     <span class='ocr_line' id='line_1_42' title="bbox 354 2607 862 2656; baseline 0 -12"><span class='ocrx_word' id='word_1_194' title='bbox 354 2619 452 2644; x_wconf 89' lang='lat' dir='ltr'>nunc</span> <span class='ocrx_word' id='word_1_195' title='bbox 475 2607 624 2645; x_wconf 89' lang='lat' dir='ltr'>minime</span> <span class='ocrx_word' id='word_1_196' title='bbox 646 2608 862 2656; x_wconf 78' lang='lat' dir='ltr'>indigemus,</span> 
     </span>
    </p>

    <p class='ocr_par' dir='ltr' id='par_1_14' title="bbox 356 2659 1018 2883">
     <span class='ocr_line' id='line_1_43' title="bbox 414 2659 1016 2714; baseline 0 -13"><span class='ocrx_word' id='word_1_197' title='bbox 414 2665 509 2709; x_wconf 73' lang='grc' dir='ltr'>Κῶς</span> <span class='ocrx_word' id='word_1_198' title='bbox 522 2664 544 2702; x_wconf 84' lang='grc' dir='ltr'><em>δ</em></span> <span class='ocrx_word' id='word_1_199' title='bbox 555 2659 564 2674; x_wconf 83' lang='grc'><strong>’</strong></span> <span class='ocrx_word' id='word_1_200' title='bbox 584 2659 634 2702; x_wconf 63' lang='grc' dir='ltr'><em>ἂν</em></span> <span class='ocrx_word' id='word_1_201' title='bbox 647 2663 706 2713; x_wconf 80' lang='grc' dir='ltr'>εἴη</span> <span class='ocrx_word' id='word_1_202' title='bbox 725 2666 855 2714; x_wconf 81' lang='grc' dir='ltr'><em>χρῆμα</em></span> <span class='ocrx_word' id='word_1_203' title='bbox 876 2679 1016 2714; x_wconf 80' lang='grc' dir='ltr'><strong><em>κατηρ-</em></strong></span> 
     </span>
     <span class='ocr_line' id='line_1_44' title="bbox 357 2717 1018 2771; baseline -0.006 -12"><span class='ocrx_word' id='word_1_204' title='bbox 357 2717 528 2771; x_wconf 77' lang='grc' dir='ltr'><em>τημένον</em></span> <span class='ocrx_word' id='word_1_205' title='bbox 559 2718 804 2771; x_wconf 79' lang='grc' dir='ltr'><em>μουναρχίη]</em></span> <span class='ocrx_word' id='word_1_206' title='bbox 836 2721 858 2756; x_wconf 88' lang='lat' dir='ltr'>i.</span> <span class='ocrx_word' id='word_1_207' title='bbox 892 2733 923 2757; x_wconf 85' lang='lat' dir='ltr'>e.</span> <span class='ocrx_word' id='word_1_208' title='bbox 953 2733 1018 2769; x_wconf 78' lang='lat' dir='ltr'>quo</span> 
     </span>
     <span class='ocr_line' id='line_1_45' title="bbox 356 2777 1017 2827; baseline -0.002 -14"><span class='ocrx_word' id='word_1_209' title='bbox 356 2780 473 2814; x_wconf 78' lang='lat' dir='ltr'>autem</span> <span class='ocrx_word' id='word_1_210' title='bbox 503 2777 602 2813; x_wconf 80' lang='lat' dir='ltr'>modo</span> <span class='ocrx_word' id='word_1_211' title='bbox 630 2789 683 2813; x_wconf 73' lang='lat' dir='ltr'>res</span> <span class='ocrx_word' id='word_1_212' title='bbox 710 2778 789 2813; x_wconf 72' lang='lat' dir='ltr'>bene</span> <span class='ocrx_word' id='word_1_213' title='bbox 830 2779 1017 2827; x_wconf 79' lang='lat' dir='ltr'>composita</span> 
     </span>
     <span class='ocr_line' id='line_1_46' title="bbox 358 2834 1017 2883; baseline 0 -14"><span class='ocrx_word' id='word_1_214' title='bbox 358 2847 428 2870; x_wconf 80' lang='lat' dir='ltr'>esse</span> <span class='ocrx_word' id='word_1_215' title='bbox 444 2836 558 2883; x_wconf 77' lang='lat' dir='ltr'>potest</span> <span class='ocrx_word' id='word_1_216' title='bbox 572 2835 675 2869; x_wconf 79' lang='lat' dir='ltr'>unius</span> <span class='ocrx_word' id='word_1_217' title='bbox 693 2834 902 2883; x_wconf 73' lang='lat' dir='ltr'>imperinm?</span> <span class='ocrx_word' id='word_1_218' title='bbox 932 2834 1017 2869; x_wconf 89' lang='lat' dir='ltr'>Sto-</span> 
     </span>
    </p>
   </div>
   <div class='ocr_carea' id='block_1_13' title="bbox 356 2889 1018 2941">
    <p class='ocr_par' dir='ltr' id='par_1_15' title="bbox 356 2889 1018 2941">
     <span class='ocr_line' id='line_1_47' title="bbox 356 2889 1018 2941; baseline -0.002 -14"><span class='ocrx_word' id='word_1_219' title='bbox 356 2890 469 2928; x_wconf 90' lang='lat' dir='ltr'>baeus</span> <span class='ocrx_word' id='word_1_220' title='bbox 488 2889 624 2938; x_wconf 89' lang='lat' dir='ltr'>XLIX,</span> <span class='ocrx_word' id='word_1_221' title='bbox 643 2892 697 2930; x_wconf 78' lang='lat'>29</span> <span class='ocrx_word' id='word_1_222' title='bbox 719 2904 756 2941; x_wconf 87' lang='lat' dir='ltr'>p.</span> <span class='ocrx_word' id='word_1_223' title='bbox 771 2892 852 2931; x_wconf 84' lang='lat'>346</span> <span class='ocrx_word' id='word_1_224' title='bbox 873 2903 902 2928; x_wconf 74' lang='lat' dir='ltr'>s,</span> <span class='ocrx_word' id='word_1_225' title='bbox 922 2889 969 2927; x_wconf 88' lang='lat' dir='ltr'>T.</span> <span class='ocrx_word' id='word_1_226' title='bbox 984 2889 1018 2926; x_wconf 93' lang='lat'>11</span> 
     </span>
    </p>
   </div>
   <div class='ocr_carea' id='block_1_14' title="bbox 1069 912 1740 2941">
    <p class='ocr_par' dir='ltr' id='par_1_16' title="bbox 1069 912 1740 2307">
     <span class='ocr_line' id='line_1_48' title="bbox 1069 912 1733 965; baseline 0.005 -16"><span class='ocrx_word' id='word_1_227' title='bbox 1069 912 1200 965; x_wconf 81' lang='lat' dir='ltr'>p,348</span> <span class='ocrx_word' id='word_1_228' title='bbox 1221 914 1340 951; x_wconf 88' lang='lat' dir='ltr'>Gaisf.</span> <span class='ocrx_word' id='word_1_229' title='bbox 1364 914 1582 952; x_wconf 87' lang='lat' dir='ltr'>Herodotea</span> <span class='ocrx_word' id='word_1_230' title='bbox 1601 915 1733 952; x_wconf 83' lang='lat' dir='ltr'>exscri-</span> 
     </span>
     <span class='ocr_line' id='line_1_49' title="bbox 1070 969 1734 1023; baseline 0.008 -17"><span class='ocrx_word' id='word_1_231' title='bbox 1070 971 1163 1021; x_wconf 88' lang='lat' dir='ltr'>psit,</span> <span class='ocrx_word' id='word_1_232' title='bbox 1192 971 1229 1007; x_wconf 92' lang='lat' dir='ltr'>in</span> <span class='ocrx_word' id='word_1_233' title='bbox 1247 971 1379 1020; x_wconf 87' lang='lat' dir='ltr'>quibus</span> <span class='ocrx_word' id='word_1_234' title='bbox 1398 984 1465 1021; x_wconf 89' lang='lat' dir='ltr'>pro</span> <span class='ocrx_word' id='word_1_235' title='bbox 1493 969 1734 1023; x_wconf 76' lang='grc' dir='ltr'>κατηρτημέ-</span> 
     </span>
     <span class='ocr_line' id='line_1_50' title="bbox 1071 1026 1733 1079; baseline -0.002 -14"><span class='ocrx_word' id='word_1_236' title='bbox 1071 1041 1144 1066; x_wconf 90' lang='grc' dir='ltr'>νον</span> <span class='ocrx_word' id='word_1_237' title='bbox 1165 1027 1340 1065; x_wconf 79' lang='lat' dir='ltr'>Valcken.</span> <span class='ocrx_word' id='word_1_238' title='bbox 1363 1028 1657 1079; x_wconf 82' lang='grc' dir='ltr'><em>κατηρτομένον</em></span> <span class='ocrx_word' id='word_1_239' title='bbox 1675 1026 1733 1065; x_wconf 89' lang='lat' dir='ltr'>vel</span> 
     </span>
     <span class='ocr_line' id='line_1_51' title="bbox 1069 1082 1733 1135; baseline -0.003 -13"><span class='ocrx_word' id='word_1_240' title='bbox 1069 1082 1380 1134; x_wconf 85' lang='grc' dir='ltr'><em>κατηρτισμένον</em></span> <span class='ocrx_word' id='word_1_241' title='bbox 1396 1085 1503 1122; x_wconf 85' lang='lat' dir='ltr'>scribi</span> <span class='ocrx_word' id='word_1_242' title='bbox 1522 1098 1633 1135; x_wconf 86' lang='lat' dir='ltr'>posse</span> <span class='ocrx_word' id='word_1_243' title='bbox 1654 1097 1733 1121; x_wconf 85' lang='lat' dir='ltr'>mo·</span> 
     </span>
     <span class='ocr_line' id='line_1_52' title="bbox 1070 1141 1734 1191; baseline 0.002 -14"><span class='ocrx_word' id='word_1_244' title='bbox 1070 1141 1163 1186; x_wconf 90' lang='lat' dir='ltr'>nuit,</span> <span class='ocrx_word' id='word_1_245' title='bbox 1194 1141 1302 1190; x_wconf 87' lang='lat' dir='ltr'>plane</span> <span class='ocrx_word' id='word_1_246' title='bbox 1321 1145 1360 1177; x_wconf 92' lang='lat' dir='ltr'>ut</span> <span class='ocrx_word' id='word_1_247' title='bbox 1380 1141 1463 1178; x_wconf 92' lang='lat' dir='ltr'>olim</span> <span class='ocrx_word' id='word_1_248' title='bbox 1486 1154 1634 1191; x_wconf 89' lang='lat' dir='ltr'>quoque</span> <span class='ocrx_word' id='word_1_249' title='bbox 1646 1141 1734 1178; x_wconf 85' lang='lat' dir='ltr'>Ste-</span> 
     </span>
     <span class='ocr_line' id='line_1_53' title="bbox 1069 1197 1735 1248; baseline 0.003 -16"><span class='ocrx_word' id='word_1_250' title='bbox 1069 1197 1213 1247; x_wconf 85' lang='lat' dir='ltr'>phanus</span> <span class='ocrx_word' id='word_1_251' title='bbox 1232 1202 1312 1234; x_wconf 89' lang='lat' dir='ltr'>erat</span> <span class='ocrx_word' id='word_1_252' title='bbox 1332 1199 1546 1248; x_wconf 90' lang='lat' dir='ltr'>suspicatus.</span> <span class='ocrx_word' id='word_1_253' title='bbox 1593 1198 1669 1235; x_wconf 87' lang='lat' dir='ltr'>Sed</span> <span class='ocrx_word' id='word_1_254' title='bbox 1690 1198 1735 1234; x_wconf 89' lang='lat' dir='ltr'>li-</span> 
     </span>
     <span class='ocr_line' id='line_1_54' title="bbox 1071 1253 1733 1303; baseline 0 -13"><span class='ocrx_word' id='word_1_255' title='bbox 1071 1253 1125 1290; x_wconf 91' lang='lat' dir='ltr'>bri</span> <span class='ocrx_word' id='word_1_256' title='bbox 1145 1254 1267 1303; x_wconf 89' lang='lat' dir='ltr'>seripti</span> <span class='ocrx_word' id='word_1_257' title='bbox 1287 1266 1360 1290; x_wconf 90' lang='lat' dir='ltr'>non</span> <span class='ocrx_word' id='word_1_258' title='bbox 1381 1255 1566 1291; x_wconf 89' lang='lat' dir='ltr'>addicunt.</span> <span class='ocrx_word' id='word_1_259' title='bbox 1603 1253 1667 1290; x_wconf 91' lang='lat' dir='ltr'>Tu</span> <span class='ocrx_word' id='word_1_260' title='bbox 1686 1254 1733 1291; x_wconf 90' lang='lat' dir='ltr'>cf.</span> 
     </span>
     <span class='ocr_line' id='line_1_55' title="bbox 1070 1309 1734 1357; baseline 0.003 -11"><span class='ocrx_word' id='word_1_261' title='bbox 1070 1309 1211 1346; x_wconf 90' lang='lat' dir='ltr'>Herod.</span> <span class='ocrx_word' id='word_1_262' title='bbox 1234 1310 1300 1356; x_wconf 81' lang='lat' dir='ltr'>IX,</span> <span class='ocrx_word' id='word_1_263' title='bbox 1320 1311 1373 1350; x_wconf 88' lang='lat'>66</span> <span class='ocrx_word' id='word_1_264' title='bbox 1402 1315 1440 1348; x_wconf 90' lang='lat' dir='ltr'>et</span> <span class='ocrx_word' id='word_1_265' title='bbox 1458 1310 1512 1357; x_wconf 90' lang='lat' dir='ltr'>V,</span> <span class='ocrx_word' id='word_1_266' title='bbox 1541 1312 1633 1350; x_wconf 88' lang='lat'><strong>106.</strong></span> <span class='ocrx_word' id='word_1_267' title='bbox 1674 1309 1734 1348; x_wconf 84' lang='lat' dir='ltr'>Ad</span> 
     </span>
     <span class='ocr_line' id='line_1_56' title="bbox 1070 1364 1734 1417; baseline 0.003 -15"><span class='ocrx_word' id='word_1_268' title='bbox 1070 1378 1197 1403; x_wconf 85' lang='lat' dir='ltr'>vocem</span> <span class='ocrx_word' id='word_1_269' title='bbox 1219 1368 1352 1417; x_wconf 82' lang='grc' dir='ltr'><em>χρῆμα</em></span> <span class='ocrx_word' id='word_1_270' title='bbox 1371 1366 1511 1404; x_wconf 88' lang='lat' dir='ltr'>consul.</span> <span class='ocrx_word' id='word_1_271' title='bbox 1532 1366 1665 1404; x_wconf 86' lang='lat' dir='ltr'>Matth.</span> <span class='ocrx_word' id='word_1_272' title='bbox 1695 1364 1734 1417; x_wconf 77' lang='lat'>§-</span> 
     </span>
     <span class='ocr_line' id='line_1_57' title="bbox 1073 1420 1736 1474; baseline 0.003 -16"><span class='ocrx_word' id='word_1_273' title='bbox 1073 1420 1155 1464; x_wconf 82' lang='lat'>437</span> <span class='ocrx_word' id='word_1_274' title='bbox 1182 1435 1266 1472; x_wconf 86' lang='lat' dir='ltr'>pag.</span> <span class='ocrx_word' id='word_1_275' title='bbox 1289 1425 1384 1463; x_wconf 86' lang='lat'>816.</span> <span class='ocrx_word' id='word_1_276' title='bbox 1431 1423 1491 1460; x_wconf 83' lang='lat' dir='ltr'>Ad</span> <span class='ocrx_word' id='word_1_277' title='bbox 1510 1424 1627 1474; x_wconf 85' lang='lat' dir='ltr'>ipsam</span> <span class='ocrx_word' id='word_1_278' title='bbox 1650 1435 1736 1461; x_wconf 89' lang='lat' dir='ltr'>sen·</span> 
     </span>
     <span class='ocr_line' id='line_1_58' title="bbox 1072 1479 1734 1530; baseline 0.003 -14"><span class='ocrx_word' id='word_1_279' title='bbox 1072 1480 1225 1516; x_wconf 87' lang='lat' dir='ltr'>tentiam</span> <span class='ocrx_word' id='word_1_280' title='bbox 1254 1480 1381 1517; x_wconf 88' lang='lat' dir='ltr'>confer</span> <span class='ocrx_word' id='word_1_281' title='bbox 1401 1480 1565 1530; x_wconf 90' lang='lat' dir='ltr'>Euripid.</span> <span class='ocrx_word' id='word_1_282' title='bbox 1593 1479 1734 1530; x_wconf 84' lang='lat' dir='ltr'>Suppll..</span> 
     </span>
     <span class='ocr_line' id='line_1_59' title="bbox 1071 1534 1736 1587; baseline -0.002 -12"><span class='ocrx_word' id='word_1_283' title='bbox 1071 1535 1153 1576; x_wconf 79' lang='lat'>428</span> <span class='ocrx_word' id='word_1_284' title='bbox 1166 1534 1295 1583; x_wconf 80' lang='lat'>(445).</span> <span class='ocrx_word' id='word_1_285' title='bbox 1314 1537 1514 1575; x_wconf 90' lang='lat' dir='ltr'>Stobaeum</span> <span class='ocrx_word' id='word_1_286' title='bbox 1535 1537 1609 1574; x_wconf 86' lang='lat' dir='ltr'>Tit.</span> <span class='ocrx_word' id='word_1_287' title='bbox 1630 1535 1683 1577; x_wconf 85' lang='lat'>48</span> <span class='ocrx_word' id='word_1_288' title='bbox 1700 1549 1736 1587; x_wconf 86' lang='lat' dir='ltr'>p.</span> 
     </span>
     <span class='ocr_line' id='line_1_60' title="bbox 1072 1591 1733 1643; baseline 0.002 -14"><span class='ocrx_word' id='word_1_289' title='bbox 1072 1593 1156 1633; x_wconf 84' lang='lat'>343</span> <span class='ocrx_word' id='word_1_290' title='bbox 1167 1605 1244 1641; x_wconf 91' lang='lat' dir='ltr'>seq.</span> <span class='ocrx_word' id='word_1_291' title='bbox 1267 1591 1313 1629; x_wconf 93' lang='lat' dir='ltr'>T.</span> <span class='ocrx_word' id='word_1_292' title='bbox 1327 1593 1359 1629; x_wconf 95' lang='lat' dir='ltr'>lI</span> <span class='ocrx_word' id='word_1_293' title='bbox 1380 1606 1415 1643; x_wconf 84' lang='lat' dir='ltr'>p.</span> <span class='ocrx_word' id='word_1_294' title='bbox 1427 1592 1505 1634; x_wconf 84' lang='lat'>341</span> <span class='ocrx_word' id='word_1_295' title='bbox 1521 1606 1598 1642; x_wconf 87' lang='lat' dir='ltr'>seq.</span> <span class='ocrx_word' id='word_1_296' title='bbox 1613 1593 1733 1630; x_wconf 87' lang='lat' dir='ltr'>Gaisf.</span> 
     </span>
     <span class='ocr_line' id='line_1_61' title="bbox 1072 1648 1735 1698; baseline 0 -12"><span class='ocrx_word' id='word_1_297' title='bbox 1072 1653 1108 1686; x_wconf 92' lang='lat' dir='ltr'>et</span> <span class='ocrx_word' id='word_1_298' title='bbox 1127 1661 1222 1698; x_wconf 92' lang='lat' dir='ltr'>quae</span> <span class='ocrx_word' id='word_1_299' title='bbox 1241 1648 1311 1685; x_wconf 90' lang='lat' dir='ltr'>alia</span> <span class='ocrx_word' id='word_1_300' title='bbox 1322 1649 1376 1686; x_wconf 93' lang='lat' dir='ltr'>his</span> <span class='ocrx_word' id='word_1_301' title='bbox 1398 1649 1551 1687; x_wconf 82' lang='lat' dir='ltr'>maxime</span> <span class='ocrx_word' id='word_1_302' title='bbox 1571 1661 1735 1698; x_wconf 82' lang='lat' dir='ltr'>congrua</span> 
     </span>
     <span class='ocr_line' id='line_1_62' title="bbox 1072 1705 1732 1743; baseline 0 -1"><span class='ocrx_word' id='word_1_303' title='bbox 1072 1705 1160 1742; x_wconf 88' lang='lat' dir='ltr'>citat</span> <span class='ocrx_word' id='word_1_304' title='bbox 1177 1705 1220 1742; x_wconf 92' lang='lat' dir='ltr'>C.</span> <span class='ocrx_word' id='word_1_305' title='bbox 1243 1705 1305 1742; x_wconf 88' lang='lat' dir='ltr'>Fr.</span> <span class='ocrx_word' id='word_1_306' title='bbox 1325 1706 1526 1743; x_wconf 90' lang='lat' dir='ltr'>Hermann.</span> <span class='ocrx_word' id='word_1_307' title='bbox 1539 1705 1673 1743; x_wconf 89' lang='lat' dir='ltr'>Lehrb.</span> <span class='ocrx_word' id='word_1_308' title='bbox 1694 1705 1732 1742; x_wconf 91' lang='lat' dir='ltr'>d.</span> 
     </span>
     <span class='ocr_line' id='line_1_63' title="bbox 1073 1760 1740 1813; baseline -0.001 -15"><span class='ocrx_word' id='word_1_309' title='bbox 1073 1761 1217 1799; x_wconf 91' lang='lat' dir='ltr'>Griech.</span> <span class='ocrx_word' id='word_1_310' title='bbox 1231 1761 1504 1800; x_wconf 88' lang='lat' dir='ltr'>Staatsalterth.</span> <span class='ocrx_word' id='word_1_311' title='bbox 1527 1760 1565 1813; x_wconf 64' lang='grc' dir='ltr'>ἓ.</span> <span class='ocrx_word' id='word_1_312' title='bbox 1586 1764 1637 1802; x_wconf 82' lang='lat'>63</span> <span class='ocrx_word' id='word_1_313' title='bbox 1656 1762 1740 1798; x_wconf 65' lang='lat' dir='ltr'>not.</span> 
     </span>
     <span class='ocr_line' id='line_1_64' title="bbox 1073 1818 1733 1857; baseline -0.002 -1"><span class='ocrx_word' id='word_1_314' title='bbox 1073 1820 1110 1857; x_wconf 89' lang='lat'>6.</span> <span class='ocrx_word' id='word_1_315' title='bbox 1141 1819 1321 1855; x_wconf 78' lang='lat' dir='ltr'>Videntur</span> <span class='ocrx_word' id='word_1_316' title='bbox 1343 1819 1437 1856; x_wconf 89' lang='lat' dir='ltr'>enim</span> <span class='ocrx_word' id='word_1_317' title='bbox 1451 1819 1665 1856; x_wconf 88' lang='lat' dir='ltr'>Herodotea</span> <span class='ocrx_word' id='word_1_318' title='bbox 1686 1818 1733 1855; x_wconf 92' lang='lat' dir='ltr'>de</span> 
     </span>
     <span class='ocr_line' id='line_1_65' title="bbox 1071 1874 1736 1925; baseline 0.003 -15"><span class='ocrx_word' id='word_1_319' title='bbox 1071 1875 1289 1921; x_wconf 68' lang='lat' dir='ltr'>monarchia,</span> <span class='ocrx_word' id='word_1_320' title='bbox 1301 1888 1328 1911; x_wconf 89' lang='lat' dir='ltr'>s.</span> <span class='ocrx_word' id='word_1_321' title='bbox 1350 1877 1454 1912; x_wconf 78' lang='lat' dir='ltr'>unius</span> <span class='ocrx_word' id='word_1_322' title='bbox 1474 1876 1617 1925; x_wconf 78' lang='lat' dir='ltr'>imperio</span> <span class='ocrx_word' id='word_1_323' title='bbox 1637 1874 1736 1912; x_wconf 90' lang='lat' dir='ltr'>hisce</span> 
     </span>
     <span class='ocr_line' id='line_1_66' title="bbox 1072 1931 1735 1979; baseline 0 -12"><span class='ocrx_word' id='word_1_324' title='bbox 1072 1943 1147 1968; x_wconf 90' lang='lat' dir='ltr'>non</span> <span class='ocrx_word' id='word_1_325' title='bbox 1185 1931 1383 1969; x_wconf 84' lang='lat' dir='ltr'>admodum</span> <span class='ocrx_word' id='word_1_326' title='bbox 1423 1944 1503 1969; x_wconf 84' lang='lat' dir='ltr'>esse</span> <span class='ocrx_word' id='word_1_327' title='bbox 1536 1931 1735 1979; x_wconf 80' lang='lat' dir='ltr'>dissimilia,</span> 
     </span>
     <span class='ocr_line' id='line_1_67' title="bbox 1073 1987 1736 2038; baseline 0.002 -15"><span class='ocrx_word' id='word_1_328' title='bbox 1073 2000 1168 2036; x_wconf 91' lang='lat' dir='ltr'>quae</span> <span class='ocrx_word' id='word_1_329' title='bbox 1184 2000 1205 2024; x_wconf 90' lang='lat' dir='ltr'>a</span> <span class='ocrx_word' id='word_1_330' title='bbox 1221 1988 1391 2038; x_wconf 89' lang='lat' dir='ltr'>sophistis</span> <span class='ocrx_word' id='word_1_331' title='bbox 1408 2001 1474 2038; x_wconf 85' lang='lat' dir='ltr'>per</span> <span class='ocrx_word' id='word_1_332' title='bbox 1492 1988 1673 2026; x_wconf 81' lang='lat' dir='ltr'>Graeciae</span> <span class='ocrx_word' id='word_1_333' title='bbox 1691 1987 1736 2024; x_wconf 89' lang='lat' dir='ltr'>li-</span> 
     </span>
     <span class='ocr_line' id='line_1_68' title="bbox 1072 2044 1735 2092; baseline 0.002 -12"><span class='ocrx_word' id='word_1_334' title='bbox 1072 2044 1179 2081; x_wconf 86' lang='lat' dir='ltr'>beras</span> <span class='ocrx_word' id='word_1_335' title='bbox 1201 2044 1361 2082; x_wconf 85' lang='lat' dir='ltr'>civitates</span> <span class='ocrx_word' id='word_1_336' title='bbox 1379 2045 1557 2092; x_wconf 85' lang='lat' dir='ltr'>dictitata,</span> <span class='ocrx_word' id='word_1_337' title='bbox 1575 2044 1735 2081; x_wconf 90' lang='lat' dir='ltr'>omnium</span> 
     </span>
     <span class='ocr_line' id='line_1_69' title="bbox 1073 2101 1734 2151; baseline 0.002 -15"><span class='ocrx_word' id='word_1_338' title='bbox 1073 2101 1159 2138; x_wconf 88' lang='lat' dir='ltr'>inde</span> <span class='ocrx_word' id='word_1_339' title='bbox 1179 2113 1242 2138; x_wconf 83' lang='lat' dir='ltr'>ore</span> <span class='ocrx_word' id='word_1_340' title='bbox 1264 2101 1474 2138; x_wconf 85' lang='lat' dir='ltr'>serebantur</span> <span class='ocrx_word' id='word_1_341' title='bbox 1499 2101 1547 2139; x_wconf 93' lang='lat' dir='ltr'>de</span> <span class='ocrx_word' id='word_1_342' title='bbox 1565 2102 1734 2151; x_wconf 76' lang='lat' dir='ltr'>tyranni-</span> 
     </span>
     <span class='ocr_line' id='line_1_70' title="bbox 1073 2156 1734 2207; baseline 0 -14"><span class='ocrx_word' id='word_1_343' title='bbox 1073 2156 1137 2204; x_wconf 81' lang='lat' dir='ltr'>de,</span> <span class='ocrx_word' id='word_1_344' title='bbox 1169 2158 1270 2206; x_wconf 90' lang='lat' dir='ltr'>quod</span> <span class='ocrx_word' id='word_1_345' title='bbox 1293 2158 1454 2195; x_wconf 83' lang='lat' dir='ltr'>omnium</span> <span class='ocrx_word' id='word_1_346' title='bbox 1474 2170 1593 2194; x_wconf 91' lang='lat' dir='ltr'>rerum</span> <span class='ocrx_word' id='word_1_347' title='bbox 1615 2156 1734 2207; x_wconf 89' lang='lat' dir='ltr'>publi-</span> 
     </span>
     <span class='ocr_line' id='line_1_71' title="bbox 1071 2213 1734 2263; baseline 0 -13"><span class='ocrx_word' id='word_1_348' title='bbox 1071 2226 1194 2251; x_wconf 91' lang='lat' dir='ltr'>carum</span> <span class='ocrx_word' id='word_1_349' title='bbox 1233 2227 1348 2263; x_wconf 85' lang='lat' dir='ltr'>genus</span> <span class='ocrx_word' id='word_1_350' title='bbox 1377 2214 1608 2252; x_wconf 84' lang='lat' dir='ltr'>deterrimum</span> <span class='ocrx_word' id='word_1_351' title='bbox 1640 2213 1734 2250; x_wconf 88' lang='lat' dir='ltr'>iudi-</span> 
     </span>
     <span class='ocr_line' id='line_1_72' title="bbox 1072 2270 1232 2307; baseline -0.006 0"><span class='ocrx_word' id='word_1_352' title='bbox 1072 2270 1232 2307; x_wconf 87' lang='lat' dir='ltr'>cabatur.</span> 
     </span>
    </p>

    <p class='ocr_par' dir='ltr' id='par_1_17' title="bbox 1071 2321 1735 2941">
     <span class='ocr_line' id='line_1_73' title="bbox 1129 2321 1734 2380; baseline -0.002 -15"><span class='ocrx_word' id='word_1_353' title='bbox 1129 2329 1179 2380; x_wconf 79' lang='grc' dir='ltr'>τῇ</span> <span class='ocrx_word' id='word_1_354' title='bbox 1202 2325 1321 2373; x_wconf 75' lang='grc' dir='ltr'><strong><em>ἔξεστι</em></strong></span> <span class='ocrx_word' id='word_1_355' title='bbox 1344 2321 1560 2377; x_wconf 67' lang='grc' dir='ltr'><em>ἀνευθύνῳ</em></span> <span class='ocrx_word' id='word_1_356' title='bbox 1582 2322 1734 2364; x_wconf 86' lang='grc' dir='ltr'><em>ποιὲειν</em></span> 
     </span>
     <span class='ocr_line' id='line_1_74' title="bbox 1073 2378 1734 2433; baseline -0.003 -13"><span class='ocrx_word' id='word_1_357' title='bbox 1073 2378 1121 2420; x_wconf 70' lang='grc' dir='ltr'>τοὶ</span> <span class='ocrx_word' id='word_1_358' title='bbox 1141 2378 1339 2433; x_wconf 78' lang='grc' dir='ltr'>βούλεται]</span> <span class='ocrx_word' id='word_1_359' title='bbox 1371 2383 1480 2429; x_wconf 89' lang='lat' dir='ltr'>,‚Vid.</span> <span class='ocrx_word' id='word_1_360' title='bbox 1495 2383 1606 2431; x_wconf 87' lang='lat' dir='ltr'>Hugo</span> <span class='ocrx_word' id='word_1_361' title='bbox 1628 2383 1734 2419; x_wconf 88' lang='lat' dir='ltr'>Grot.</span> 
     </span>
     <span class='ocr_line' id='line_1_75' title="bbox 1074 2438 1734 2489; baseline 0 -14"><span class='ocrx_word' id='word_1_362' title='bbox 1074 2439 1121 2476; x_wconf 93' lang='lat' dir='ltr'>de</span> <span class='ocrx_word' id='word_1_363' title='bbox 1143 2439 1211 2476; x_wconf 90' lang='lat' dir='ltr'>lur.</span> <span class='ocrx_word' id='word_1_364' title='bbox 1235 2440 1278 2476; x_wconf 92' lang='lat' dir='ltr'>B.</span> <span class='ocrx_word' id='word_1_365' title='bbox 1301 2445 1338 2477; x_wconf 91' lang='lat' dir='ltr'>et</span> <span class='ocrx_word' id='word_1_366' title='bbox 1358 2439 1442 2476; x_wconf 90' lang='lat' dir='ltr'>Pac.</span> <span class='ocrx_word' id='word_1_367' title='bbox 1463 2438 1524 2476; x_wconf 90' lang='lat' dir='ltr'>lib.</span> <span class='ocrx_word' id='word_1_368' title='bbox 1543 2439 1556 2475; x_wconf 93' lang='lat' dir='ltr'>l</span> <span class='ocrx_word' id='word_1_369' title='bbox 1580 2452 1659 2489; x_wconf 90' lang='lat' dir='ltr'>cap.</span> <span class='ocrx_word' id='word_1_370' title='bbox 1683 2438 1734 2475; x_wconf 81' lang='grc' dir='ltr'>ΙΙΙ</span> 
     </span>
     <span class='ocr_line' id='line_1_76' title="bbox 1074 2493 1735 2545; baseline -0.003 -11"><span class='ocrx_word' id='word_1_371' title='bbox 1074 2493 1111 2545; x_wconf 63' lang='grc' dir='ltr'>ἓ.</span> <span class='ocrx_word' id='word_1_372' title='bbox 1139 2498 1175 2534; x_wconf 85' lang='lat'>8.</span> <span class='ocrx_word' id='word_1_373' title='bbox 1202 2497 1238 2535; x_wconf 86' lang='lat'>9.</span> <span class='ocrx_word' id='word_1_374' title='bbox 1270 2499 1330 2536; x_wconf 88' lang='lat'>10.</span> <span class='ocrx_word' id='word_1_375' title='bbox 1361 2495 1496 2532; x_wconf 89' lang='lat' dir='ltr'>Haller.</span> <span class='ocrx_word' id='word_1_376' title='bbox 1523 2496 1735 2533; x_wconf 79' lang='lat' dir='ltr'>Restaurat.</span> 
     </span>
     <span class='ocr_line' id='line_1_77' title="bbox 1074 2551 1735 2603; baseline 0.002 -16"><span class='ocrx_word' id='word_1_377' title='bbox 1074 2552 1110 2587; x_wconf 93' lang='lat' dir='ltr'>d.</span> <span class='ocrx_word' id='word_1_378' title='bbox 1129 2551 1458 2589; x_wconf 82' lang='lat' dir='ltr'>Staatswissensch.</span> <span class='ocrx_word' id='word_1_379' title='bbox 1478 2552 1491 2588; x_wconf 93' lang='lat' dir='ltr'>l</span> <span class='ocrx_word' id='word_1_380' title='bbox 1512 2565 1597 2603; x_wconf 84' lang='lat' dir='ltr'>pag.</span> <span class='ocrx_word' id='word_1_381' title='bbox 1612 2553 1735 2593; x_wconf 75' lang='lat'>462.“</span> 
     </span>
     <span class='ocr_line' id='line_1_78' title="bbox 1074 2602 1735 2654; baseline 0.003 -10"><span class='ocrx_word' id='word_1_382' title='bbox 1074 2607 1139 2644; x_wconf 86' lang='lat' dir='ltr'>Cr.</span> <span class='ocrx_word' id='word_1_383' title='bbox 1161 2602 1391 2654; x_wconf 65' lang='grc' dir='ltr'><em>ἀνεύθυνος</em></span> <span class='ocrx_word' id='word_1_384' title='bbox 1413 2609 1459 2645; x_wconf 89' lang='lat' dir='ltr'>de</span> <span class='ocrx_word' id='word_1_385' title='bbox 1484 2608 1735 2646; x_wconf 84' lang='lat' dir='ltr'>Romanorum</span> 
     </span>
     <span class='ocr_line' id='line_1_79' title="bbox 1073 2664 1733 2715; baseline 0.002 -15"><span class='ocrx_word' id='word_1_386' title='bbox 1073 2664 1251 2702; x_wconf 82' lang='lat' dir='ltr'>dictatore</span> <span class='ocrx_word' id='word_1_387' title='bbox 1292 2665 1391 2714; x_wconf 82' lang='lat' dir='ltr'>apud</span> <span class='ocrx_word' id='word_1_388' title='bbox 1425 2664 1580 2715; x_wconf 79' lang='lat' dir='ltr'>Dionys,</span> <span class='ocrx_word' id='word_1_389' title='bbox 1616 2664 1733 2701; x_wconf 85' lang='lat' dir='ltr'>Halic.</span> 
     </span>
     <span class='ocr_line' id='line_1_80' title="bbox 1072 2719 1732 2768; baseline 0.003 -12"><span class='ocrx_word' id='word_1_390' title='bbox 1072 2719 1223 2768; x_wconf 79' lang='lat' dir='ltr'>Antiqq.</span> <span class='ocrx_word' id='word_1_391' title='bbox 1253 2722 1397 2758; x_wconf 73' lang='lat' dir='ltr'>Romm.</span> <span class='ocrx_word' id='word_1_392' title='bbox 1427 2722 1472 2767; x_wconf 81' lang='lat' dir='ltr'>V,</span> <span class='ocrx_word' id='word_1_393' title='bbox 1492 2724 1557 2762; x_wconf 90' lang='lat'>70.</span> <span class='ocrx_word' id='word_1_394' title='bbox 1582 2721 1644 2767; x_wconf 88' lang='lat' dir='ltr'>Vl,</span> <span class='ocrx_word' id='word_1_395' title='bbox 1666 2722 1732 2761; x_wconf 88' lang='lat'>38.</span> 
     </span>
     <span class='ocr_line' id='line_1_81' title="bbox 1071 2774 1732 2824; baseline 0 -11"><span class='ocrx_word' id='word_1_396' title='bbox 1071 2776 1153 2823; x_wconf 79' lang='lat' dir='ltr'>vn,</span> <span class='ocrx_word' id='word_1_397' title='bbox 1165 2779 1228 2817; x_wconf 88' lang='lat'>56.</span> <span class='ocrx_word' id='word_1_398' title='bbox 1261 2777 1356 2813; x_wconf 86' lang='lat' dir='ltr'>Add.</span> <span class='ocrx_word' id='word_1_399' title='bbox 1371 2777 1458 2815; x_wconf 89' lang='lat' dir='ltr'>ibid.</span> <span class='ocrx_word' id='word_1_400' title='bbox 1473 2776 1502 2824; x_wconf 88' lang='grc' dir='ltr'>Ι,</span> <span class='ocrx_word' id='word_1_401' title='bbox 1516 2778 1580 2818; x_wconf 86' lang='grc'>50.</span> <span class='ocrx_word' id='word_1_402' title='bbox 1591 2778 1656 2823; x_wconf 87' lang='grc' dir='ltr'>ΧΙ,</span> <span class='ocrx_word' id='word_1_403' title='bbox 1667 2774 1732 2815; x_wconf 89' lang='lat'>41.</span> 
     </span>
     <span class='ocr_line' id='line_1_82' title="bbox 1073 2833 1733 2883; baseline 0 -15"><span class='ocrx_word' id='word_1_404' title='bbox 1073 2833 1114 2869; x_wconf 90' lang='lat' dir='ltr'>lu</span> <span class='ocrx_word' id='word_1_405' title='bbox 1128 2834 1527 2871; x_wconf 87' lang='lat' dir='ltr'>omuibusGraecorum</span> <span class='ocrx_word' id='word_1_406' title='bbox 1547 2835 1654 2871; x_wconf 89' lang='lat' dir='ltr'>rebus</span> <span class='ocrx_word' id='word_1_407' title='bbox 1664 2845 1733 2883; x_wconf 88' lang='lat' dir='ltr'>pu-</span> 
     </span>
     <span class='ocr_line' id='line_1_83' title="bbox 1075 2888 1732 2941; baseline -0.002 -14"><span class='ocrx_word' id='word_1_408' title='bbox 1075 2888 1173 2927; x_wconf 85' lang='lat' dir='ltr'>blicis</span> <span class='ocrx_word' id='word_1_409' title='bbox 1183 2889 1304 2927; x_wconf 88' lang='lat' dir='ltr'>liberis</span> <span class='ocrx_word' id='word_1_410' title='bbox 1322 2902 1402 2927; x_wconf 87' lang='lat' dir='ltr'>cum</span> <span class='ocrx_word' id='word_1_411' title='bbox 1412 2890 1480 2928; x_wconf 92' lang='lat' dir='ltr'>hoc</span> <span class='ocrx_word' id='word_1_412' title='bbox 1497 2890 1658 2941; x_wconf 88' lang='lat' dir='ltr'>inprimis</span> <span class='ocrx_word' id='word_1_413' title='bbox 1674 2902 1732 2927; x_wconf 88' lang='lat' dir='ltr'>re-</span> 
     </span>
    </p>
   </div>
   <div class='ocr_carea' id='block_1_15' title="bbox 1570 432 1819 478">
    <p class='ocr_par' dir='ltr' id='par_1_18' title="bbox 1570 432 1819 478">
     <span class='ocr_line' id='line_1_84' title="bbox 1570 432 1819 478; baseline 0.004 -1"><span class='ocrx_word' id='word_1_414' title='bbox 1570 432 1672 477; x_wconf 79' lang='grc' dir='ltr'>οὔτε</span> <span class='ocrx_word' id='word_1_415' title='bbox 1733 437 1819 478; x_wconf 79' lang='lat'>238</span> 
     </span>
    </p>
   </div>
  </div>
 </body>
</html>
