1904 3304
455 244 539 284 491
839 241 1303 283 HERODOTI

452 350 684 408 ἡμετέρην,
715 350 822 406 ἄρξῃ
851 365 895 392 τε
924 348 1131 403 ἀδικέων,
1184 352 1257 394 καὶ
1285 351 1402 408 ἡμεῖς
1433 351 1486 395 οὐ
1515 354 1706 411 πεισόμε-

425 429 531 467 6θα.
577 424 699 478 μέχρι
738 422 783 463 δὲ
823 424 952 463 τοῦτο
993 422 1174 475 ἴδωμεν,
1222 421 1424 477 μενέομεν
1460 425 1567 479 παρ’
1603 425 1707 482 ἡμῖν

452 493 632 538 αὐτοῖσι.
690 491 812 548 ἥκειν
849 491 931 546 γαρ
971 491 1175 546 δοκέομεν
1215 489 1297 534 οὐκ
1337 491 1404 534 ἐπ’
1434 490 1565 547 ἡμέας
1599 495 1706 550 Πέρ-

450 576 548 616 σας,
580 560 673 606 ἀλλ’
705 562 773 605 ἐπὶ
801 561 903 612 τοὺς
934 562 1100 611 αἰτίους
1122 565 1196 616 τῆς
1215 558 1382 617 ἀδικίης
1402 563 1762 618 γενομένους.“35

564 637 711 677 Ταῦτα
753 633 812 683 ὦς
853 631 1164 687 ἀπενειχθέντα
1194 629 1413 674 ἐπύθοντο
1445 634 1488 674 οῖ
1515 634 1705 686 Σκύθαι,

451 705 736 762 ἐβουλεύοντο
769 703 1004 760 ἰθυμαχίην
1041 701 1120 757 μὲν
1155 701 1369 756 μηδεμίαν
1406 701 1630 747 ποιέεσθαι
1659 704 1706 748 ἐκ

291 637 390 681 120

119 699 249 735 Scythae
259 701 329 727 belli
342 710 393 735 gc-

136 735 222 762 rendi
259 735 376 763 modum

394 868 467 905 quo
495 857 539 892 cf.
565 856 686 893 Sturz.
716 857 753 893 in
772 855 860 893 Lex.
880 854 1049 906 Xenoph.

393 912 444 950 lv
471 925 508 963 p.
528 911 605 953 541
636 926 689 950 nr.
710 914 735 953 3
763 917 801 950 et
826 912 964 949 Herod.
986 913 1049 959 lv,

397 971 433 1009 1.
464 990 515 996 —
560 968 601 1005 In
628 982 731 1018 seqq.
763 969 892 1005 retinui
924 968 1049 1016 vulga-

395 1030 490 1062 tam:
521 1023 588 1062 καὶ
613 1023 727 1075 ἡμεῖς
747 1020 796 1063 ου’
812 1019 1048 1075 πεισόμεθα,

395 1082 419 1119 i.
447 1094 479 1118 e.
508 1094 571 1117 nos
599 1095 731 1131 quoque
761 1082 872 1128 (hanc
895 1081 1051 1117 invasio-

395 1137 499 1183 nem)
517 1151 583 1173 ηοη
599 1139 820 1174 tolerabimus
840 1151 867 1174 s.
889 1139 1049 1173 sinemus.

395 1192 586 1243 Displicuit
607 1194 868 1242 Wesselingio:
900 1188 948 1231 ου’
965 1207 1051 1231 πει-

396 1245 572 1299 σόμεθα,
595 1250 694 1286 cuius
714 1249 794 1286 loco
814 1249 851 1285 in
871 1249 1051 1286 Sancrosti

393 1305 486 1342 libro
497 1310 614 1342 exstat
632 1301 705 1344 οὐκ
727 1300 937 1355 οἰσόμεθα.
964 1304 1051 1342 val-

393 1362 496 1400 cken.
512 1363 730 1399 coniecerat:
752 1373 828 1411 σφε
842 1357 1049 1411 τισόμεθα,

392 1418 573 1468 probante
605 1417 798 1455 Larchero.
856 1418 1049 1466 Schweig-

393 1474 556 1511 haeuser.
576 1474 621 1512 de
640 1487 704 1510 suo
721 1475 874 1512 dederat
887 1469 936 1512 ου’
950 1489 1050 1512 παυ-

394 1525 564 1579 σόμεθα,
584 1543 625 1567 ηε
642 1544 703 1567 nos
722 1531 860 1580 quidem
877 1532 978 1566 otiosi
998 1544 1050 1567 se-

393 1586 560 1632 (zebinam,
580 1588 691 1623 citans
704 1587 731 1632 l,
744 1587 886 1632 83.1X‚
905 1588 969 1626 52.
999 1587 1050 1623 At

389 1656 474 1681 mox
483 1655 564 1680 eum
574 1643 764 1693 poenituit.
789 1643 998 1679 Gaisfordio
1012 1643 1049 1679 in

389 1703 549 1737 mentem
576 1703 723 1737 venerat
752 1695 825 1737 οὐκ
845 1695 1048 1748 ύπησὸμε-

389 1759 470 1801 θα,
502 1756 656 1803 Stegero
688 1755 826 1801 (praes.
856 1768 941 1805 pag.
959 1755 1048 1804 XV)

395 1806 443 1851 ου’
460 1807 790 1862 κατακεισόμεθα,
823 1824 902 1849 cum
930 1826 1049 1849 κατα-

393 1871 553 1907 κεῖσθαι
574 1869 747 1914 dicantur,
772 1869 832 1916 qui
852 1869 953 1904 otiosi
964 1870 1047 1915 sint,

395 1936 455 1972 ap.
478 1924 646 1973 Xenoph.
670 1924 785 1961 Anah.
808 1924 870 1970 111,
904 1927 921 1962 1
938 1952 948 1970 ‚
984 1923 1048 1964 14.

395 1980 444 2018 Et
462 1992 560 2026 sane,
583 1981 612 2016 si
632 1981 719 2028 quid
739 1981 884 2016 omnino
903 1984 1048 2017 mutan-

396 2037 497 2081 dum,
519 2049 584 2086 pro
596 2032 645 2074 οὕ
665 2032 880 2087 πεισόμεθα
890 2037 963 2074 sive
975 2033 1048 2075 οὐκ

395 2087 592 2142 οἰσόμεθα
611 2093 734 2130 melius
757 2093 829 2141 legi
851 2089 899 2131 ου’
920 2088 1049 2131 κεισό-

394 2152 523 2200 μεθα,
562 2146 698 2200 (,,ἠοιιε
724 2162 766 2186 πε
792 2152 956 2185 resterons
981 2162 1050 2199 pas

391 2206 483 2242 (lans
517 2203 768 2257 vinaccioffl)
816 2211 939 2243 monet
974 2205 1048 2243 Le-

389 2265 522 2299 troune
552 2262 679 2301 Journ.
713 2263 746 2300 d.
768 2262 851 2298 Sav.
872 2264 977 2303 1817
1008 2275 1046 2312 p,

390 2319 468 2364 90,
518 2330 736 2367 quamquam
774 2317 861 2354 nihil
897 2330 1047 2368 prorsus

389 2374 597 2410 novandum
626 2387 707 2411 esse
733 2375 927 2412 rectissime
950 2375 1047 2410 idem

394 2433 552 2466 statuere
578 2430 737 2476 videtur,
781 2430 939 2466 afferens
966 2429 1047 2467 De-

392 2485 590 2522 mosthenis
619 2485 733 2522 locum
754 2498 797 2522 ex
818 2490 906 2522 orat.
929 2491 1044 2522 contr.

393 2541 591 2579 Timocrat.
619 2555 654 2592 p.
685 2541 789 2587 745,
819 2544 871 2580 23
903 2542 1046 2588 Reisk„

392 2598 455 2634 ubi
481 2597 588 2648 plane
613 2598 741 2635 eodem
760 2599 870 2633 modo
893 2593 940 2636 οὐ
963 2599 1046 2636 πεί-

396 2665 515 2704 σομαι
554 2655 644 2701 (‚.je
673 2655 707 2690 π’
738 2655 871 2690 obe‘irzn·
896 2667 982 2703 pas,
1007 2655 1047 2701 je

394 2722 437 2747 ne
469 2710 611 2746 οὔάεὶ-αι’
634 2724 724 2760 pas,
757 2711 796 2757 je
822 2724 862 2746 ne
890 2723 941 2747 me
969 2724 1048 2747 son-

396 2768 542 2803 mettraz'
571 2779 659 2815 pas,
689 2767 729 2813 je
756 2767 824 2816 m'y
851 2770 1047 2816 opposet·az',·

396 2823 447 2859 ita
465 2827 504 2860 ut
521 2823 556 2860 in
569 2823 781 2860 Herodoteo
802 2823 879 2859 loco
897 2818 945 2861 ου’
965 2824 1047 2862 πεί-

397 2890 515 2930 σομαι
547 2879 645 2918 idem
678 2880 756 2918 sere
788 2879 907 2918 valeat
939 2885 1048 2931 atque

1107 847 1492 903 ἕναντιωθησόμεθα
1518 855 1574 893 vel
1599 853 1763 908 μαχεσό-

1106 912 1211 959 μεθα
1223 911 1284 958 (ut
1294 922 1326 946 v.
1339 910 1436 959 apud
1448 911 1614 962 Xenoph.
1625 913 1761 964 Cyrop.

1105 965 1186 1011 vu,
1208 964 1246 1012 4,
1272 968 1290 1004 1
1314 970 1349 1002 et
1373 965 1451 1011 Vll,
1476 965 1514 1013 4,
1541 970 1599 1016 3).
1639 970 1763 1013 Quare

1105 1021 1289 1057 herodoti
1307 1021 1422 1058 locum
1442 1022 1493 1059 sie
1502 1024 1640 1061 Gallice
1651 1025 1764 1063 inter-

1106 1082 1290 1127 pretatur:
1316 1077 1392 1124 „Si
1407 1077 1565 1117 l’ennemz'
1583 1081 1610 1115 ε’
1631 1094 1764 1118 αυαηεε

1108 1137 1223 1169 contre
1249 1137 1345 1169 notre
1372 1137 1556 1183 terrttoz’re,
1585 1137 1642 1172 s'il
1674 1151 1764 1174 com-

1106 1201 1219 1225 mence
1237 1189 1284 1225 les
1301 1190 1484 1238 hostilitas,
1505 1196 1535 1228 et
1555 1206 1639 1228 nous
1653 1196 1763 1240 aussi,

1106 1257 1192 1281 nous
1202 1245 1255 1281 ίιιὶ
1267 1247 1505 1283 resisteronsf‘
1532 1249 1762 1297 Rectissime,

1105 1302 1185 1338 meai
1209 1302 1354 1350 quidem
1374 1314 1417 1339 ex
1434 1304 1622 1341 sententia.
1664 1305 1764 1343 Hoe-

1105 1370 1181 1405 ger.
1202 1358 1238 1393 in
1257 1359 1349 1394 Actt.
1371 1358 1678 1408 philoll.Monacc.
1696 1362 1762 1409 ΙΙΙ,

1105 1415 1131 1453 4
1162 1426 1245 1463 pag.
1275 1414 1355 1454 490
1387 1427 1491 1464 seqq.
1522 1415 1616 1452 hunc
1645 1416 1761 1456 locum

1105 1469 1156 1506 ita
1176 1471 1395 1508 constituere
1416 1472 1516 1518 vult,
1547 1478 1588 1508 ut
1609 1486 1675 1522 pro
1694 1473 1762 1513 καὶ

1105 1523 1220 1575 ’ἡμεῖς
1258 1522 1307 1564 ου’
1344 1524 1568 1578 πεισόμεθα
1601 1529 1762 1578 legatur:

1106 1581 1172 1620 καὶ
1201 1580 1316 1632 ἡμεῖς
1344 1578 1659 1634 ἀπωσόμεθα
1688 1589 1759 1633 (sc.

1107 1634 1270 1686 av’to‘v):
1309 1642 1339 1675 et
1365 1652 1425 1675 nos
1452 1641 1611 1691 repellere
1640 1640 1761 1692 (eum)

1104 1696 1304 1731 conabimur
1315 1709 1327 1739 ,·
1369 1696 1445 1732 erui
1474 1710 1620 1746 quoque
1652 1712 1761 1749 posse

1107 1745 1390 1801 ἀμυνεύμεθα,
1431 1758 1466 1789 et
1492 1755 1610 1803 ipsum
1640 1754 1762 1791 Hero-

1105 1808 1275 1854 doteum,
1313 1808 1383 1844 nisi
1413 1808 1450 1844 id
1482 1809 1590 1859 paulo
1618 1809 1760 1859 longius

1106 1876 1128 1900 a
1147 1865 1317 1912 vulgatae
1338 1864 1499 1901 lectionis
1518 1866 1676 1915 vestigiis
1695 1868 1762 1904 ab-

1105 1932 1187 1958 esse
1234 1921 1429 1958 videretur.
1496 1921 1586 1958 Mihi
1624 1925 1660 1959 in
1700 1936 1758 1972 ea,

1104 1988 1213 2024 quam
1238 1989 1347 2026 supra
1374 1978 1546 2027 proposui
1564 1980 1760 2028 sententia,

1103 2034 1298 2082 persistere
1328 2033 1461 2083 placet.
1494 2055 1544 2060 —-
1593 2036 1654 2071 Ad
1681 2049 1762 2073 ver-

1106 2089 1153 2125 ba
1174 2088 1282 2140 μέχρι
1305 2088 1346 2127 δὲ
1365 2092 1480 2129 τοῦτο
1502 2089 1648 2140 ἴδωμεν
1667 2093 1759 2130 conf.

1104 2145 1234 2183 Matlh.
1272 2147 1337 2183 Gr.
1370 2146 1438 2185 Gr.
1479 2143 1521 2196 ᾗ.
1552 2149 1646 2197 623,
1681 2149 1760 2187 init.

1104 2215 1191 2253 pag.
1222 2202 1311 2242 165.

1302 2292 1409 2343 Cap.
1439 2292 1553 2329 cxx.

1159 2367 1414 2422 ἐβουλεύοντο
1429 2368 1661 2421 ἰθυμαχίην]
1676 2370 1757 2408 Vox

1105 2426 1297 2478 ι’θυμαχίη
1314 2440 1424 2478 supra
1444 2427 1516 2474 lv,
1550 2430 1638 2471 102.
1668 2428 1757 2463 Mox

1104 2484 1226 2535 scripsi
1244 2498 1324 2521 cum
1338 2484 1450 2520 Gaisf.
1477 2488 1514 2520 et
1534 2483 1662 2519 Mutth.
1683 2498 1757 2532 μη-

1103 2541 1242 2591 δεμίαν
1268 2553 1333 2591 pro
1366 2540 1561 2590 μηδεμίην
1589 2545 1626 2576 et
1648 2539 1757 2589 paulo

1102 2597 1248 2635 iuferius
1286 2597 1402 2646 μίαν,
1442 2597 1511 2646 μία
1546 2609 1612 2645 pro
1648 2596 1755 2646 μίην,

1104 2654 1185 2705 μίη.
1226 2652 1284 2689 Ad
1307 2652 1521 2689 locutionem
1540 2651 1581 2690 ἐκ
1598 2654 1668 2690 τοῦ
1688 2651 1756 2702 ἐμ·

1104 2707 1251 2760 φανέος
1268 2710 1360 2746 conf.
1381 2709 1440 2755 ΙΙΙ,
1468 2711 1558 2748 150.
1591 2708 1630 2744 ln
1650 2720 1755 2757 seqq.

1103 2780 1183 2804 cum
1207 2765 1406 2814 Schweigh.
1436 2773 1473 2802 et
1493 2765 1608 2802 Gaisf.
1629 2764 1754 2801 reduxi

1102 2822 1381 2873 προσεγίνοντο
1408 2834 1474 2872 pro
1496 2821 1590 2870 vulg.
1610 2832 1751 2870 προσε-

1101 2878 1282 2932 γένοντο,
1313 2879 1414 2931 quod
1434 2876 1566 2916 Matth.
1591 2877 1752 2915 retinuit.
