1904 3304
194 573 258 617 61

0 639 74 673 flagi
101 637 178 670 dun,
206 638 262 665 Pa-

1 673 108 701 izithes
124 673 263 700 etSmer-

0 707 52 741 lis,
71 707 199 741 fratres,
218 706 263 734 iu-

326 260 409 299 11⁰

743 254 1212 295 HERODOTI

324 378 472 424 γιστος
509 366 684 410 πάντων
720 369 842 422 νηῶν
869 368 959 408 τῶν
996 363 1117 420 ἡμεῖς
1144 365 1291 418 ἰ’δμεν·
1346 366 1425 406 τοῦ
1465 360 1592 418 ἀρχι-

323 439 484 483 τέκτων
532 442 704 492 πρῶτος
753 435 919 492 ἐγένετο
960 434 1129 485 Ῥοῖκος
1170 437 1309 478 Φίλεω
1354 432 1593 490 ἐπιχώριος.

330 511 508 554 Τούτων
548 511 707 553 εἵνεκεν
745 507 910 564 μᾶλλόν
951 523 991 548 τι
1031 506 1130 558 περὶ
1166 507 1348 561 Σαμίων
1385 506 1620 562 ἐμήκυνα.5

439 580 658 637 Καμβύσῃ
692 579 737 622 δὲ
775 582 836 635 τῷ
867 576 1044 632 Κύρου,
1092 579 1334 633 χρονίζοντι
1376 577 1473 629 περὶ
1510 577 1592 618 Αἴ-

321 670 486 710 γυπτον
526 653 599 696 καὶ
637 648 1053 706 παραφρονήσαντι,
1104 649 1404 693 ἐπανιστέαται
1443 646 1594 701 ἄνδρες

266 807 415 844 Heraeo
433 805 734 851 continebantur,
777 803 824 840 de
853 815 930 839 ma-

268 877 342 913 gna
374 863 452 899 auri
489 862 704 911 argentique
741 860 844 909 copia
882 859 928 895 ad

273 919 445 970 Appuleii
464 931 578 967 usque
595 921 752 954 aetatem
777 916 823 952 ibi
845 928 931 952 con-

272 981 395 1026 gesta,
435 975 590 1026 plurima
614 972 782 1010 Panofka
802 972 823 1009 l.
845 971 865 1008 l.
893 984 930 1022 p.

274 1036 329 1074 60
358 1045 459 1082 seqq.
488 1031 567 1068 coll.
603 1042 688 1081 pag.
728 1029 781 1069 57
815 1040 934 1077 seqq.,

274 1090 336 1127 ubi
371 1089 418 1126 de
451 1088 590 1125 Iunone
622 1086 746 1122 Samia
783 1085 935 1133 eiusque

274 1145 372 1184 cultu
391 1146 564 1195 disputat.
595 1142 657 1179 Tu
678 1143 750 1178 vid.
774 1141 935 1191 inprimis

274 1203 448 1239 Creuzer.
468 1198 632 1249 Symbol.
652 1198 684 1235 ΙΙ
700 1212 737 1249 p.
755 1198 836 1239 550
856 1210 935 1246 seq.

276 1258 358 1300 563
377 1270 454 1307 seq.
475 1258 568 1298 569.

326 1368 485 1415 Ῥοῖκος
500 1366 645 1417 Φίλεω]
670 1366 764 1403 Cum
791 1363 936 1403 Φίλεω

273 1426 476 1465 descendat
498 1438 520 1462 a
542 1424 691 1469 Φίλας,
730 1422 828 1459 cuius
849 1421 938 1457 arti-

273 1485 351 1522 ficis
373 1495 506 1520 nomen
527 1481 628 1531 apud
638 1479 789 1516 Suidam
808 1476 878 1528 (111
900 1491 937 1527 p.

273 1542 356 1581 598
384 1540 520 1585 Kust.)
553 1541 660 1574 sonet
693 1533 857 1580 Φιλέας,
900 1535 937 1570 in

271 1596 468 1634 Herodoto
485 1593 672 1631 Thiersch.
698 1592 721 1629 l.
741 1590 764 1627 l.
783 1605 818 1641 p.
845 1591 935 1631 181.

274 1655 355 1694 182
381 1651 490 1688 scribi
516 1649 592 1686 vult
625 1646 794 1694 Φιλέω,
832 1647 938 1683 inde-

273 1722 345 1758 que
395 1708 506 1745 etiam
552 1718 674 1743 veram
722 1704 936 1754 scripturam

272 1765 479 1802 Pausaniae
511 1764 545 1799 in
573 1761 657 1798 locis
678 1760 784 1806 Vlll,
818 1758 868 1798 14
898 1757 935 1809 ἓ.

273 1822 309 1862 5.
351 1820 408 1867 Χ,
440 1821 494 1860 38
526 1817 563 1869 ἓ.
598 1820 622 1857 3
661 1816 939 1855 restituendam.

273 1878 350 1914 Sed
381 1881 538 1925 utroque
569 1875 636 1911 hoc
664 1873 743 1910 loco
769 1871 936 1918 Siebelis,

274 1935 373 1971 cuius
408 1937 498 1969 nott.
531 1930 665 1968 consul.
699 1930 746 1967 ad
779 1930 937 1979 priorem

274 1990 392 2027 locum
410 2003 445 2039 p.
468 1988 548 2030 245
565 2017 573 2034 ,
616 1987 736 2024 edidit
756 1985 938 2031 Φιλαίου,

276 2050 474 2096 praeeunte
487 2044 684 2093 Sylburgio
708 2047 818 2091 atque
828 2042 938 2078 Ama-

276 2116 374 2140 sae0.
435 2102 605 2138 Rhoecus
625 2099 782 2145 Samius,
813 2098 873 2147 qui
890 2098 938 2134 ad

279 2159 538 2209 Olympiadum
558 2157 661 2193 initia
678 2155 802 2193 referri
826 2155 939 2192 debet

277 2216 400 2261 (conf.
434 2219 524 2251 nott.
556 2213 603 2249 ad
634 2212 704 2257 ΙΙΙ,
739 2211 823 2259 41)
857 2224 938 2247 cum

277 2273 313 2310 T
316 2272 476 2310 heodoro
502 2269 595 2306 aeris
617 2268 792 2305 fundendi
822 2272 938 2304 artem

276 2329 457 2365 invenisse
494 2327 608 2363 fertur
651 2325 750 2372 (vid.
781 2324 936 2359 Pausan.

275 2384 374 2431 vul,
402 2385 451 2424 14
473 2381 510 2432 ἓ.
530 2381 565 2420 5.
600 2381 661 2426 ΙΧ,
685 2380 734 2420 41
759 2378 795 2430 ᾗ.
818 2383 835 2418 1
859 2378 938 2416 coll.

277 2440 368 2477 Plin.
392 2440 439 2476 H.
458 2439 505 2475 N.
523 2437 676 2482 XXXV,
696 2439 745 2475 12
766 2440 851 2472 sect.
864 2436 937 2482 43)

275 2498 446 2545 idemque
475 2493 627 2541 insignis
648 2492 707 2529 illa
733 2495 856 2529 aetate
881 2504 939 2527 ar-

275 2553 448 2591 chitectus
487 2551 598 2587 fuisse
641 2549 805 2595 videtur,
857 2561 937 2584 cum

274 2614 420 2660 praeter
431 2609 612 2645 Heraeum
623 2605 796 2649 Samium,
808 2603 938 2641 Lemni

275 2678 422 2715 quoque
465 2676 536 2700 uua
583 2675 665 2699 cum
710 2660 861 2698 Smilide
902 2665 939 2698 et

275 2722 475 2760 Theodoro
519 2718 760 2767 labyrinthum
796 2722 938 2754 exstru-

276 2780 371 2816 xisse
389 2778 540 2815 dicatur.
587 2774 717 2811 Noctis
739 2777 895 2810 statuam
918 2785 939 2809 a

278 2836 430 2873 Rhoeco
444 2835 575 2871 saetam
596 2835 773 2868 memorat
784 2829 938 2866 l’ausan.

278 2892 327 2940 X,
344 2893 398 2934 38
419 2889 457 2942 ἓ.
477 2891 517 2931 3.
547 2888 652 2926 Haec
670 2886 786 2935 Sillig.
808 2886 846 2923 in
864 2886 938 2923 Ca-

987 801 1096 851 talog.
1113 800 1272 839 Artificc.
1307 814 1392 851 pag.
1416 798 1497 840 407
1517 797 1649 836 Thier-

987 859 1122 897 schium
1148 859 1170 895 l.
1191 858 1212 895 l.
1233 863 1390 896 secutus.

1206 949 1237 986 C
1247 960 1268 984 a
1279 961 1315 998 p.
1345 946 1443 984 LXI.

1047 1024 1346 1076 ἐπανιστέαται]
1398 1023 1457 1060 Ad
1499 1024 1652 1060 sormam

991 1085 1086 1122 conf.
1109 1083 1152 1130 ΙΙ,
1168 1085 1232 1123 80.
1257 1083 1347 1122 113.
1379 1081 1436 1119 De
1451 1084 1652 1128 augmento

991 1142 1128 1178 omisso
1167 1141 1203 1176 in
1234 1139 1342 1176 verbo
1376 1135 1652 1175 καταλελοίπεε

993 1198 1147 1234 diximus
1176 1196 1223 1233 ad
1247 1195 1281 1242 Ι,
1309 1193 1363 1234 94
1389 1194 1449 1231 [in.
1477 1214 1525 1219 -
1547 1194 1654 1242 μελε-

995 1249 1123 1298 δωνός
1157 1253 1220 1301 qui
1248 1251 1283 1287 h.
1316 1251 1337 1287 l.
1366 1251 1519 1295 dicitur,
1557 1249 1653 1285 idem

994 1322 1077 1346 mox
1096 1308 1305 1358 ἐπίτροπος
1325 1311 1473 1344 vocatur
1490 1306 1561 1351 ΙΙΙ,
1587 1306 1653 1345 63.

995 1366 1060 1407 65.
1103 1365 1163 1403 Tu
1188 1365 1258 1401 vid.
1283 1368 1411 1400 notatt.
1435 1363 1483 1400 ad
1502 1362 1556 1408 ΙΙ,
1587 1360 1653 1400 65.

993 1423 1034 1459 In
1056 1435 1159 1471 seqq.
1192 1422 1240 1458 de
1259 1433 1325 1457 usu
1352 1419 1503 1470 optativi
1531 1411 1655 1466 (κρύ-

994 1493 1129 1517 πτοιτο
1148 1498 1204 1505 --
1222 1476 1440 1526 εἰδείησαν)
1468 1480 1578 1523 atque
1600 1475 1656 1510 in-

995 1535 1141 1572 dicativi
1171 1528 1331 1584 (ἧσαν)
1362 1533 1500 1570 monuit
1519 1530 1653 1568 Matth.

995 1592 1061 1630 Gr.
1081 1592 1144 1627 Gr.
1175 1589 1211 1640 ξ.
1240 1591 1320 1630 529
1351 1602 1436 1638 pag.
1460 1589 1578 1627 1031.
1602 1606 1651 1613 --

996 1646 1050 1693 ὥς
1086 1643 1213 1697 ὀλίγοι
1248 1639 1352 1695 ἦσαν
1390 1658 1468 1682 cum
1502 1646 1653 1680 recentt.

995 1704 1079 1741 edd.
1101 1703 1240 1753 scripsi,
1264 1702 1324 1738 ubi
1342 1704 1451 1750 vulgo
1471 1704 1554 1750 post
1575 1694 1653 1738 ὀλί-

993 1776 1056 1808 γοι
1079 1760 1250 1796 inseritur
1269 1773 1320 1796 τε.
1381 1758 1438 1794 Ad
1461 1768 1655 1805 argumen-

995 1822 1073 1854 tum
1103 1816 1202 1865 quod
1229 1815 1379 1860 attinet,
1418 1813 1593 1850 differunt
1618 1812 1654 1848 in

995 1873 1145 1922 singuiis
1163 1872 1377 1920 quibusdam
1395 1870 1559 1915 Ctesias,
1594 1868 1656 1916 qui

995 1931 1042 1967 de
1075 1929 1128 1965 his
1169 1927 1289 1965 retulit
1326 1927 1363 1964 in
1394 1927 1548 1964 Persice.
1580 1923 1655 1960 Ex-

995 1991 1122 2036 cerptt.
1156 1982 1191 2034 ξ.
1222 1987 1272 2024 10
1307 1996 1384 2032 seq.
1416 1988 1453 2020 et
1483 1981 1657 2018 Herodo-

995 2048 1074 2087 tus3
1106 2042 1218 2078 utrius
1243 2040 1357 2077 maior
1385 2041 1433 2076 sit
1460 2039 1569 2083 fides,
1608 2037 1656 2074 ad

996 2099 1159 2136 Ctesiam
1180 2097 1367 2146 disquisivi
1384 2109 1469 2146 pag.
1489 2096 1566 2135 126
1577 2106 1655 2142 seq.

996 2156 1036 2192 In
1065 2155 1269 2191 universum
1301 2152 1406 2190 velim
1431 2152 1497 2188 hoc
1526 2150 1657 2195 teneri,

996 2212 1042 2249 ab
1065 2210 1290 2248 orientalium
1314 2220 1509 2256 regnorum
1531 2206 1656 2243 condi-

996 2269 1097 2305 tione
1118 2267 1262 2304 minime
1277 2265 1473 2301 abhorrere
1488 2275 1545 2308 ea,
1561 2275 1656 2311 quae

997 2325 1156 2370 Ctesias,
1176 2324 1212 2359 in
1233 2335 1341 2370 quem
1359 2320 1485 2357 iniuria
1507 2319 1655 2368 quidam

995 2381 1127 2417 invecti
1160 2382 1265 2424 sunt,
1302 2376 1497 2414 memoriae
1532 2376 1657 2424 prodi-

996 2437 1070 2482 dit,
1105 2447 1272 2484 quaeque
1289 2433 1346 2470 ille
1364 2446 1383 2469 e
1402 2432 1511 2480 regiis
1541 2443 1657 2468 anna-

995 2492 1089 2529 libus
1120 2491 1338 2529 desumsisse
1370 2489 1550 2538 putandus
1584 2491 1654 2524 est.

995 2550 1102 2585 Couf.
1123 2547 1319 2584 Osiander.
1339 2547 1374 2581 in
1394 2548 1655 2595 programmat.

994 2604 1186 2650 scholast.,
1235 2602 1334 2651 quod
1366 2602 1502 2651 prodiit
1536 2600 1657 2636 stutt-

995 2661 1113 2710 gardt.
1137 2662 1243 2700 1821
1266 2672 1301 2708 p.
1329 2661 1388 2703 12,
1410 2656 1479 2693 alia
1497 2657 1545 2693 ad
1557 2657 1656 2693 Ctes.

997 2718 1018 2754 l.
1036 2717 1057 2754 l.
1079 2717 1201 2754 citata.
1232 2715 1389 2751 Videtur
1409 2718 1550 2758 autem,
1576 2725 1657 2750 mo-

996 2778 1108 2810 nente
1138 2772 1295 2809 Heeren.
1329 2771 1440 2807 ldeen
1470 2769 1496 2815 Ι,
1526 2772 1546 2810 1
1571 2781 1656 2819 pag.

996 2829 1102 2875 412,
1144 2828 1338 2877 Magorum
1380 2825 1580 2863 coniuratio
1619 2824 1657 2861 id

997 2887 1159 2936 proxime
1207 2888 1413 2935 spectasse,
1473 2887 1512 2920 ut
1552 2885 1655 2919 vetus
