<?xml version="1.0" encoding="UTF-8"?>
<!DOCTYPE html PUBLIC "-//W3C//DTD XHTML 1.0 Transitional//EN"
    "http://www.w3.org/TR/xhtml1/DTD/xhtml1-transitional.dtd">
<html xmlns="http://www.w3.org/1999/xhtml" xml:lang="en" lang="en">
 <head>
  <title>
</title>
<meta http-equiv="Content-Type" content="text/html;charset=utf-8" />
  <meta name='ocr-system' content='tesseract 3.04.00' />
  <meta name='ocr-capabilities' content='ocr_page ocr_carea ocr_par ocr_line ocrx_word'/>
</head>
<body>
  <div class='ocr_page' id='page_1' title='image "./musaeherodoto02hero/musaeherodoto02hero_0669.png"; bbox 0 0 1904 3304; ppageno 0'>
   <div class='ocr_carea' id='block_1_1' title="bbox 417 240 1662 287">
    <p class='ocr_par' dir='ltr' id='par_1_1' title="bbox 417 240 1662 287">
     <span class='ocr_line' id='line_1_1' title="bbox 417 240 1662 287; baseline 0.002 -9"><span class='ocrx_word' id='word_1_1' title='bbox 417 240 496 278; x_wconf 89' lang='lat' dir='ltr'>AD</span> <span class='ocrx_word' id='word_1_2' title='bbox 538 240 854 280; x_wconf 86' lang='lat' dir='ltr'>HERODOT.</span> <span class='ocrx_word' id='word_1_3' title='bbox 896 240 966 287; x_wconf 84' lang='lat'>111,</span> <span class='ocrx_word' id='word_1_4' title='bbox 997 242 1076 281; x_wconf 86' lang='lat'>119</span> <span class='ocrx_word' id='word_1_5' title='bbox 1106 240 1183 279; x_wconf 91' lang='lat' dir='ltr'>coll.</span> <span class='ocrx_word' id='word_1_6' title='bbox 1215 241 1286 286; x_wconf 82' lang='lat' dir='ltr'>lV,</span> <span class='ocrx_word' id='word_1_7' title='bbox 1321 245 1409 283; x_wconf 79' lang='lat'><strong>129.</strong></span> <span class='ocrx_word' id='word_1_8' title='bbox 1581 245 1662 284; x_wconf 85' lang='lat'>661</span> 
     </span>
    </p>
   </div>
   <div class='ocr_carea' id='block_1_2' title="bbox 152 351 1670 2900">
    <p class='ocr_par' dir='ltr' id='par_1_2' title="bbox 152 351 1670 2900">
     <span class='ocr_line' id='line_1_2' title="bbox 158 351 1664 406; baseline 0.002 -15"><span class='ocrx_word' id='word_1_9' title='bbox 158 353 224 391; x_wconf 89' lang='lat' dir='ltr'>bus</span> <span class='ocrx_word' id='word_1_10' title='bbox 256 352 454 390; x_wconf 86' lang='lat' dir='ltr'>deficerent</span> <span class='ocrx_word' id='word_1_11' title='bbox 481 352 540 391; x_wconf 87' lang='lat'>01.</span> <span class='ocrx_word' id='word_1_12' title='bbox 568 354 645 399; x_wconf 77' lang='lat'>92,</span> <span class='ocrx_word' id='word_1_13' title='bbox 679 357 698 406; x_wconf 76' lang='lat'>1</span> <span class='ocrx_word' id='word_1_14' title='bbox 724 352 878 394; x_wconf 79' lang='lat'>:412</span> <span class='ocrx_word' id='word_1_15' title='bbox 908 365 940 390; x_wconf 88' lang='lat' dir='ltr'>a.</span> <span class='ocrx_word' id='word_1_16' title='bbox 966 351 1083 390; x_wconf 58' lang='lat' dir='ltr'>Chrf?</span> <span class='ocrx_word' id='word_1_17' title='bbox 1124 367 1209 391; x_wconf 90' lang='lat' dir='ltr'>num</span> <span class='ocrx_word' id='word_1_18' title='bbox 1244 355 1320 392; x_wconf 79' lang='lat' dir='ltr'>veri</span> <span class='ocrx_word' id='word_1_19' title='bbox 1353 354 1467 392; x_wconf 86' lang='lat' dir='ltr'>simile</span> <span class='ocrx_word' id='word_1_20' title='bbox 1499 356 1548 393; x_wconf 91' lang='lat' dir='ltr'>sit</span> <span class='ocrx_word' id='word_1_21' title='bbox 1575 361 1664 404; x_wconf 90' lang='lat' dir='ltr'>tum,</span> 
     </span>
     <span class='ocr_line' id='line_1_3' title="bbox 157 419 1663 472; baseline 0.002 -14"><span class='ocrx_word' id='word_1_22' title='bbox 157 433 268 470; x_wconf 90' lang='lat' dir='ltr'>quum</span> <span class='ocrx_word' id='word_1_23' title='bbox 287 419 417 469; x_wconf 84' lang='lat' dir='ltr'>Lysias</span> <span class='ocrx_word' id='word_1_24' title='bbox 447 420 582 470; x_wconf 91' lang='lat' dir='ltr'>aliique</span> <span class='ocrx_word' id='word_1_25' title='bbox 599 421 873 460; x_wconf 78' lang='lat' dir='ltr'>Atheniensium</span> <span class='ocrx_word' id='word_1_26' title='bbox 897 421 1003 459; x_wconf 91' lang='lat' dir='ltr'>amici</span> <span class='ocrx_word' id='word_1_27' title='bbox 1027 421 1086 460; x_wconf 86' lang='lat' dir='ltr'>vel</span> <span class='ocrx_word' id='word_1_28' title='bbox 1111 422 1328 460; x_wconf 85' lang='lat' dir='ltr'>eiicerentur</span> <span class='ocrx_word' id='word_1_29' title='bbox 1345 420 1400 459; x_wconf 88' lang='lat' dir='ltr'>vel</span> <span class='ocrx_word' id='word_1_30' title='bbox 1419 421 1663 472; x_wconf 84' lang='lat' dir='ltr'>discederent,</span> 
     </span>
     <span class='ocr_line' id='line_1_4' title="bbox 156 488 1663 540; baseline 0.002 -15"><span class='ocrx_word' id='word_1_31' title='bbox 156 488 412 535; x_wconf 89' lang='lat' dir='ltr'>Herodotum,</span> <span class='ocrx_word' id='word_1_32' title='bbox 439 501 549 539; x_wconf 91' lang='lat' dir='ltr'>quem</span> <span class='ocrx_word' id='word_1_33' title='bbox 571 494 672 527; x_wconf 91' lang='lat' dir='ltr'>tanto</span> <span class='ocrx_word' id='word_1_34' title='bbox 690 488 854 527; x_wconf 85' lang='lat' dir='ltr'>Athenas</span> <span class='ocrx_word' id='word_1_35' title='bbox 873 489 996 526; x_wconf 87' lang='lat' dir='ltr'>studio</span> <span class='ocrx_word' id='word_1_36' title='bbox 1015 489 1240 540; x_wconf 85' lang='lat' dir='ltr'>complexum</span> <span class='ocrx_word' id='word_1_37' title='bbox 1266 502 1348 528; x_wconf 90' lang='lat' dir='ltr'>esse</span> <span class='ocrx_word' id='word_1_38' title='bbox 1376 489 1551 535; x_wconf 88' lang='lat' dir='ltr'>sciamus,</span> <span class='ocrx_word' id='word_1_39' title='bbox 1591 491 1663 528; x_wconf 93' lang='lat' dir='ltr'>illic</span> 
     </span>
     <span class='ocr_line' id='line_1_5' title="bbox 156 555 1664 608; baseline 0.001 -15"><span class='ocrx_word' id='word_1_40' title='bbox 156 556 371 595; x_wconf 87' lang='lat' dir='ltr'>remansisse</span> <span class='ocrx_word' id='word_1_41' title='bbox 383 555 404 593; x_wconf 65' lang='grc' dir='ltr'>ἲ</span> <span class='ocrx_word' id='word_1_42' title='bbox 434 579 486 586; x_wconf 91' lang='grc'><strong>-</strong></span> <span class='ocrx_word' id='word_1_43' title='bbox 517 557 696 607; x_wconf 88' lang='lat' dir='ltr'>Magnum</span> <span class='ocrx_word' id='word_1_44' title='bbox 712 558 851 595; x_wconf 84' lang='lat' dir='ltr'>facinus</span> <span class='ocrx_word' id='word_1_45' title='bbox 869 557 1089 605; x_wconf 79' lang='lat' dir='ltr'>aggredior3</span> <span class='ocrx_word' id='word_1_46' title='bbox 1119 559 1187 595; x_wconf 91' lang='lat' dir='ltr'>sed</span> <span class='ocrx_word' id='word_1_47' title='bbox 1204 559 1288 596; x_wconf 89' lang='lat' dir='ltr'>vide</span> <span class='ocrx_word' id='word_1_48' title='bbox 1307 570 1354 595; x_wconf 93' lang='lat' dir='ltr'>ne</span> <span class='ocrx_word' id='word_1_49' title='bbox 1373 557 1453 608; x_wconf 87' lang='lat' dir='ltr'>ipsa</span> <span class='ocrx_word' id='word_1_50' title='bbox 1472 556 1532 594; x_wconf 86' lang='lat' dir='ltr'>illa</span> <span class='ocrx_word' id='word_1_51' title='bbox 1554 555 1664 607; x_wconf 85' lang='lat' dir='ltr'>Anyti</span> 
     </span>
     <span class='ocr_line' id='line_1_6' title="bbox 155 622 1665 675; baseline 0 -15"><span class='ocrx_word' id='word_1_52' title='bbox 155 625 292 661; x_wconf 91' lang='lat' dir='ltr'>mentio</span> <span class='ocrx_word' id='word_1_53' title='bbox 322 625 420 675; x_wconf 87' lang='lat' dir='ltr'>apud</span> <span class='ocrx_word' id='word_1_54' title='bbox 450 624 680 662; x_wconf 85' lang='lat' dir='ltr'>Plutarchum</span> <span class='ocrx_word' id='word_1_55' title='bbox 710 638 779 663; x_wconf 91' lang='lat' dir='ltr'>nos</span> <span class='ocrx_word' id='word_1_56' title='bbox 807 629 940 674; x_wconf 89' lang='lat' dir='ltr'>cogat,</span> <span class='ocrx_word' id='word_1_57' title='bbox 978 628 1018 661; x_wconf 90' lang='lat' dir='ltr'>ut</span> <span class='ocrx_word' id='word_1_58' title='bbox 1038 629 1124 675; x_wconf 90' lang='lat' dir='ltr'>post</span> <span class='ocrx_word' id='word_1_59' title='bbox 1143 625 1241 663; x_wconf 89' lang='lat' dir='ltr'>illum</span> <span class='ocrx_word' id='word_1_60' title='bbox 1260 637 1394 663; x_wconf 91' lang='lat' dir='ltr'>annum</span> <span class='ocrx_word' id='word_1_61' title='bbox 1413 622 1496 665; x_wconf 83' lang='lat'>412</span> <span class='ocrx_word' id='word_1_62' title='bbox 1511 622 1665 662; x_wconf 85' lang='lat' dir='ltr'>Athenis</span> 
     </span>
     <span class='ocr_line' id='line_1_7' title="bbox 154 691 1665 745; baseline 0 -17"><span class='ocrx_word' id='word_1_63' title='bbox 154 691 268 730; x_wconf 83' lang='lat' dir='ltr'>fuisse</span> <span class='ocrx_word' id='word_1_64' title='bbox 287 692 520 731; x_wconf 85' lang='lat' dir='ltr'>Herodotum</span> <span class='ocrx_word' id='word_1_65' title='bbox 539 694 665 743; x_wconf 90' lang='lat' dir='ltr'>ibique</span> <span class='ocrx_word' id='word_1_66' title='bbox 690 706 782 745; x_wconf 90' lang='lat' dir='ltr'>opus</span> <span class='ocrx_word' id='word_1_67' title='bbox 801 706 928 739; x_wconf 89' lang='lat' dir='ltr'>suum,</span> <span class='ocrx_word' id='word_1_68' title='bbox 957 693 1059 743; x_wconf 90' lang='lat' dir='ltr'>quod</span> <span class='ocrx_word' id='word_1_69' title='bbox 1081 697 1158 731; x_wconf 90' lang='lat' dir='ltr'>tum</span> <span class='ocrx_word' id='word_1_70' title='bbox 1175 695 1247 732; x_wconf 91' lang='lat' dir='ltr'>iam</span> <span class='ocrx_word' id='word_1_71' title='bbox 1268 692 1475 731; x_wconf 92' lang='lat' dir='ltr'>absolutum</span> <span class='ocrx_word' id='word_1_72' title='bbox 1497 704 1578 729; x_wconf 91' lang='lat' dir='ltr'>esse</span> <span class='ocrx_word' id='word_1_73' title='bbox 1598 705 1665 742; x_wconf 90' lang='lat' dir='ltr'>po-</span> 
     </span>
     <span class='ocr_line' id='line_1_8' title="bbox 155 758 1665 811; baseline 0 -15"><span class='ocrx_word' id='word_1_74' title='bbox 155 760 247 807; x_wconf 89' lang='lat' dir='ltr'>tuit,</span> <span class='ocrx_word' id='word_1_75' title='bbox 285 761 459 799; x_wconf 89' lang='lat' dir='ltr'>recitasse</span> <span class='ocrx_word' id='word_1_76' title='bbox 486 766 708 808; x_wconf 83' lang='lat' dir='ltr'>statuamus3</span> <span class='ocrx_word' id='word_1_77' title='bbox 746 766 787 799; x_wconf 91' lang='lat' dir='ltr'>ut</span> <span class='ocrx_word' id='word_1_78' title='bbox 813 766 979 807; x_wconf 83' lang='lat' dir='ltr'>taceam,</span> <span class='ocrx_word' id='word_1_79' title='bbox 1008 773 1073 808; x_wconf 82' lang='lat' dir='ltr'>ea,</span> <span class='ocrx_word' id='word_1_80' title='bbox 1115 775 1211 811; x_wconf 92' lang='lat' dir='ltr'>quae</span> <span class='ocrx_word' id='word_1_81' title='bbox 1239 761 1312 809; x_wconf 90' lang='lat' dir='ltr'>IX,</span> <span class='ocrx_word' id='word_1_82' title='bbox 1350 762 1404 800; x_wconf 85' lang='lat'>73</span> <span class='ocrx_word' id='word_1_83' title='bbox 1437 759 1484 797; x_wconf 92' lang='lat' dir='ltr'>de</span> <span class='ocrx_word' id='word_1_84' title='bbox 1507 758 1665 797; x_wconf 89' lang='lat' dir='ltr'>Decelea</span> 
     </span>
     <span class='ocr_line' id='line_1_9' title="bbox 155 827 1664 880; baseline 0.001 -18"><span class='ocrx_word' id='word_1_85' title='bbox 155 827 324 876; x_wconf 86' lang='lat' dir='ltr'>scripsit,</span> <span class='ocrx_word' id='word_1_86' title='bbox 366 841 479 878; x_wconf 89' lang='lat' dir='ltr'>quum</span> <span class='ocrx_word' id='word_1_87' title='bbox 507 834 605 868; x_wconf 88' lang='lat' dir='ltr'>recte</span> <span class='ocrx_word' id='word_1_88' title='bbox 635 842 658 867; x_wconf 91' lang='lat' dir='ltr'>a</span> <span class='ocrx_word' id='word_1_89' title='bbox 682 830 767 867; x_wconf 82' lang='lat' dir='ltr'>viris</span> <span class='ocrx_word' id='word_1_90' title='bbox 798 829 916 867; x_wconf 87' lang='lat' dir='ltr'>doctis</span> <span class='ocrx_word' id='word_1_91' title='bbox 944 830 993 866; x_wconf 94' lang='lat' dir='ltr'>ad</span> <span class='ocrx_word' id='word_1_92' title='bbox 1027 829 1108 866; x_wconf 84' lang='lat' dir='ltr'>illos</span> <span class='ocrx_word' id='word_1_93' title='bbox 1144 831 1245 880; x_wconf 91' lang='lat' dir='ltr'>ipsos</span> <span class='ocrx_word' id='word_1_94' title='bbox 1282 841 1398 866; x_wconf 89' lang='lat' dir='ltr'>annos</span> <span class='ocrx_word' id='word_1_95' title='bbox 1427 827 1545 865; x_wconf 87' lang='lat' dir='ltr'>relata</span> <span class='ocrx_word' id='word_1_96' title='bbox 1577 828 1664 874; x_wconf 88' lang='lat' dir='ltr'>sint,</span> 
     </span>
     <span class='ocr_line' id='line_1_10' title="bbox 155 893 1665 948; baseline 0.002 -19"><span class='ocrx_word' id='word_1_97' title='bbox 155 895 270 930; x_wconf 91' lang='lat' dir='ltr'>multo</span> <span class='ocrx_word' id='word_1_98' title='bbox 293 895 431 934; x_wconf 87' lang='lat' dir='ltr'>facilius</span> <span class='ocrx_word' id='word_1_99' title='bbox 461 896 572 934; x_wconf 88' lang='lat' dir='ltr'>oculis</span> <span class='ocrx_word' id='word_1_100' title='bbox 602 897 699 935; x_wconf 90' lang='lat' dir='ltr'>illum</span> <span class='ocrx_word' id='word_1_101' title='bbox 725 911 835 947; x_wconf 90' lang='lat' dir='ltr'>quam</span> <span class='ocrx_word' id='word_1_102' title='bbox 864 896 1012 934; x_wconf 87' lang='lat' dir='ltr'>auribus</span> <span class='ocrx_word' id='word_1_103' title='bbox 1034 898 1222 948; x_wconf 88' lang='lat' dir='ltr'>percipere</span> <span class='ocrx_word' id='word_1_104' title='bbox 1244 896 1420 948; x_wconf 83' lang='lat' dir='ltr'>potuisse.</span> <span class='ocrx_word' id='word_1_105' title='bbox 1479 893 1578 938; x_wconf 85' lang='lat' dir='ltr'>Quin</span> <span class='ocrx_word' id='word_1_106' title='bbox 1606 893 1665 932; x_wconf 86' lang='lat' dir='ltr'>ille</span> 
     </span>
     <span class='ocr_line' id='line_1_11' title="bbox 155 960 1666 1016; baseline 0 -18"><span class='ocrx_word' id='word_1_107' title='bbox 155 973 303 1011; x_wconf 90' lang='lat' dir='ltr'>quoque</span> <span class='ocrx_word' id='word_1_108' title='bbox 346 977 490 1011; x_wconf 88' lang='lat' dir='ltr'>rumor,</span> <span class='ocrx_word' id='word_1_109' title='bbox 559 964 657 1001; x_wconf 91' lang='lat' dir='ltr'>cuius</span> <span class='ocrx_word' id='word_1_110' title='bbox 703 966 801 1015; x_wconf 88' lang='lat' dir='ltr'>apud</span> <span class='ocrx_word' id='word_1_111' title='bbox 839 965 991 1001; x_wconf 83' lang='lat' dir='ltr'>suidam</span> <span class='ocrx_word' id='word_1_112' title='bbox 1041 962 1096 1014; x_wconf 88' lang='lat' dir='ltr'>(s.</span> <span class='ocrx_word' id='word_1_113' title='bbox 1135 977 1170 1000; x_wconf 90' lang='lat' dir='ltr'>v.</span> <span class='ocrx_word' id='word_1_114' title='bbox 1207 960 1439 1016; x_wconf 80' lang='grc' dir='ltr'><em>Ἡρόδοτος,</em></span> <span class='ocrx_word' id='word_1_115' title='bbox 1486 962 1593 999; x_wconf 91' lang='lat' dir='ltr'>Tom.</span> <span class='ocrx_word' id='word_1_116' title='bbox 1631 962 1666 999; x_wconf 89' lang='grc' dir='ltr'>ΙΙ</span> 
     </span>
     <span class='ocr_line' id='line_1_12' title="bbox 152 1024 1665 1084; baseline 0.001 -18"><span class='ocrx_word' id='word_1_117' title='bbox 152 1040 240 1080; x_wconf 82' lang='lat' dir='ltr'>pag.</span> <span class='ocrx_word' id='word_1_118' title='bbox 282 1032 335 1070; x_wconf 86' lang='lat'>76</span> <span class='ocrx_word' id='word_1_119' title='bbox 371 1032 511 1081; x_wconf 88' lang='lat' dir='ltr'>Kust.)</span> <span class='ocrx_word' id='word_1_120' title='bbox 568 1033 744 1070; x_wconf 86' lang='lat' dir='ltr'>memoria</span> <span class='ocrx_word' id='word_1_121' title='bbox 793 1036 912 1071; x_wconf 85' lang='lat' dir='ltr'>exstat</span> <span class='ocrx_word' id='word_1_122' title='bbox 932 1045 941 1069; x_wconf 89' lang='lat'><strong>:</strong></span> <span class='ocrx_word' id='word_1_123' title='bbox 1006 1029 1113 1079; x_wconf 82' lang='grc' dir='ltr'><strong><em>τινὲς</em></strong></span> <span class='ocrx_word' id='word_1_124' title='bbox 1167 1030 1210 1072; x_wconf 82' lang='grc' dir='ltr'>δὲ</span> <span class='ocrx_word' id='word_1_125' title='bbox 1264 1031 1306 1071; x_wconf 84' lang='grc' dir='ltr'>ἒν</span> <span class='ocrx_word' id='word_1_126' title='bbox 1357 1029 1489 1084; x_wconf 79' lang='grc' dir='ltr'><em>Πέλλῃ</em></span> <span class='ocrx_word' id='word_1_127' title='bbox 1542 1024 1665 1069; x_wconf 68' lang='grc' dir='ltr'><em>αὐτόν</em></span> 
     </span>
     <span class='ocr_line' id='line_1_13' title="bbox 153 1097 1665 1151; baseline -0.001 -16"><span class='ocrx_word' id='word_1_128' title='bbox 153 1099 381 1149; x_wconf 78' lang='grc' dir='ltr'><strong><em>τελευτῆσαι</em></strong></span> <span class='ocrx_word' id='word_1_129' title='bbox 428 1099 572 1150; x_wconf 82' lang='grc' dir='ltr'><em>φασίν,</em></span> <span class='ocrx_word' id='word_1_130' title='bbox 637 1100 741 1137; x_wconf 89' lang='lat' dir='ltr'>nimis</span> <span class='ocrx_word' id='word_1_131' title='bbox 788 1100 848 1138; x_wconf 88' lang='lat' dir='ltr'>ille</span> <span class='ocrx_word' id='word_1_132' title='bbox 897 1099 1049 1148; x_wconf 86' lang='lat' dir='ltr'>indigne</span> <span class='ocrx_word' id='word_1_133' title='bbox 1092 1113 1115 1138; x_wconf 87' lang='lat' dir='ltr'>a</span> <span class='ocrx_word' id='word_1_134' title='bbox 1151 1101 1337 1151; x_wconf 89' lang='lat' dir='ltr'>plerisque</span> <span class='ocrx_word' id='word_1_135' title='bbox 1387 1102 1551 1148; x_wconf 88' lang='lat' dir='ltr'>spretus,</span> <span class='ocrx_word' id='word_1_136' title='bbox 1600 1097 1665 1135; x_wconf 85' lang='lat' dir='ltr'>ali-</span> 
     </span>
     <span class='ocr_line' id='line_1_14' title="bbox 153 1167 1666 1218; baseline 0.001 -17"><span class='ocrx_word' id='word_1_137' title='bbox 153 1177 263 1214; x_wconf 89' lang='lat' dir='ltr'>quam</span> <span class='ocrx_word' id='word_1_138' title='bbox 291 1170 415 1215; x_wconf 90' lang='lat' dir='ltr'>certe,</span> <span class='ocrx_word' id='word_1_139' title='bbox 452 1180 527 1204; x_wconf 92' lang='lat' dir='ltr'>non</span> <span class='ocrx_word' id='word_1_140' title='bbox 556 1167 674 1204; x_wconf 85' lang='lat' dir='ltr'>dicam</span> <span class='ocrx_word' id='word_1_141' title='bbox 701 1167 1037 1214; x_wconf 87' lang='lat' dir='ltr'>confirmationem,</span> <span class='ocrx_word' id='word_1_142' title='bbox 1081 1168 1148 1205; x_wconf 88' lang='lat' dir='ltr'>sed</span> <span class='ocrx_word' id='word_1_143' title='bbox 1169 1167 1445 1218; x_wconf 82' lang='lat' dir='ltr'>explicationem</span> <span class='ocrx_word' id='word_1_144' title='bbox 1465 1167 1552 1203; x_wconf 91' lang='lat' dir='ltr'>inde</span> <span class='ocrx_word' id='word_1_145' title='bbox 1574 1179 1666 1204; x_wconf 88' lang='lat' dir='ltr'>nan-</span> 
     </span>
     <span class='ocr_line' id='line_1_15' title="bbox 153 1232 1664 1285; baseline 0.001 -16"><span class='ocrx_word' id='word_1_146' title='bbox 153 1232 320 1282; x_wconf 89' lang='lat' dir='ltr'>ciscitur,</span> <span class='ocrx_word' id='word_1_147' title='bbox 359 1235 421 1272; x_wconf 88' lang='lat' dir='ltr'>ubi</span> <span class='ocrx_word' id='word_1_148' title='bbox 449 1234 684 1272; x_wconf 89' lang='lat' dir='ltr'>Herodotum</span> <span class='ocrx_word' id='word_1_149' title='bbox 714 1236 781 1272; x_wconf 90' lang='lat' dir='ltr'>sub</span> <span class='ocrx_word' id='word_1_150' title='bbox 808 1235 918 1274; x_wconf 88' lang='lat' dir='ltr'>finem</span> <span class='ocrx_word' id='word_1_151' title='bbox 944 1234 1027 1272; x_wconf 85' lang='lat' dir='ltr'>belli</span> <span class='ocrx_word' id='word_1_152' title='bbox 1052 1233 1352 1285; x_wconf 87' lang='lat' dir='ltr'>Peloponnesiaci</span> <span class='ocrx_word' id='word_1_153' title='bbox 1380 1246 1455 1271; x_wconf 92' lang='lat' dir='ltr'>non</span> <span class='ocrx_word' id='word_1_154' title='bbox 1485 1234 1522 1270; x_wconf 91' lang='lat' dir='ltr'>in</span> <span class='ocrx_word' id='word_1_155' title='bbox 1548 1233 1664 1281; x_wconf 74' lang='lat' dir='ltr'>Italia,</span> 
     </span>
     <span class='ocr_line' id='line_1_16' title="bbox 154 1301 1666 1353; baseline -0.001 -14"><span class='ocrx_word' id='word_1_156' title='bbox 154 1301 220 1339; x_wconf 91' lang='lat' dir='ltr'>sed</span> <span class='ocrx_word' id='word_1_157' title='bbox 244 1302 280 1339; x_wconf 93' lang='lat' dir='ltr'>in</span> <span class='ocrx_word' id='word_1_158' title='bbox 303 1302 459 1340; x_wconf 69' lang='lat' dir='ltr'>Graecia</span> <span class='ocrx_word' id='word_1_159' title='bbox 478 1302 557 1353; x_wconf 70' lang='lat' dir='ltr'>ipsa</span> <span class='ocrx_word' id='word_1_160' title='bbox 575 1307 780 1341; x_wconf 84' lang='lat' dir='ltr'>versantem</span> <span class='ocrx_word' id='word_1_161' title='bbox 803 1304 1026 1353; x_wconf 79' lang='lat' dir='ltr'>cogitamus5</span> <span class='ocrx_word' id='word_1_162' title='bbox 1064 1306 1192 1339; x_wconf 82' lang='lat' dir='ltr'>notum</span> <span class='ocrx_word' id='word_1_163' title='bbox 1213 1302 1308 1339; x_wconf 91' lang='lat' dir='ltr'>enim</span> <span class='ocrx_word' id='word_1_164' title='bbox 1329 1305 1405 1349; x_wconf 88' lang='lat' dir='ltr'>est,</span> <span class='ocrx_word' id='word_1_165' title='bbox 1431 1306 1569 1351; x_wconf 90' lang='lat' dir='ltr'>quanto</span> <span class='ocrx_word' id='word_1_166' title='bbox 1590 1305 1666 1338; x_wconf 91' lang='lat' dir='ltr'>tum</span> 
     </span>
     <span class='ocr_line' id='line_1_17' title="bbox 153 1368 1666 1420; baseline -0.001 -14"><span class='ocrx_word' id='word_1_167' title='bbox 153 1370 275 1406; x_wconf 89' lang='lat' dir='ltr'>studio</span> <span class='ocrx_word' id='word_1_168' title='bbox 294 1368 518 1418; x_wconf 84' lang='lat' dir='ltr'>Archelaus,</span> <span class='ocrx_word' id='word_1_169' title='bbox 547 1369 787 1408; x_wconf 87' lang='lat' dir='ltr'>Macedoniae</span> <span class='ocrx_word' id='word_1_170' title='bbox 813 1384 897 1418; x_wconf 83' lang='lat' dir='ltr'>rex,</span> <span class='ocrx_word' id='word_1_171' title='bbox 937 1370 1117 1420; x_wconf 88' lang='lat' dir='ltr'>quidquid</span> <span class='ocrx_word' id='word_1_172' title='bbox 1139 1370 1328 1407; x_wconf 90' lang='lat' dir='ltr'>doctorum</span> <span class='ocrx_word' id='word_1_173' title='bbox 1349 1370 1534 1407; x_wconf 91' lang='lat' dir='ltr'>hominum</span> <span class='ocrx_word' id='word_1_174' title='bbox 1553 1368 1666 1406; x_wconf 84' lang='lat' dir='ltr'>Athe-</span> 
     </span>
     <span class='ocr_line' id='line_1_18' title="bbox 152 1437 1666 1488; baseline -0.001 -14"><span class='ocrx_word' id='word_1_175' title='bbox 152 1449 223 1475; x_wconf 86' lang='lat' dir='ltr'>nae</span> <span class='ocrx_word' id='word_1_176' title='bbox 250 1438 451 1487; x_wconf 88' lang='lat' dir='ltr'>haberent,</span> <span class='ocrx_word' id='word_1_177' title='bbox 498 1439 546 1476; x_wconf 91' lang='lat' dir='ltr'>ad</span> <span class='ocrx_word' id='word_1_178' title='bbox 574 1451 615 1476; x_wconf 85' lang='lat' dir='ltr'>se</span> <span class='ocrx_word' id='word_1_179' title='bbox 649 1439 879 1485; x_wconf 85' lang='lat' dir='ltr'>invitaverit3</span> <span class='ocrx_word' id='word_1_180' title='bbox 919 1442 957 1477; x_wconf 92' lang='lat' dir='ltr'>et</span> <span class='ocrx_word' id='word_1_181' title='bbox 982 1437 1195 1488; x_wconf 90' lang='lat' dir='ltr'>Euripidem</span> <span class='ocrx_word' id='word_1_182' title='bbox 1226 1438 1375 1487; x_wconf 90' lang='lat' dir='ltr'>quidem</span> <span class='ocrx_word' id='word_1_183' title='bbox 1405 1441 1586 1476; x_wconf 86' lang='lat' dir='ltr'>mortuum</span> <span class='ocrx_word' id='word_1_184' title='bbox 1615 1437 1666 1473; x_wconf 89' lang='lat' dir='ltr'>ibi</span> 
     </span>
     <span class='ocr_line' id='line_1_19' title="bbox 152 1505 1665 1557; baseline -0.001 -14"><span class='ocrx_word' id='word_1_185' title='bbox 152 1509 298 1543; x_wconf 87' lang='lat' dir='ltr'>constat</span> <span class='ocrx_word' id='word_1_186' title='bbox 319 1509 358 1544; x_wconf 88' lang='lat' dir='ltr'>et</span> <span class='ocrx_word' id='word_1_187' title='bbox 375 1505 583 1557; x_wconf 86' lang='lat' dir='ltr'>sepultum,</span> <span class='ocrx_word' id='word_1_188' title='bbox 613 1505 768 1543; x_wconf 87' lang='lat' dir='ltr'>Athenis</span> <span class='ocrx_word' id='word_1_189' title='bbox 786 1505 1057 1557; x_wconf 90' lang='lat' dir='ltr'>Cenotaphium</span> <span class='ocrx_word' id='word_1_190' title='bbox 1078 1508 1220 1543; x_wconf 87' lang='lat' dir='ltr'>tantum</span> <span class='ocrx_word' id='word_1_191' title='bbox 1243 1506 1319 1543; x_wconf 85' lang='lat' dir='ltr'>eius</span> <span class='ocrx_word' id='word_1_192' title='bbox 1342 1506 1506 1552; x_wconf 83' lang='lat' dir='ltr'>exstitit3</span> <span class='ocrx_word' id='word_1_193' title='bbox 1542 1505 1665 1542; x_wconf 90' lang='lat' dir='ltr'>Hero-</span> 
     </span>
     <span class='ocr_line' id='line_1_20' title="bbox 153 1572 1666 1624; baseline -0.001 -14"><span class='ocrx_word' id='word_1_194' title='bbox 153 1573 282 1610; x_wconf 91' lang='lat' dir='ltr'>dotum</span> <span class='ocrx_word' id='word_1_195' title='bbox 309 1576 434 1611; x_wconf 89' lang='lat' dir='ltr'>tamen</span> <span class='ocrx_word' id='word_1_196' title='bbox 464 1586 540 1611; x_wconf 89' lang='lat' dir='ltr'>non</span> <span class='ocrx_word' id='word_1_197' title='bbox 568 1574 597 1610; x_wconf 90' lang='lat' dir='ltr'>is</span> <span class='ocrx_word' id='word_1_198' title='bbox 628 1574 698 1611; x_wconf 90' lang='lat' dir='ltr'>sim</span> <span class='ocrx_word' id='word_1_199' title='bbox 727 1574 923 1624; x_wconf 87' lang='lat' dir='ltr'>equidem,</span> <span class='ocrx_word' id='word_1_200' title='bbox 953 1574 1016 1624; x_wconf 86' lang='lat' dir='ltr'>qni</span> <span class='ocrx_word' id='word_1_201' title='bbox 1039 1577 1166 1610; x_wconf 91' lang='lat' dir='ltr'>contra</span> <span class='ocrx_word' id='word_1_202' title='bbox 1188 1572 1333 1623; x_wconf 87' lang='lat' dir='ltr'>potiora</span> <span class='ocrx_word' id='word_1_203' title='bbox 1350 1574 1559 1612; x_wconf 89' lang='lat' dir='ltr'>testimonia</span> <span class='ocrx_word' id='word_1_204' title='bbox 1577 1573 1666 1624; x_wconf 84' lang='lat' dir='ltr'>ipsis</span> 
     </span>
     <span class='ocr_line' id='line_1_21' title="bbox 153 1639 1666 1693; baseline 0.001 -15"><span class='ocrx_word' id='word_1_205' title='bbox 153 1639 305 1678; x_wconf 90' lang='lat' dir='ltr'>Thuriis</span> <span class='ocrx_word' id='word_1_206' title='bbox 325 1641 421 1679; x_wconf 90' lang='lat' dir='ltr'>diem</span> <span class='ocrx_word' id='word_1_207' title='bbox 442 1642 578 1679; x_wconf 87' lang='lat' dir='ltr'>obiisse</span> <span class='ocrx_word' id='word_1_208' title='bbox 596 1653 749 1690; x_wconf 81' lang='lat' dir='ltr'>negem,</span> <span class='ocrx_word' id='word_1_209' title='bbox 780 1654 853 1691; x_wconf 90' lang='lat' dir='ltr'>quo</span> <span class='ocrx_word' id='word_1_210' title='bbox 874 1642 933 1680; x_wconf 89' lang='lat' dir='ltr'>ille</span> <span class='ocrx_word' id='word_1_211' title='bbox 949 1655 1041 1693; x_wconf 91' lang='lat' dir='ltr'>pace</span> <span class='ocrx_word' id='word_1_212' title='bbox 1058 1642 1153 1679; x_wconf 90' lang='lat' dir='ltr'>inter</span> <span class='ocrx_word' id='word_1_213' title='bbox 1163 1640 1478 1681; x_wconf 87' lang='lat' dir='ltr'>Lacedaemonios</span> <span class='ocrx_word' id='word_1_214' title='bbox 1497 1649 1534 1682; x_wconf 93' lang='lat' dir='ltr'>et</span> <span class='ocrx_word' id='word_1_215' title='bbox 1551 1643 1666 1681; x_wconf 86' lang='lat' dir='ltr'>Athe-</span> 
     </span>
     <span class='ocr_line' id='line_1_22' title="bbox 152 1709 1666 1760; baseline 0 -13"><span class='ocrx_word' id='word_1_216' title='bbox 152 1709 298 1747; x_wconf 89' lang='lat' dir='ltr'>nienses</span> <span class='ocrx_word' id='word_1_217' title='bbox 317 1710 414 1747; x_wconf 80' lang='lat' dir='ltr'>sacta</span> <span class='ocrx_word' id='word_1_218' title='bbox 434 1709 538 1747; x_wconf 88' lang='lat' dir='ltr'>facile</span> <span class='ocrx_word' id='word_1_219' title='bbox 558 1709 678 1747; x_wconf 89' lang='lat' dir='ltr'>redire</span> <span class='ocrx_word' id='word_1_220' title='bbox 695 1710 828 1760; x_wconf 90' lang='lat' dir='ltr'>potuit.</span> <span class='ocrx_word' id='word_1_221' title='bbox 885 1710 962 1747; x_wconf 88' lang='lat' dir='ltr'>Sed</span> <span class='ocrx_word' id='word_1_222' title='bbox 983 1709 1053 1747; x_wconf 91' lang='lat' dir='ltr'>hae</span> <span class='ocrx_word' id='word_1_223' title='bbox 1070 1709 1220 1759; x_wconf 84' lang='lat' dir='ltr'>quidem</span> <span class='ocrx_word' id='word_1_224' title='bbox 1243 1709 1539 1749; x_wconf 86' lang='lat' dir='ltr'>hallucinationes</span> <span class='ocrx_word' id='word_1_225' title='bbox 1559 1716 1666 1757; x_wconf 79' lang='lat' dir='ltr'>sunt3</span> 
     </span>
     <span class='ocr_line' id='line_1_23' title="bbox 152 1777 1667 1828; baseline 0 -14"><span class='ocrx_word' id='word_1_226' title='bbox 152 1777 282 1828; x_wconf 91' lang='lat' dir='ltr'>quibus</span> <span class='ocrx_word' id='word_1_227' title='bbox 312 1781 434 1816; x_wconf 88' lang='lat' dir='ltr'>tamen</span> <span class='ocrx_word' id='word_1_228' title='bbox 464 1778 606 1815; x_wconf 89' lang='lat' dir='ltr'>reiectis</span> <span class='ocrx_word' id='word_1_229' title='bbox 634 1777 722 1814; x_wconf 91' lang='lat' dir='ltr'>illud</span> <span class='ocrx_word' id='word_1_230' title='bbox 748 1781 918 1815; x_wconf 83' lang='lat' dir='ltr'>constare</span> <span class='ocrx_word' id='word_1_231' title='bbox 948 1777 1128 1825; x_wconf 89' lang='lat' dir='ltr'>arbitror,</span> <span class='ocrx_word' id='word_1_232' title='bbox 1176 1789 1238 1815; x_wconf 88' lang='lat' dir='ltr'>eas</span> <span class='ocrx_word' id='word_1_233' title='bbox 1261 1778 1381 1828; x_wconf 89' lang='lat' dir='ltr'>operis</span> <span class='ocrx_word' id='word_1_234' title='bbox 1396 1781 1540 1828; x_wconf 83' lang='lat' dir='ltr'>parteS,</span> <span class='ocrx_word' id='word_1_235' title='bbox 1571 1790 1667 1827; x_wconf 91' lang='lat' dir='ltr'>quae</span> 
     </span>
     <span class='ocr_line' id='line_1_24' title="bbox 153 1844 1667 1895; baseline 0.001 -13"><span class='ocrx_word' id='word_1_236' title='bbox 153 1845 336 1883; x_wconf 87' lang='lat' dir='ltr'>Graeciae</span> <span class='ocrx_word' id='word_1_237' title='bbox 360 1858 419 1883; x_wconf 90' lang='lat' dir='ltr'>res</span> <span class='ocrx_word' id='word_1_238' title='bbox 440 1844 791 1895; x_wconf 89' lang='lat' dir='ltr'>Atheniensiumque</span> <span class='ocrx_word' id='word_1_239' title='bbox 809 1844 937 1883; x_wconf 88' lang='lat' dir='ltr'>laudes</span> <span class='ocrx_word' id='word_1_240' title='bbox 954 1846 1164 1891; x_wconf 84' lang='lat' dir='ltr'>continent,</span> <span class='ocrx_word' id='word_1_241' title='bbox 1193 1845 1308 1882; x_wconf 82' lang='lat' dir='ltr'>serius</span> <span class='ocrx_word' id='word_1_242' title='bbox 1331 1858 1440 1895; x_wconf 87' lang='lat' dir='ltr'>quam</span> <span class='ocrx_word' id='word_1_243' title='bbox 1460 1845 1570 1894; x_wconf 84' lang='lat' dir='ltr'>vulgo</span> <span class='ocrx_word' id='word_1_244' title='bbox 1591 1858 1667 1883; x_wconf 85' lang='lat' dir='ltr'>cre-</span> 
     </span>
     <span class='ocr_line' id='line_1_25' title="bbox 153 1911 1666 1964; baseline -0.001 -14"><span class='ocrx_word' id='word_1_245' title='bbox 153 1913 284 1959; x_wconf 90' lang='lat' dir='ltr'>datur,</span> <span class='ocrx_word' id='word_1_246' title='bbox 324 1917 361 1950; x_wconf 90' lang='lat' dir='ltr'>et</span> <span class='ocrx_word' id='word_1_247' title='bbox 386 1914 606 1964; x_wconf 87' lang='lat' dir='ltr'>compositas</span> <span class='ocrx_word' id='word_1_248' title='bbox 638 1913 685 1950; x_wconf 89' lang='lat' dir='ltr'>ab</span> <span class='ocrx_word' id='word_1_249' title='bbox 715 1913 775 1949; x_wconf 93' lang='lat' dir='ltr'>illo</span> <span class='ocrx_word' id='word_1_250' title='bbox 802 1917 840 1951; x_wconf 92' lang='lat' dir='ltr'>et</span> <span class='ocrx_word' id='word_1_251' title='bbox 866 1913 1036 1951; x_wconf 86' lang='lat' dir='ltr'>recitatas</span> <span class='ocrx_word' id='word_1_252' title='bbox 1062 1911 1217 1949; x_wconf 89' lang='lat' dir='ltr'>Athenis</span> <span class='ocrx_word' id='word_1_253' title='bbox 1243 1925 1346 1958; x_wconf 76' lang='lat' dir='ltr'>esse3</span> <span class='ocrx_word' id='word_1_254' title='bbox 1380 1913 1520 1964; x_wconf 91' lang='lat' dir='ltr'>priores</span> <span class='ocrx_word' id='word_1_255' title='bbox 1540 1912 1666 1959; x_wconf 89' lang='lat' dir='ltr'>libros,</span> 
     </span>
     <span class='ocr_line' id='line_1_26' title="bbox 153 1980 1666 2031; baseline -0.001 -13"><span class='ocrx_word' id='word_1_256' title='bbox 153 1982 286 2031; x_wconf 90' lang='lat' dir='ltr'>quibus</span> <span class='ocrx_word' id='word_1_257' title='bbox 312 1981 479 2018; x_wconf 86' lang='lat' dir='ltr'>itinerum</span> <span class='ocrx_word' id='word_1_258' title='bbox 508 1993 653 2018; x_wconf 91' lang='lat' dir='ltr'>suorum</span> <span class='ocrx_word' id='word_1_259' title='bbox 677 1980 889 2017; x_wconf 88' lang='lat' dir='ltr'>memoriam</span> <span class='ocrx_word' id='word_1_260' title='bbox 911 1984 1187 2028; x_wconf 86' lang='lat' dir='ltr'>exterarumque</span> <span class='ocrx_word' id='word_1_261' title='bbox 1204 1980 1389 2018; x_wconf 83' lang='lat' dir='ltr'>nationum</span> <span class='ocrx_word' id='word_1_262' title='bbox 1408 1994 1529 2018; x_wconf 89' lang='lat' dir='ltr'>mores</span> <span class='ocrx_word' id='word_1_263' title='bbox 1555 1984 1666 2030; x_wconf 87' lang='lat' dir='ltr'>atque</span> 
     </span>
     <span class='ocr_line' id='line_1_27' title="bbox 154 2046 1666 2098; baseline -0.001 -11"><span class='ocrx_word' id='word_1_264' title='bbox 154 2062 212 2088; x_wconf 89' lang='lat' dir='ltr'>res</span> <span class='ocrx_word' id='word_1_265' title='bbox 240 2053 364 2098; x_wconf 84' lang='lat' dir='ltr'>gestas</span> <span class='ocrx_word' id='word_1_266' title='bbox 393 2048 641 2098; x_wconf 82' lang='lat' dir='ltr'>consignavit,</span> <span class='ocrx_word' id='word_1_267' title='bbox 685 2048 833 2086; x_wconf 88' lang='lat' dir='ltr'>minime</span> <span class='ocrx_word' id='word_1_268' title='bbox 858 2047 1074 2098; x_wconf 88' lang='lat' dir='ltr'>repugnabo</span> <span class='ocrx_word' id='word_1_269' title='bbox 1096 2047 1126 2083; x_wconf 88' lang='lat' dir='ltr'>si</span> <span class='ocrx_word' id='word_1_270' title='bbox 1154 2046 1259 2095; x_wconf 84' lang='lat' dir='ltr'>quiS,</span> <span class='ocrx_word' id='word_1_271' title='bbox 1295 2048 1455 2087; x_wconf 91' lang='lat' dir='ltr'>collectis</span> <span class='ocrx_word' id='word_1_272' title='bbox 1483 2049 1666 2096; x_wconf 90' lang='lat' dir='ltr'>omnibus,</span> 
     </span>
     <span class='ocr_line' id='line_1_28' title="bbox 153 2114 1664 2168; baseline -0.001 -14"><span class='ocrx_word' id='word_1_273' title='bbox 153 2130 248 2168; x_wconf 87' lang='lat' dir='ltr'>quae</span> <span class='ocrx_word' id='word_1_274' title='bbox 264 2117 342 2155; x_wconf 88' lang='lat' dir='ltr'>veri</span> <span class='ocrx_word' id='word_1_275' title='bbox 361 2116 489 2154; x_wconf 86' lang='lat' dir='ltr'>similia</span> <span class='ocrx_word' id='word_1_276' title='bbox 507 2128 588 2154; x_wconf 89' lang='lat' dir='ltr'>esse</span> <span class='ocrx_word' id='word_1_277' title='bbox 606 2127 716 2166; x_wconf 90' lang='lat' dir='ltr'>supra</span> <span class='ocrx_word' id='word_1_278' title='bbox 738 2116 918 2162; x_wconf 86' lang='lat' dir='ltr'>indicavi,</span> <span class='ocrx_word' id='word_1_279' title='bbox 956 2116 1029 2153; x_wconf 89' lang='lat' dir='ltr'>iam</span> <span class='ocrx_word' id='word_1_280' title='bbox 1057 2118 1143 2152; x_wconf 89' lang='lat' dir='ltr'>ante</span> <span class='ocrx_word' id='word_1_281' title='bbox 1163 2114 1380 2153; x_wconf 87' lang='lat' dir='ltr'>Thuriorum</span> <span class='ocrx_word' id='word_1_282' title='bbox 1403 2115 1579 2153; x_wconf 90' lang='lat' dir='ltr'>coloniam</span> <span class='ocrx_word' id='word_1_283' title='bbox 1600 2116 1664 2153; x_wconf 83' lang='lat' dir='ltr'>de·</span> 
     </span>
     <span class='ocr_line' id='line_1_29' title="bbox 155 2183 1666 2234; baseline -0.002 -11"><span class='ocrx_word' id='word_1_284' title='bbox 155 2186 303 2223; x_wconf 87' lang='lat' dir='ltr'>ductam</span> <span class='ocrx_word' id='word_1_285' title='bbox 341 2189 380 2222; x_wconf 90' lang='lat' dir='ltr'>et</span> <span class='ocrx_word' id='word_1_286' title='bbox 410 2185 567 2234; x_wconf 89' lang='lat' dir='ltr'>scriptos</span> <span class='ocrx_word' id='word_1_287' title='bbox 603 2187 640 2221; x_wconf 89' lang='lat' dir='ltr'>et</span> <span class='ocrx_word' id='word_1_288' title='bbox 669 2195 736 2233; x_wconf 90' lang='lat' dir='ltr'>per</span> <span class='ocrx_word' id='word_1_289' title='bbox 779 2183 1014 2221; x_wconf 85' lang='lat' dir='ltr'>recitationes</span> <span class='ocrx_word' id='word_1_290' title='bbox 1044 2183 1195 2220; x_wconf 89' lang='lat' dir='ltr'>Graecis</span> <span class='ocrx_word' id='word_1_291' title='bbox 1236 2183 1438 2222; x_wconf 83' lang='lat' dir='ltr'>innotuisse</span> <span class='ocrx_word' id='word_1_292' title='bbox 1474 2184 1666 2231; x_wconf 86' lang='lat' dir='ltr'>censuerit,</span> 
     </span>
     <span class='ocr_line' id='line_1_30' title="bbox 156 2250 1664 2301; baseline -0.002 -10"><span class='ocrx_word' id='word_1_293' title='bbox 156 2254 266 2291; x_wconf 91' lang='lat' dir='ltr'>modo</span> <span class='ocrx_word' id='word_1_294' title='bbox 284 2265 332 2291; x_wconf 90' lang='lat' dir='ltr'>ne</span> <span class='ocrx_word' id='word_1_295' title='bbox 349 2253 518 2298; x_wconf 86' lang='lat' dir='ltr'>eandem,</span> <span class='ocrx_word' id='word_1_296' title='bbox 538 2251 611 2301; x_wconf 74' lang='lat' dir='ltr'>qua</span> <span class='ocrx_word' id='word_1_297' title='bbox 629 2264 726 2288; x_wconf 91' lang='lat' dir='ltr'>nunc</span> <span class='ocrx_word' id='word_1_298' title='bbox 745 2250 928 2300; x_wconf 86' lang='lat' dir='ltr'>leguntur,</span> <span class='ocrx_word' id='word_1_299' title='bbox 956 2251 1108 2288; x_wconf 91' lang='lat' dir='ltr'>formam</span> <span class='ocrx_word' id='word_1_300' title='bbox 1127 2251 1200 2289; x_wconf 88' lang='lat' dir='ltr'>iam</span> <span class='ocrx_word' id='word_1_301' title='bbox 1219 2255 1296 2289; x_wconf 87' lang='lat' dir='ltr'>tum</span> <span class='ocrx_word' id='word_1_302' title='bbox 1317 2252 1488 2290; x_wconf 88' lang='lat' dir='ltr'>habuisse</span> <span class='ocrx_word' id='word_1_303' title='bbox 1509 2255 1664 2289; x_wconf 89' lang='lat' dir='ltr'>conten-</span> 
     </span>
     <span class='ocr_line' id='line_1_31' title="bbox 156 2318 1665 2370; baseline -0.003 -10"><span class='ocrx_word' id='word_1_304' title='bbox 156 2322 234 2360; x_wconf 86' lang='lat' dir='ltr'>dat.</span> <span class='ocrx_word' id='word_1_305' title='bbox 290 2319 422 2369; x_wconf 91' lang='lat' dir='ltr'>Neque</span> <span class='ocrx_word' id='word_1_306' title='bbox 442 2319 636 2370; x_wconf 85' lang='lat' dir='ltr'>Olympiae</span> <span class='ocrx_word' id='word_1_307' title='bbox 658 2318 830 2356; x_wconf 84' lang='lat' dir='ltr'>recitasse</span> <span class='ocrx_word' id='word_1_308' title='bbox 859 2332 991 2368; x_wconf 86' lang='lat' dir='ltr'>negem</span> <span class='ocrx_word' id='word_1_309' title='bbox 1016 2332 1124 2366; x_wconf 86' lang='lat' dir='ltr'>eum,</span> <span class='ocrx_word' id='word_1_310' title='bbox 1162 2331 1271 2369; x_wconf 86' lang='lat' dir='ltr'>quem</span> <span class='ocrx_word' id='word_1_311' title='bbox 1295 2324 1332 2357; x_wconf 93' lang='lat' dir='ltr'>et</span> <span class='ocrx_word' id='word_1_312' title='bbox 1351 2319 1547 2358; x_wconf 89' lang='lat' dir='ltr'>Corinthiis</span> <span class='ocrx_word' id='word_1_313' title='bbox 1569 2319 1665 2368; x_wconf 93' lang='lat' dir='ltr'>(Dio</span> 
     </span>
     <span class='ocr_line' id='line_1_32' title="bbox 158 2385 1665 2439; baseline -0.001 -13"><span class='ocrx_word' id='word_1_314' title='bbox 158 2389 350 2439; x_wconf 83' lang='lat' dir='ltr'>Chrysost.</span> <span class='ocrx_word' id='word_1_315' title='bbox 371 2387 546 2424; x_wconf 82' lang='lat' dir='ltr'>XXXVil</span> <span class='ocrx_word' id='word_1_316' title='bbox 567 2401 604 2437; x_wconf 92' lang='lat' dir='ltr'>p.</span> <span class='ocrx_word' id='word_1_317' title='bbox 626 2385 708 2427; x_wconf 83' lang='lat'>456</span> <span class='ocrx_word' id='word_1_318' title='bbox 726 2386 889 2436; x_wconf 77' lang='lat' dir='ltr'>Motell.)</span> <span class='ocrx_word' id='word_1_319' title='bbox 926 2391 965 2425; x_wconf 90' lang='lat' dir='ltr'>et</span> <span class='ocrx_word' id='word_1_320' title='bbox 996 2387 1185 2425; x_wconf 88' lang='lat' dir='ltr'>Thebanis</span> <span class='ocrx_word' id='word_1_321' title='bbox 1211 2386 1328 2435; x_wconf 85' lang='lat' dir='ltr'>(Plut.</span> <span class='ocrx_word' id='word_1_322' title='bbox 1355 2387 1403 2426; x_wconf 92' lang='lat' dir='ltr'>de</span> <span class='ocrx_word' id='word_1_323' title='bbox 1421 2388 1560 2427; x_wconf 90' lang='lat' dir='ltr'>Herod.</span> <span class='ocrx_word' id='word_1_324' title='bbox 1582 2388 1665 2426; x_wconf 85' lang='lat' dir='ltr'>Ma-</span> 
     </span>
     <span class='ocr_line' id='line_1_33' title="bbox 157 2454 1665 2506; baseline -0.001 -13"><span class='ocrx_word' id='word_1_325' title='bbox 157 2457 247 2506; x_wconf 86' lang='lat' dir='ltr'>lign.</span> <span class='ocrx_word' id='word_1_326' title='bbox 269 2470 299 2494; x_wconf 89' lang='lat' dir='ltr'>c.</span> <span class='ocrx_word' id='word_1_327' title='bbox 322 2457 394 2502; x_wconf 81' lang='lat'>31)</span> <span class='ocrx_word' id='word_1_328' title='bbox 422 2454 591 2492; x_wconf 84' lang='lat' dir='ltr'>historias</span> <span class='ocrx_word' id='word_1_329' title='bbox 620 2467 704 2492; x_wconf 89' lang='lat' dir='ltr'>suas</span> <span class='ocrx_word' id='word_1_330' title='bbox 725 2456 933 2493; x_wconf 84' lang='lat' dir='ltr'>venditasse</span> <span class='ocrx_word' id='word_1_331' title='bbox 957 2455 1144 2505; x_wconf 81' lang='lat' dir='ltr'>legamus3</span> <span class='ocrx_word' id='word_1_332' title='bbox 1182 2455 1284 2504; x_wconf 88' lang='lat' dir='ltr'>quod</span> <span class='ocrx_word' id='word_1_333' title='bbox 1313 2457 1438 2492; x_wconf 90' lang='lat' dir='ltr'>tamen</span> <span class='ocrx_word' id='word_1_334' title='bbox 1462 2456 1491 2492; x_wconf 88' lang='lat' dir='ltr'>si</span> <span class='ocrx_word' id='word_1_335' title='bbox 1513 2456 1584 2492; x_wconf 88' lang='lat' dir='ltr'>iam</span> <span class='ocrx_word' id='word_1_336' title='bbox 1606 2455 1665 2492; x_wconf 92' lang='lat' dir='ltr'>Ol.</span> 
     </span>
     <span class='ocr_line' id='line_1_34' title="bbox 159 2523 1666 2575; baseline -0.003 -12"><span class='ocrx_word' id='word_1_337' title='bbox 159 2525 212 2565; x_wconf 82' lang='lat'>81</span> <span class='ocrx_word' id='word_1_338' title='bbox 232 2525 365 2561; x_wconf 88' lang='lat' dir='ltr'>sactum</span> <span class='ocrx_word' id='word_1_339' title='bbox 385 2528 465 2571; x_wconf 90' lang='lat' dir='ltr'>est,</span> <span class='ocrx_word' id='word_1_340' title='bbox 494 2535 642 2573; x_wconf 84' lang='lat' dir='ltr'>parvam</span> <span class='ocrx_word' id='word_1_341' title='bbox 661 2527 802 2561; x_wconf 90' lang='lat' dir='ltr'>tantum</span> <span class='ocrx_word' id='word_1_342' title='bbox 822 2524 936 2560; x_wconf 88' lang='lat' dir='ltr'>totius</span> <span class='ocrx_word' id='word_1_343' title='bbox 963 2523 1087 2575; x_wconf 87' lang='lat' dir='ltr'>operis</span> <span class='ocrx_word' id='word_1_344' title='bbox 1105 2526 1250 2574; x_wconf 83' lang='lat' dir='ltr'>partem</span> <span class='ocrx_word' id='word_1_345' title='bbox 1270 2523 1580 2574; x_wconf 89' lang='lat' dir='ltr'>comprehendere</span> <span class='ocrx_word' id='word_1_346' title='bbox 1598 2536 1666 2574; x_wconf 91' lang='lat' dir='ltr'>po-</span> 
     </span>
     <span class='ocr_line' id='line_1_35' title="bbox 158 2590 1664 2642; baseline 0 -14"><span class='ocrx_word' id='word_1_347' title='bbox 158 2591 271 2629; x_wconf 87' lang='lat' dir='ltr'>tuisse</span> <span class='ocrx_word' id='word_1_348' title='bbox 291 2595 391 2629; x_wconf 86' lang='lat' dir='ltr'>recte</span> <span class='ocrx_word' id='word_1_349' title='bbox 411 2591 568 2640; x_wconf 86' lang='lat' dir='ltr'>Heysius</span> <span class='ocrx_word' id='word_1_350' title='bbox 594 2590 788 2637; x_wconf 84' lang='lat' dir='ltr'>intellexit,</span> <span class='ocrx_word' id='word_1_351' title='bbox 823 2592 879 2628; x_wconf 91' lang='lat' dir='ltr'>cui</span> <span class='ocrx_word' id='word_1_352' title='bbox 900 2604 996 2641; x_wconf 88' lang='lat' dir='ltr'>quae</span> <span class='ocrx_word' id='word_1_353' title='bbox 1017 2591 1189 2641; x_wconf 86' lang='lat' dir='ltr'>Iaegerus</span> <span class='ocrx_word' id='word_1_354' title='bbox 1208 2603 1325 2641; x_wconf 90' lang='lat' dir='ltr'>nuper</span> <span class='ocrx_word' id='word_1_355' title='bbox 1347 2590 1520 2642; x_wconf 89' lang='lat' dir='ltr'>opposuit</span> <span class='ocrx_word' id='word_1_356' title='bbox 1550 2591 1664 2640; x_wconf 83' lang='lat' dir='ltr'>(pag.</span> 
     </span>
     <span class='ocr_line' id='line_1_36' title="bbox 162 2656 1668 2709; baseline -0.002 -13"><span class='ocrx_word' id='word_1_357' title='bbox 162 2659 257 2706; x_wconf 78' lang='lat'>12):</span> <span class='ocrx_word' id='word_1_358' title='bbox 288 2672 362 2696; x_wconf 90' lang='lat' dir='ltr'>non</span> <span class='ocrx_word' id='word_1_359' title='bbox 377 2659 445 2696; x_wconf 88' lang='lat' dir='ltr'>nisi</span> <span class='ocrx_word' id='word_1_360' title='bbox 463 2658 610 2707; x_wconf 85' lang='lat' dir='ltr'>reliquis</span> <span class='ocrx_word' id='word_1_361' title='bbox 631 2657 818 2695; x_wconf 90' lang='lat' dir='ltr'>itineribus</span> <span class='ocrx_word' id='word_1_362' title='bbox 837 2659 1010 2697; x_wconf 88' lang='lat' dir='ltr'>confectis</span> <span class='ocrx_word' id='word_1_363' title='bbox 1030 2658 1239 2708; x_wconf 71' lang='lat' dir='ltr'>magnaque</span> <span class='ocrx_word' id='word_1_364' title='bbox 1258 2670 1377 2696; x_wconf 90' lang='lat' dir='ltr'>rerum</span> <span class='ocrx_word' id='word_1_365' title='bbox 1394 2658 1502 2709; x_wconf 73' lang='lat' dir='ltr'>eopia</span> <span class='ocrx_word' id='word_1_366' title='bbox 1519 2656 1668 2695; x_wconf 75' lang='lat' dir='ltr'>collecta</span> 
     </span>
     <span class='ocr_line' id='line_1_37' title="bbox 158 2723 1670 2778; baseline -0.003 -15"><span class='ocrx_word' id='word_1_367' title='bbox 158 2729 276 2763; x_wconf 89' lang='lat' dir='ltr'>totam</span> <span class='ocrx_word' id='word_1_368' title='bbox 297 2726 417 2776; x_wconf 84' lang='lat' dir='ltr'>operis</span> <span class='ocrx_word' id='word_1_369' title='bbox 438 2727 639 2771; x_wconf 87' lang='lat' dir='ltr'>rationem,</span> <span class='ocrx_word' id='word_1_370' title='bbox 681 2726 780 2763; x_wconf 89' lang='lat' dir='ltr'>unde</span> <span class='ocrx_word' id='word_1_371' title='bbox 808 2725 949 2776; x_wconf 86' lang='lat' dir='ltr'>singula</span> <span class='ocrx_word' id='word_1_372' title='bbox 978 2727 1190 2778; x_wconf 90' lang='lat' dir='ltr'>pendeant,</span> <span class='ocrx_word' id='word_1_373' title='bbox 1226 2725 1409 2763; x_wconf 90' lang='lat' dir='ltr'>Herodoti</span> <span class='ocrx_word' id='word_1_374' title='bbox 1429 2725 1550 2762; x_wconf 89' lang='lat' dir='ltr'>animo</span> <span class='ocrx_word' id='word_1_375' title='bbox 1574 2723 1670 2760; x_wconf 91' lang='lat' dir='ltr'>desi-</span> 
     </span>
     <span class='ocr_line' id='line_1_38' title="bbox 161 2791 1668 2846; baseline -0.003 -15"><span class='ocrx_word' id='word_1_376' title='bbox 161 2794 267 2844; x_wconf 83' lang='lat' dir='ltr'>gnari</span> <span class='ocrx_word' id='word_1_377' title='bbox 283 2791 468 2844; x_wconf 80' lang='lat' dir='ltr'>potuisse3</span> <span class='ocrx_word' id='word_1_378' title='bbox 505 2807 618 2844; x_wconf 89' lang='lat' dir='ltr'>quum</span> <span class='ocrx_word' id='word_1_379' title='bbox 641 2793 690 2830; x_wconf 91' lang='lat' dir='ltr'>ad</span> <span class='ocrx_word' id='word_1_380' title='bbox 717 2794 868 2831; x_wconf 82' lang='lat' dir='ltr'>formam</span> <span class='ocrx_word' id='word_1_381' title='bbox 889 2799 1032 2834; x_wconf 85' lang='lat' dir='ltr'>tantum</span> <span class='ocrx_word' id='word_1_382' title='bbox 1060 2793 1180 2846; x_wconf 90' lang='lat' dir='ltr'>operis</span> <span class='ocrx_word' id='word_1_383' title='bbox 1210 2797 1396 2844; x_wconf 88' lang='lat' dir='ltr'>spectent,</span> <span class='ocrx_word' id='word_1_384' title='bbox 1436 2804 1553 2830; x_wconf 81' lang='lat' dir='ltr'>rerum</span> <span class='ocrx_word' id='word_1_385' title='bbox 1571 2791 1668 2841; x_wconf 88' lang='lat' dir='ltr'>ipsa-</span> 
     </span>
     <span class='ocr_line' id='line_1_39' title="bbox 160 2860 867 2900; baseline 0.003 -2"><span class='ocrx_word' id='word_1_386' title='bbox 160 2874 240 2899; x_wconf 88' lang='lat' dir='ltr'>rum</span> <span class='ocrx_word' id='word_1_387' title='bbox 265 2861 516 2899; x_wconf 88' lang='lat' dir='ltr'>recitationem</span> <span class='ocrx_word' id='word_1_388' title='bbox 544 2874 619 2899; x_wconf 87' lang='lat' dir='ltr'>non</span> <span class='ocrx_word' id='word_1_389' title='bbox 649 2860 867 2900; x_wconf 89' lang='lat' dir='ltr'>convellunt.</span> 
     </span>
    </p>
   </div>
  </div>
 </body>
</html>
