1904 3304
595 233 941 276 THALIA.
999 232 1063 271 III.
1378 234 1461 276 157

166 351 338 396 ὅπᾶντα
369 349 414 393 οἱ
441 346 683 392 ἐπιπλέατο.

194 422 379 478 σάμενος
417 420 613 470 λίθινον,
654 417 823 474 ἔστησε·

193 493 370 544 ἱππεύς·

751 348 933 401 Πρώτου
962 345 1042 400 μέν
1071 361 1155 389 νυν
1183 359 1324 408 τυπον
1332 360 1462 403 ποιη-

885 420 998 470 ζῶον
1028 417 1072 460 δέ
1111 417 1154 459 οἱ
1184 408 1309 471 ἐνῆν,
1349 415 1464 474 οἰνηρ

436 490 649 546 ἐπέγραψε
710 490 756 534 δὲ
810 488 1040 545 γράμματα
1102 487 1284 543 λέγοντα
1342 487 1466 531 τάδε·

165 566 465 608 6ΔΑΡΕῙΟΣ
512 561 561 606 ‘O
615 562 1000 604 ι’ΥΣΤἈΣΠΕΟΣ
1053 561 1185 602 ΣΤΝ
1232 562 1308 600 ΤΕ
1356 563 1524 602 TOY95

188 634 399 679 ‘IHHOT
436 637 532 678 ΤΗι
568 635 790 677 ΑΡΕΤΗι
831 630 907 687 (τὸ
949 629 1119 685 οὔνομα
1161 629 1323 685 λέγων)
1364 634 1476 675 ΚΑΙ

855 705 932 745 ΚΟ
934 705 1024 744 ΜΟ
1034 706 1085 753 Γ,
1132 705 1383 745 ΕΚΤΗΣΑ
1391 706 1468 746 ΤΟ
1525 703 1732 744 8³²¹?P'2'um
1747 703 1803 731 XX

1525 742 1554 765 et
1565 738 1606 764 rei
1624 738 1804 765 tributariae

72 712 138 758 89
200 710 507 750 ΟΙΒΑΡΕΟΣ
543 709 660 748 ΤΟΥ
694 703 851 747 ἹΠΠΟ

199 782 332 822 ΤΗΝ
379 781 679 822 ΠΕΡΣΕῼΝ
732 776 1093 817 ΒΑΣΙΛΗΙΗΝ.
1178 772 1377 831 Ποιήσας
1424 777 1469 819 δὲ

195 854 332 894 ταῦτα
365 852 411 894 ἐν
441 850 654 908 Πέρσῃσι,
694 845 829 903 ἀρχᾶς
868 844 1158 902 κατεστήσατο
1190 847 1351 899 εἴκοσι,
1389 847 1468 898 τοὶς

142 1015 301 1066 uagam]
335 1018 356 1054 i.
380 1030 410 1054 e.
440 1018 556 1053 omnia
580 1017 615 1053 ei
639 1013 803 1066 potentini

142 1073 412 1123 complebantur,
429 1087 457 1110 s.
482 1087 589 1111 omne
608 1073 802 1110 Persarum

141 1144 292 1179 regnum
315 1131 385 1181 ipsi
402 1131 596 1178 redditum,
618 1130 803 1180 ipsiusque

141 1188 305 1237 potentia
323 1200 389 1237 per
409 1201 535 1224 omnes
557 1187 660 1235 regni
678 1191 803 1236 partes

144 1243 313 1280 stabilita.
362 1242 420 1281 De
447 1244 575 1294 plurali
598 1242 804 1281 ἔπιπλέατο

147 1298 248 1349 (nam
285 1300 410 1336 Ionum
440 1313 542 1337 more
572 1300 706 1336 dictum
739 1312 805 1349 pro

146 1354 417 1405 ἐπίπλαντο)
445 1357 538 1393 conf.
566 1361 659 1393 nott.
691 1356 738 1393 ad
762 1355 807 1402 ll,

146 1414 212 1454 96.
243 1433 298 1440 -
327 1407 453 1451 τύπον
492 1414 528 1449 in
568 1426 672 1462 seqq.
703 1416 809 1448 notat

144 1482 276 1515 arcam,
310 1482 338 1506 s.
365 1469 569 1515 columnam,
601 1471 655 1506 cui
678 1469 807 1517 equitis

144 1526 262 1573 figura
293 1525 360 1562 fuit
388 1525 576 1574 insculpta.
619 1526 726 1562 Conf.
760 1525 805 1571 ΙΙ,

146 1584 210 1622 86.
234 1582 324 1621 106.
353 1584 442 1622 138.
492 1582 604 1619 Italus
628 1583 805 1631 interpres

144 1638 288 1675 reddit:
310 1652 359 1675 ‘un
379 1642 594 1675 monumento
615 1639 655 1675 ‹lz'
664 1640 805 1688 pictam

146 1699 183 1732 et
201 1695 236 1731 in
263 1699 349 1731 nota
369 1700 494 1732 monet
514 1691 640 1734 τύπον
660 1695 806 1732 minime

145 1751 204 1788 hic
222 1752 426 1799 significare
453 1755 622 1798 statuam,
653 1752 718 1789 sed
739 1765 806 1802 po-

146 1808 219 1844 tius
238 1821 314 1854 „un
333 1808 433 1844 basso
451 1809 612 1846 riliemf‘
627 1830 678 1835 -
705 1809 806 1854 ζῶον

148 1864 237 1911 quid
270 1865 336 1911 sit,
376 1866 582 1902 notavimus
612 1866 660 1902 ad
689 1864 736 1912 ll,
768 1863 806 1903 4.

146 1919 210 1965 lll,
246 1919 310 1960 47.

207 1971 249 2013 τὸ
281 1972 435 2025 οὕνομα
462 1974 602 2027 λέγων]
634 1978 654 2013 i.
678 1991 708 2014 e.
740 1990 808 2014 no-

150 2044 232 2069 men
257 2033 341 2081 equi
362 2032 418 2070 hic
437 2038 515 2071 erat
534 2034 757 2084 adscriptum
779 2047 807 2073 S.

148 2088 357 2126 indicatum.

311 2145 422 2195 Cap.
446 2144 652 2182 LXXXIX.

207 2196 328 2251 α’ρχᾶς
366 2198 648 2252 κατεστήσατο]
679 2202 811 2251 Agno—

151 2257 280 2294 scimus
303 2258 340 2294 in
367 2258 465 2296 hisce
488 2260 695 2296 rudimenta
717 2260 812 2296 inte-

148 2314 251 2350 rioris
279 2327 386 2363 quarn
426 2316 551 2353 dicunt
581 2316 813 2353 administra-

150 2370 258 2406 tionis
292 2372 393 2419 regni
423 2371 616 2409 Persarum
638 2386 703 2422 per
727 2386 813 2422 pro-

150 2426 283 2463 vincias
294 2440 388 2464 nunc
407 2430 607 2466 accuratius
623 2429 814 2479 descripti,

152 2482 209 2519 vel
244 2484 365 2532 potius
406 2484 562 2522 describi
596 2486 739 2536 coepti:
773 2486 812 2522 id

154 2539 253 2585 quod
274 2539 410 2589 priores
424 2540 614 2579 Persarum
631 2555 752 2591 regeS,
774 2527 813 2579 et

156 2594 271 2641 erus
297 2600 333 2632 et
355 2596 568 2646 Cambyses,
597 2600 675 2649 pari
700 2599 812 2635 modo

156 2649 355 2697 neglexisse
378 2653 556 2691 videntur.
607 2655 813 2692 Coniuncta

157 2706 251 2741 enim
271 2712 326 2742 est
346 2707 434 2745 haec
457 2711 721 2759 provinciarum
748 2713 814 2749 de-

157 2762 320 2811 scriptiO,
352 2776 460 2811 quam
480 2765 613 2804 Darius
634 2768 812 2804 instituis-

158 2830 197 2854 se
227 2831 254 2854 s.
287 2819 473 2857 ordinasse
493 2822 620 2871 fertur,
647 2837 727 2861 cum
753 2836 814 2861 ac-

156 2874 326 2911 curatiori
355 2875 591 2927 tributorum,
621 2892 716 2929 quae
738 2881 813 2917 sin-

1528 772 1688 809 descriptio
1708 780 1725 797 a
1745 771 1804 798 Da—

1527 806 1682 833 riotaeta:
1703 805 1803 839 Baby-

1526 839 1654 866 lonicum
1705 840 1803 866 talen-

1526 878 1587 900 tuui
1607 873 1686 900 Lxx
1710 874 1746 899 mi
1751 881 1803 900 na-

1521 915 1587 934 rum

1658 907 1804 935 Euboica-

1522 949 1606 969 rum:
1639 941 1749 968 Darius
1760 960 1769 975 ,

862 1015 955 1065 gulis
972 1015 1139 1065 gentibus
1153 1015 1420 1066 provinciisque
1438 1015 1525 1053 sub-

862 1074 948 1110 ditis
973 1073 1045 1109 sint
1079 1073 1322 1122 praestanda,
1353 1072 1525 1109 distribu-

861 1131 973 1177 tione,
1003 1130 1091 1178 quin
1114 1142 1157 1167 ex
1177 1130 1220 1166 ea
1243 1130 1322 1181 ipsa
1346 1129 1527 1178 quodam-

861 1187 973 1224 modo
1001 1193 1089 1223 nata
1122 1187 1236 1224 videri
1262 1191 1392 1236 queat,
1423 1199 1527 1222 surn-

861 1256 958 1281 mam
999 1244 1102 1291 regni
1148 1243 1355 1281 stabiliendi
1404 1255 1526 1280 curam

864 1300 1013 1348 egregie
1062 1299 1122 1336 illa
1162 1300 1309 1349 quidem
1353 1301 1527 1351 prodens·

864 1355 998 1405 Neque
1018 1357 1112 1393 enim
1131 1357 1227 1405 fugit
1243 1370 1368 1406 regem
1381 1357 1527 1406 sapien·

864 1418 951 1458 tem,
982 1414 1086 1461 regni
1111 1413 1428 1451 administratione
1450 1425 1525 1450 non

865 1470 958 1507 bene
998 1470 1164 1506 ordinata
1201 1470 1420 1519 tributisque
1452 1471 1527 1506 sin-

864 1525 1028 1574 gulorum
1069 1525 1286 1576 populorum
1324 1540 1398 1563 non
1437 1526 1526 1563 satis

863 1588 1032 1620 accurate
1052 1583 1256 1619 constitutis
1278 1583 1393 1632 (quae
1413 1584 1526 1634 prius,

863 1643 903 1676 ut
923 1639 1020 1675 dona
1038 1639 1303 1686 offerebantur,
1330 1653 1398 1677 nec
1415 1644 1528 1686 certa,

862 1708 930 1732 nec
943 1697 989 1732 ad
1007 1695 1117 1732 ullum
1136 1697 1285 1733 modum
1305 1709 1529 1734 mensuram-

863 1765 935 1801 que
953 1753 1150 1798 adstricta,
1181 1766 1253 1802 quo
1273 1754 1353 1803 ipso
1371 1753 1428 1791 vel
1450 1766 1529 1790 ma-

864 1809 921 1857 gis
951 1810 1167 1858 premebant
1193 1810 1361 1846 subditos
1381 1811 1529 1860 praefe-

865 1870 1003 1902 ctorum
1028 1866 1212 1915 regiorum
1242 1867 1390 1903 arbitrio
1418 1866 1528 1917 plane

865 1923 1080 1977 expositos),
1092 1923 1208 1972 ipsum
1221 1936 1372 1972 regnum
1388 1924 1447 1961 vix
1466 1924 1528 1960 diu

865 1982 961 2015 stare
984 1991 1095 2028 posse
1112 1979 1293 2027 integrum
1320 1980 1530 2030 imperium-

869 2046 941 2082 que
966 2034 1066 2072 brevi
1088 2035 1322 2083 acquisitum,
1351 2049 1434 2073 mox
1457 2037 1528 2073 iam

869 2103 1032 2127 eversum
1045 2091 1097 2127 iri.
1121 2092 1224 2135 Quae
1235 2105 1322 2129 vero
1334 2092 1472 2130 Noster
1481 2093 1528 2130 de

868 2145 935 2183 hac
947 2147 1081 2184 Persici
1101 2148 1203 2195 regni
1217 2148 1462 2198 descriptione
1473 2162 1532 2186 re-

869 2202 962 2249 tulit,
981 2216 1024 2240 ea
1043 2217 1088 2241 ex
1109 2204 1254 2253 optimis
1274 2205 1434 2242 fontibus
1451 2205 1531 2255 ple-

868 2271 982 2308 raque
1007 2265 1106 2298 certe
1130 2262 1277 2298 fluxisse
1309 2274 1529 2311 quamquam

869 2328 944 2352 non
974 2321 1049 2363 est,
1090 2318 1188 2366 quod
1220 2318 1450 2365 dubitemus,
1481 2319 1530 2355 ad

868 2373 1073 2422 posteriora
1095 2378 1219 2411 tamen
1245 2375 1348 2423 regni
1367 2378 1532 2424 tempora

870 2441 950 2466 eam
972 2442 1045 2466 non
1059 2443 1207 2480 prorsus
1229 2432 1423 2468 convenire
1433 2431 1533 2468 haud

869 2486 1009 2523 mirum.
1069 2488 1163 2524 Cum
1186 2488 1282 2524 enim
1309 2488 1425 2538 prima
1451 2487 1532 2525 talis

870 2543 1055 2579 divisionis
1068 2544 1273 2581 rudimenta
1283 2544 1533 2594 potius,quam

869 2599 986 2648 ipsam
1008 2601 1206 2649 perfectam
1235 2600 1407 2649 omnique
1426 2605 1533 2650 parte

871 2655 1072 2692 absolutam
1097 2656 1380 2706 descriptionem
1400 2656 1532 2693 Darius

870 2711 1095 2758 exhibuerit,
1124 2713 1324 2763 postmodo
1359 2712 1533 2750 nonnulla

870 2773 1011 2805 mutata
1045 2768 1194 2806 aliterve
1221 2769 1416 2805 constituta
1449 2781 1530 2806 esse

870 2824 951 2873 quis
972 2824 1150 2863 miretur?
1188 2824 1323 2874 Neque
1354 2825 1456 2862 unice
1481 2824 1529 2861 ad

870 2881 1009 2918 tributa
1027 2893 1069 2919 ac
1094 2881 1299 2931 vectigalia,
1318 2884 1360 2918 ut
1379 2880 1530 2930 quibus-
