<?xml version="1.0" encoding="UTF-8"?>
<!DOCTYPE html PUBLIC "-//W3C//DTD XHTML 1.0 Transitional//EN"
    "http://www.w3.org/TR/xhtml1/DTD/xhtml1-transitional.dtd">
<html xmlns="http://www.w3.org/1999/xhtml" xml:lang="en" lang="en">
 <head>
  <title>
</title>
<meta http-equiv="Content-Type" content="text/html;charset=utf-8" />
  <meta name='ocr-system' content='tesseract 3.04.00' />
  <meta name='ocr-capabilities' content='ocr_page ocr_carea ocr_par ocr_line ocrx_word'/>
</head>
<body>
  <div class='ocr_page' id='page_1' title='image "./musaeherodoto02hero/musaeherodoto02hero_0125.png"; bbox 0 0 1904 3304; ppageno 0'>
   <div class='ocr_carea' id='block_1_1' title="bbox 593 240 1060 279">
    <p class='ocr_par' dir='ltr' id='par_1_1' title="bbox 593 240 1060 279">
     <span class='ocr_line' id='line_1_1' title="bbox 593 240 1060 279; baseline 0 0"><span class='ocrx_word' id='word_1_1' title='bbox 593 241 630 279; x_wconf 91' lang='lat' dir='ltr'>T</span> <span class='ocrx_word' id='word_1_2' title='bbox 660 241 698 279; x_wconf 90' lang='lat' dir='ltr'>H</span> <span class='ocrx_word' id='word_1_3' title='bbox 727 240 760 278; x_wconf 88' lang='lat' dir='ltr'><strong>A</strong></span> <span class='ocrx_word' id='word_1_4' title='bbox 789 240 822 279; x_wconf 92' lang='lat' dir='ltr'>L</span> <span class='ocrx_word' id='word_1_5' title='bbox 852 241 867 279; x_wconf 99' lang='grc' dir='ltr'>Ι</span> <span class='ocrx_word' id='word_1_6' title='bbox 897 240 941 279; x_wconf 86' lang='grc' dir='ltr'><strong><em>Α.</em></strong></span> <span class='ocrx_word' id='word_1_7' title='bbox 1001 241 1060 279; x_wconf 86' lang='grc' dir='ltr'><strong><em>ΙΙΙ.</em></strong></span> 
     </span>
    </p>
   </div>
   <div class='ocr_carea' id='block_1_2' title="bbox 181 348 1510 548">
    <p class='ocr_par' dir='ltr' id='par_1_2' title="bbox 181 348 1510 548">
     <span class='ocr_line' id='line_1_2' title="bbox 185 348 959 408; baseline -0.009 -10"><span class='ocrx_word' id='word_1_8' title='bbox 185 369 293 402; x_wconf 86' lang='grc' dir='ltr'><strong><em>των,</em></strong></span> <span class='ocrx_word' id='word_1_9' title='bbox 333 353 466 394; x_wconf 84' lang='grc' dir='ltr'><strong><em>τοῦτο</em></strong></span> <span class='ocrx_word' id='word_1_10' title='bbox 504 349 547 400; x_wconf 79' lang='grc' dir='ltr'><strong><em>ἐς</em></strong></span> <span class='ocrx_word' id='word_1_11' title='bbox 583 348 719 405; x_wconf 80' lang='grc' dir='ltr'><em>ὑμέας</em></span> <span class='ocrx_word' id='word_1_12' title='bbox 757 351 959 408; x_wconf 76' lang='grc' dir='ltr'><strong><em>έκφῇναι.</em></strong></span> 
     </span>
     <span class='ocr_line' id='line_1_3' title="bbox 181 419 1097 479; baseline -0.005 -11"><span class='ocrx_word' id='word_1_13' title='bbox 181 422 408 479; x_wconf 83' lang='grc' dir='ltr'><strong><em>Αἰγύπτῳ,</em></strong></span> <span class='ocrx_word' id='word_1_14' title='bbox 459 419 578 464; x_wconf 80' lang='grc' dir='ltr'><strong><em>εἶδον</em></strong></span> <span class='ocrx_word' id='word_1_15' title='bbox 619 421 723 471; x_wconf 74' lang='grc' dir='ltr'><strong><em>ὄψιν</em></strong></span> <span class='ocrx_word' id='word_1_16' title='bbox 766 422 812 465; x_wconf 83' lang='grc' dir='ltr'><strong><em>έν</em></strong></span> <span class='ocrx_word' id='word_1_17' title='bbox 851 425 911 478; x_wconf 77' lang='grc' dir='ltr'><strong><em>τῷ</em></strong></span> <span class='ocrx_word' id='word_1_18' title='bbox 951 420 1097 477; x_wconf 79' lang='grc' dir='ltr'><strong><em>ὕπνῳ,</em></strong></span> 
     </span>
     <span class='ocr_line' id='line_1_4' title="bbox 558 489 1510 548; baseline -0.002 -13"><span class='ocrx_word' id='word_1_19' title='bbox 558 490 735 536; x_wconf 82' lang='grc' dir='ltr'><strong><em>ἐδόκεον</em></strong></span> <span class='ocrx_word' id='word_1_20' title='bbox 766 494 810 537; x_wconf 85' lang='grc' dir='ltr'><strong><em>δέ</em></strong></span> <span class='ocrx_word' id='word_1_21' title='bbox 850 509 925 548; x_wconf 91' lang='grc' dir='ltr'><strong><em>μοι</em></strong></span> <span class='ocrx_word' id='word_1_22' title='bbox 965 491 1148 547; x_wconf 79' lang='grc' dir='ltr'><strong><em>ἄγγελον</em></strong></span> <span class='ocrx_word' id='word_1_23' title='bbox 1188 489 1373 534; x_wconf 79' lang='grc' dir='ltr'><strong><em>ἐλθόντα</em></strong></span> <span class='ocrx_word' id='word_1_24' title='bbox 1411 491 1510 543; x_wconf 81' lang='grc' dir='ltr'><strong><em>έξ95</em></strong></span> 
     </span>
    </p>
   </div>
   <div class='ocr_carea' id='block_1_3' title="bbox 151 494 497 550">
    <p class='ocr_par' dir='ltr' id='par_1_3' title="bbox 151 494 497 550">
     <span class='ocr_line' id='line_1_5' title="bbox 151 494 497 550; baseline -0.006 -14"><span class='ocrx_word' id='word_1_25' title='bbox 151 503 173 536; x_wconf 87' lang='grc'>3</span> <span class='ocrx_word' id='word_1_26' title='bbox 184 494 347 550; x_wconf 81' lang='grc' dir='ltr'><strong><em>ὄφελον</em></strong></span> <span class='ocrx_word' id='word_1_27' title='bbox 378 494 497 535; x_wconf 82' lang='grc' dir='ltr'><strong><em>ἰδεῖν.</em></strong></span> 
     </span>
    </p>
   </div>
   <div class='ocr_carea' id='block_1_4' title="bbox 1373 242 1455 283">
    <p class='ocr_par' dir='ltr' id='par_1_4' title="bbox 1373 242 1455 283">
     <span class='ocr_line' id='line_1_6' title="bbox 1373 242 1455 283; baseline 0.049 -5"><span class='ocrx_word' id='word_1_28' title='bbox 1373 242 1455 283; x_wconf 77' lang='lat'><strong><em>117</em></strong></span> 
     </span>
    </p>
   </div>
   <div class='ocr_carea' id='block_1_5' title="bbox 1018 347 1454 406">
    <p class='ocr_par' dir='ltr' id='par_1_5' title="bbox 1018 347 1454 406">
     <span class='ocr_line' id='line_1_7' title="bbox 1018 347 1454 406; baseline -0.002 -13"><span class='ocrx_word' id='word_1_29' title='bbox 1018 348 1101 406; x_wconf 73' lang='grc' dir='ltr'><strong><em>ἐγώ</em></strong></span> <span class='ocrx_word' id='word_1_30' title='bbox 1142 347 1246 404; x_wconf 83' lang='grc' dir='ltr'><strong><em>γὰρ,</em></strong></span> <span class='ocrx_word' id='word_1_31' title='bbox 1292 348 1377 392; x_wconf 74' lang='grc' dir='ltr'><strong><em>ἐών</em></strong></span> <span class='ocrx_word' id='word_1_32' title='bbox 1407 349 1454 393; x_wconf 82' lang='grc' dir='ltr'><strong><em>έν</em></strong></span> 
     </span>
    </p>
   </div>
   <div class='ocr_carea' id='block_1_6' title="bbox 1154 420 1453 478">
    <p class='ocr_par' dir='ltr' id='par_1_6' title="bbox 1154 420 1453 478">
     <span class='ocr_line' id='line_1_8' title="bbox 1154 420 1453 478; baseline 0.01 -16"><span class='ocrx_word' id='word_1_33' title='bbox 1154 420 1233 476; x_wconf 78' lang='grc' dir='ltr'><strong><em>τὴν</em></strong></span> <span class='ocrx_word' id='word_1_34' title='bbox 1276 421 1453 478; x_wconf 76' lang='grc' dir='ltr'><strong><em>μηδαμά</em></strong></span> 
     </span>
    </p>
   </div>
   <div class='ocr_carea' id='block_1_7' title="bbox 148 561 1454 763">
    <p class='ocr_par' dir='ltr' id='par_1_7' title="bbox 148 561 1454 763">
     <span class='ocr_line' id='line_1_9' title="bbox 179 561 1452 619; baseline -0.003 -11"><span class='ocrx_word' id='word_1_35' title='bbox 179 567 308 609; x_wconf 82' lang='grc' dir='ltr'><em>οἴκου</em></span> <span class='ocrx_word' id='word_1_36' title='bbox 339 563 580 619; x_wconf 84' lang='grc' dir='ltr'><strong><em>α’γγέλλειν,</em></strong></span> <span class='ocrx_word' id='word_1_37' title='bbox 623 562 680 615; x_wconf 78' lang='grc' dir='ltr'><strong><em>ὠς</em></strong></span> <span class='ocrx_word' id='word_1_38' title='bbox 711 563 900 619; x_wconf 78' lang='grc' dir='ltr'><em>Σμέρδις</em></span> <span class='ocrx_word' id='word_1_39' title='bbox 931 561 1124 618; x_wconf 80' lang='grc' dir='ltr'><strong><em>ἱζόμενος</em></strong></span> <span class='ocrx_word' id='word_1_40' title='bbox 1154 561 1195 612; x_wconf 71' lang='grc' dir='ltr'><strong><em>ἐς</em></strong></span> <span class='ocrx_word' id='word_1_41' title='bbox 1221 561 1301 605; x_wconf 82' lang='grc' dir='ltr'><strong><em>τόν</em></strong></span> <span class='ocrx_word' id='word_1_42' title='bbox 1331 564 1452 616; x_wconf 86' lang='grc' dir='ltr'><strong><em>βασι-</em></strong></span> 
     </span>
     <span class='ocr_line' id='line_1_10' title="bbox 148 632 1454 693; baseline -0.002 -15"><span class='ocrx_word' id='word_1_43' title='bbox 148 636 303 693; x_wconf 72' lang='grc' dir='ltr'><strong><em>4λήϊον</em></strong></span> <span class='ocrx_word' id='word_1_44' title='bbox 323 635 495 689; x_wconf 81' lang='grc' dir='ltr'><strong><em>θρόνον</em></strong></span> <span class='ocrx_word' id='word_1_45' title='bbox 525 633 704 686; x_wconf 80' lang='grc' dir='ltr'><strong><em>ψαύσειε</em></strong></span> <span class='ocrx_word' id='word_1_46' title='bbox 734 639 786 692; x_wconf 79' lang='grc' dir='ltr'><strong><em>τῇ</em></strong></span> <span class='ocrx_word' id='word_1_47' title='bbox 816 638 985 691; x_wconf 78' lang='grc' dir='ltr'><em>κεφαλῇ</em></span> <span class='ocrx_word' id='word_1_48' title='bbox 1015 639 1094 677; x_wconf 87' lang='grc' dir='ltr'><strong><em>τοῦ</em></strong></span> <span class='ocrx_word' id='word_1_49' title='bbox 1125 632 1335 688; x_wconf 83' lang='grc' dir='ltr'><strong><em>οὐρανοῦ.</em></strong></span> <span class='ocrx_word' id='word_1_50' title='bbox 1371 634 1454 676; x_wconf 83' lang='grc' dir='ltr'><strong><em>δεί-</em></strong></span> 
     </span>
     <span class='ocr_line' id='line_1_11' title="bbox 177 703 1452 763; baseline -0.004 -11"><span class='ocrx_word' id='word_1_51' title='bbox 177 720 257 759; x_wconf 88' lang='grc' dir='ltr'><strong><em>σας</em></strong></span> <span class='ocrx_word' id='word_1_52' title='bbox 296 708 341 751; x_wconf 76' lang='grc' dir='ltr'><strong><em>δὲ</em></strong></span> <span class='ocrx_word' id='word_1_53' title='bbox 384 707 441 763; x_wconf 77' lang='grc' dir='ltr'><strong><em>μή</em></strong></span> <span class='ocrx_word' id='word_1_54' title='bbox 479 707 725 762; x_wconf 71' lang='grc' dir='ltr'><em>ἀπαιρεθέω</em></span> <span class='ocrx_word' id='word_1_55' title='bbox 766 707 843 762; x_wconf 78' lang='grc' dir='ltr'><strong><em>την</em></strong></span> <span class='ocrx_word' id='word_1_56' title='bbox 885 703 1023 761; x_wconf 70' lang='grc' dir='ltr'><strong><em>ἀρχὴν</em></strong></span> <span class='ocrx_word' id='word_1_57' title='bbox 1062 704 1172 759; x_wconf 83' lang='grc' dir='ltr'><strong><em>πρὸς</em></strong></span> <span class='ocrx_word' id='word_1_58' title='bbox 1208 708 1290 747; x_wconf 81' lang='grc' dir='ltr'><strong><em>τοῦ</em></strong></span> <span class='ocrx_word' id='word_1_59' title='bbox 1331 703 1452 748; x_wconf 79' lang='grc' dir='ltr'><strong><em>ἀδελ-</em></strong></span> 
     </span>
    </p>
   </div>
   <div class='ocr_carea' id='block_1_8' title="bbox 177 775 1145 835">
    <p class='ocr_par' dir='ltr' id='par_1_8' title="bbox 177 775 1145 835">
     <span class='ocr_line' id='line_1_12' title="bbox 177 775 1145 835; baseline -0.004 -13"><span class='ocrx_word' id='word_1_60' title='bbox 177 783 315 835; x_wconf 83' lang='grc' dir='ltr'><em>φεοῦ,</em></span> <span class='ocrx_word' id='word_1_61' title='bbox 357 779 539 835; x_wconf 86' lang='grc' dir='ltr'><strong><em>έποίησα</em></strong></span> <span class='ocrx_word' id='word_1_62' title='bbox 581 777 789 834; x_wconf 75' lang='grc' dir='ltr'><em>ταχύτερα</em></span> <span class='ocrx_word' id='word_1_63' title='bbox 827 775 855 833; x_wconf 80' lang='grc' dir='ltr'><em>ἢ</em></span> <span class='ocrx_word' id='word_1_64' title='bbox 894 777 1145 831; x_wconf 79' lang='grc' dir='ltr'><strong><em>σοφώτερα·</em></strong></span> 
     </span>
    </p>
   </div>
   <div class='ocr_carea' id='block_1_9' title="bbox 1204 774 1478 832">
    <p class='ocr_par' dir='ltr' id='par_1_9' title="bbox 1204 774 1478 832">
     <span class='ocr_line' id='line_1_13' title="bbox 1204 774 1478 832; baseline -0.011 -13"><span class='ocrx_word' id='word_1_65' title='bbox 1204 776 1251 819; x_wconf 73' lang='grc' dir='ltr'><strong><em>ἓν</em></strong></span> <span class='ocrx_word' id='word_1_66' title='bbox 1281 779 1333 832; x_wconf 85' lang='grc' dir='ltr'><strong><em>τῇ</em></strong></span> <span class='ocrx_word' id='word_1_67' title='bbox 1361 774 1478 831; x_wconf 72' lang='grc' dir='ltr'><strong><em>γάρι</em></strong></span> 
     </span>
    </p>
   </div>
   <div class='ocr_carea' id='block_1_10' title="bbox 147 846 1478 1191">
    <p class='ocr_par' dir='ltr' id='par_1_10' title="bbox 147 846 1478 1191">
     <span class='ocr_line' id='line_1_14' title="bbox 176 846 1452 908; baseline -0.004 -14"><span class='ocrx_word' id='word_1_68' title='bbox 176 849 435 908; x_wconf 64' lang='grc' dir='ltr'><strong><em>ἀνθρωπηίῃ</em></strong></span> <span class='ocrx_word' id='word_1_69' title='bbox 468 850 598 907; x_wconf 82' lang='grc' dir='ltr'><strong><em>φύσει</em></strong></span> <span class='ocrx_word' id='word_1_70' title='bbox 630 848 712 893; x_wconf 79' lang='grc' dir='ltr'><strong><em>οὐκ</em></strong></span> <span class='ocrx_word' id='word_1_71' title='bbox 743 849 843 903; x_wconf 74' lang='grc' dir='ltr'><strong><em>ἐνῆν</em></strong></span> <span class='ocrx_word' id='word_1_72' title='bbox 873 846 959 901; x_wconf 80' lang='grc' dir='ltr'><strong><em>ἄρα</em></strong></span> <span class='ocrx_word' id='word_1_73' title='bbox 989 846 1037 890; x_wconf 87' lang='grc' dir='ltr'><strong><em>τὸ</em></strong></span> <span class='ocrx_word' id='word_1_74' title='bbox 1068 847 1226 902; x_wconf 78' lang='grc' dir='ltr'><strong><em>μέλλον</em></strong></span> <span class='ocrx_word' id='word_1_75' title='bbox 1251 849 1452 902; x_wconf 79' lang='grc' dir='ltr'><strong><em>γίνεσθαι</em></strong></span> 
     </span>
     <span class='ocr_line' id='line_1_15' title="bbox 177 908 1450 977; baseline -0.004 -11"><span class='ocrx_word' id='word_1_76' title='bbox 177 921 453 975; x_wconf 76' lang='grc' dir='ltr'><strong><em>ἀποτρέπειν·</em></strong></span> <span class='ocrx_word' id='word_1_77' title='bbox 488 908 570 977; x_wconf 77' lang='grc' dir='ltr'><strong><em>ἐγώ</em></strong></span> <span class='ocrx_word' id='word_1_78' title='bbox 601 922 647 964; x_wconf 82' lang='grc' dir='ltr'><strong><em>δὲ</em></strong></span> <span class='ocrx_word' id='word_1_79' title='bbox 668 919 691 963; x_wconf 89' lang='grc' dir='ltr'>ὁ</span> <span class='ocrx_word' id='word_1_80' title='bbox 722 918 903 975; x_wconf 81' lang='grc' dir='ltr'><strong><em>μάταιος</em></strong></span> <span class='ocrx_word' id='word_1_81' title='bbox 924 917 1188 975; x_wconf 74' lang='grc' dir='ltr'><em>Πρηξάσπεα</em></span> <span class='ocrx_word' id='word_1_82' title='bbox 1209 916 1450 973; x_wconf 72' lang='grc' dir='ltr'><strong><em>ἀποπέμπω</em></strong></span> 
     </span>
     <span class='ocr_line' id='line_1_16' title="bbox 147 988 1451 1046; baseline -0.003 -10"><span class='ocrx_word' id='word_1_83' title='bbox 147 993 222 1044; x_wconf 81' lang='grc' dir='ltr'><strong><em>5ές</em></strong></span> <span class='ocrx_word' id='word_1_84' title='bbox 252 997 409 1037; x_wconf 85' lang='grc' dir='ltr'><strong><em>Σοῦσα</em></strong></span> <span class='ocrx_word' id='word_1_85' title='bbox 440 990 755 1036; x_wconf 80' lang='grc' dir='ltr'><strong><em>ἀποκτενέοντα</em></strong></span> <span class='ocrx_word' id='word_1_86' title='bbox 776 990 982 1046; x_wconf 79' lang='grc' dir='ltr'><strong><em>Σμέρδιν.</em></strong></span> <span class='ocrx_word' id='word_1_87' title='bbox 1041 988 1375 1045; x_wconf 75' lang='grc' dir='ltr'><strong><em>ἐξεργασθέντος</em></strong></span> <span class='ocrx_word' id='word_1_88' title='bbox 1406 989 1451 1032; x_wconf 78' lang='grc' dir='ltr'><strong><em>ὁὲ</em></strong></span> 
     </span>
     <span class='ocr_line' id='line_1_17' title="bbox 174 1059 1450 1118; baseline -0.003 -11"><span class='ocrx_word' id='word_1_89' title='bbox 174 1069 315 1108; x_wconf 82' lang='grc' dir='ltr'><strong><em>κακοῦ</em></strong></span> <span class='ocrx_word' id='word_1_90' title='bbox 344 1062 586 1115; x_wconf 80' lang='grc' dir='ltr'><strong><em>τοσούτου,</em></strong></span> <span class='ocrx_word' id='word_1_91' title='bbox 630 1062 767 1113; x_wconf 78' lang='grc' dir='ltr'><strong><em>ἀδεῶς</em></strong></span> <span class='ocrx_word' id='word_1_92' title='bbox 800 1060 1059 1118; x_wconf 79' lang='grc' dir='ltr'><strong><em>διαιτώμην,</em></strong></span> <span class='ocrx_word' id='word_1_93' title='bbox 1103 1059 1278 1117; x_wconf 78' lang='grc' dir='ltr'><strong><em>οὐδαμᾶ</em></strong></span> <span class='ocrx_word' id='word_1_94' title='bbox 1308 1060 1450 1104; x_wconf 78' lang='grc' dir='ltr'><strong><em>ἐπιλε-</em></strong></span> 
     </span>
     <span class='ocr_line' id='line_1_18' title="bbox 174 1131 1478 1191; baseline -0.002 -14"><span class='ocrx_word' id='word_1_95' title='bbox 174 1134 355 1191; x_wconf 80' lang='grc' dir='ltr'><strong><em>ξάμενος</em></strong></span> <span class='ocrx_word' id='word_1_96' title='bbox 385 1132 443 1190; x_wconf 88' lang='grc' dir='ltr'><strong><em>μή</em></strong></span> <span class='ocrx_word' id='word_1_97' title='bbox 474 1134 570 1177; x_wconf 84' lang='grc' dir='ltr'><strong><em>κοτέ</em></strong></span> <span class='ocrx_word' id='word_1_98' title='bbox 600 1134 663 1184; x_wconf 85' lang='grc' dir='ltr'><strong><em>τίς</em></strong></span> <span class='ocrx_word' id='word_1_99' title='bbox 694 1151 790 1189; x_wconf 88' lang='grc' dir='ltr'><strong><em>μοι,</em></strong></span> <span class='ocrx_word' id='word_1_100' title='bbox 823 1133 1044 1189; x_wconf 84' lang='grc' dir='ltr'><strong><em>Σμέρδιος</em></strong></span> <span class='ocrx_word' id='word_1_101' title='bbox 1072 1131 1478 1188; x_wconf 81' lang='grc' dir='ltr'><strong><em>ὑπαραιρημένου,5</em></strong></span> 
     </span>
    </p>
   </div>
   <div class='ocr_carea' id='block_1_11' title="bbox 146 1204 897 1331">
    <p class='ocr_par' dir='ltr' id='par_1_11' title="bbox 146 1204 897 1331">
     <span class='ocr_line' id='line_1_19' title="bbox 146 1204 897 1260; baseline -0.001 -12"><span class='ocrx_word' id='word_1_102' title='bbox 146 1206 307 1258; x_wconf 76' lang='grc' dir='ltr'><strong><em>ὁᾶλλος</em></strong></span> <span class='ocrx_word' id='word_1_103' title='bbox 337 1206 600 1260; x_wconf 76' lang='grc' dir='ltr'><strong><em>ἐπανασταίη</em></strong></span> <span class='ocrx_word' id='word_1_104' title='bbox 631 1204 897 1259; x_wconf 79' lang='grc' dir='ltr'><strong><em>ἀνθρώπων.</em></strong></span> 
     </span>
     <span class='ocr_line' id='line_1_20' title="bbox 175 1275 795 1331; baseline -0.002 -11"><span class='ocrx_word' id='word_1_105' title='bbox 175 1282 330 1327; x_wconf 85' lang='grc' dir='ltr'><strong><em>λοντος</em></strong></span> <span class='ocrx_word' id='word_1_106' title='bbox 361 1276 537 1319; x_wconf 75' lang='grc' dir='ltr'><strong><em>ἔσεσθαι</em></strong></span> <span class='ocrx_word' id='word_1_107' title='bbox 568 1275 795 1331; x_wconf 78' lang='grc' dir='ltr'><strong><em>ἁμαρτών,</em></strong></span> 
     </span>
    </p>
   </div>
   <div class='ocr_carea' id='block_1_12' title="bbox 839 1203 1450 1331">
    <p class='ocr_par' dir='ltr' id='par_1_12' title="bbox 839 1203 1450 1331">
     <span class='ocr_line' id='line_1_21' title="bbox 957 1203 1450 1260; baseline -0.002 -13"><span class='ocrx_word' id='word_1_108' title='bbox 957 1203 1119 1254; x_wconf 81' lang='grc' dir='ltr'><strong><em>παντὸς</em></strong></span> <span class='ocrx_word' id='word_1_109' title='bbox 1150 1205 1196 1247; x_wconf 79' lang='grc' dir='ltr'><strong><em>δὲ</em></strong></span> <span class='ocrx_word' id='word_1_110' title='bbox 1234 1207 1314 1248; x_wconf 86' lang='grc' dir='ltr'><strong><em>τοῦ</em></strong></span> <span class='ocrx_word' id='word_1_111' title='bbox 1350 1204 1450 1260; x_wconf 85' lang='grc' dir='ltr'><strong><em>μέλ-</em></strong></span> 
     </span>
     <span class='ocr_line' id='line_1_22' title="bbox 839 1274 1449 1331; baseline -0.002 -12"><span class='ocrx_word' id='word_1_112' title='bbox 839 1275 1184 1331; x_wconf 84' lang='grc' dir='ltr'><strong><em>οἷδελφεοκτόνος</em></strong></span> <span class='ocrx_word' id='word_1_113' title='bbox 1213 1291 1277 1326; x_wconf 86' lang='grc' dir='ltr'><strong><em>τε,</em></strong></span> <span class='ocrx_word' id='word_1_114' title='bbox 1318 1274 1449 1318; x_wconf 79' lang='grc' dir='ltr'><strong><em>οὐδὲν</em></strong></span> 
     </span>
    </p>
   </div>
   <div class='ocr_carea' id='block_1_13' title="bbox 176 1341 1447 1475">
    <p class='ocr_par' dir='ltr' id='par_1_13' title="bbox 176 1341 1447 1475">
     <span class='ocr_line' id='line_1_23' title="bbox 177 1341 1447 1403; baseline -0.002 -12"><span class='ocrx_word' id='word_1_115' title='bbox 177 1349 298 1399; x_wconf 85' lang='grc' dir='ltr'><strong><em>ὁέον,</em></strong></span> <span class='ocrx_word' id='word_1_116' title='bbox 328 1347 510 1403; x_wconf 78' lang='grc' dir='ltr'><strong><em>γέγονα,</em></strong></span> <span class='ocrx_word' id='word_1_117' title='bbox 549 1348 620 1390; x_wconf 79' lang='grc' dir='ltr'><strong><em>καὶ</em></strong></span> <span class='ocrx_word' id='word_1_118' title='bbox 651 1350 725 1403; x_wconf 77' lang='grc' dir='ltr'><strong><em>τῆς</em></strong></span> <span class='ocrx_word' id='word_1_119' title='bbox 756 1349 980 1403; x_wconf 82' lang='grc' dir='ltr'><strong><em>βασιληΐης</em></strong></span> <span class='ocrx_word' id='word_1_120' title='bbox 1010 1344 1141 1389; x_wconf 77' lang='grc' dir='ltr'><strong><em>οὐδὲν</em></strong></span> <span class='ocrx_word' id='word_1_121' title='bbox 1170 1341 1308 1401; x_wconf 78' lang='grc' dir='ltr'><strong><em>ἧσσον</em></strong></span> <span class='ocrx_word' id='word_1_122' title='bbox 1338 1346 1447 1390; x_wconf 84' lang='grc' dir='ltr'><strong><em>έστέ-</em></strong></span> 
     </span>
     <span class='ocr_line' id='line_1_24' title="bbox 176 1412 1447 1475; baseline 0 -13"><span class='ocrx_word' id='word_1_123' title='bbox 176 1436 321 1475; x_wconf 90' lang='grc' dir='ltr'><strong><em>ρημαι.</em></strong></span> <span class='ocrx_word' id='word_1_124' title='bbox 380 1417 570 1473; x_wconf 84' lang='grc' dir='ltr'><strong><em>Σμέρδις</em></strong></span> <span class='ocrx_word' id='word_1_125' title='bbox 599 1418 682 1474; x_wconf 80' lang='grc' dir='ltr'><strong><em>γαρ</em></strong></span> <span class='ocrx_word' id='word_1_126' title='bbox 717 1418 770 1474; x_wconf 80' lang='grc' dir='ltr'><strong><em>δὴ</em></strong></span> <span class='ocrx_word' id='word_1_127' title='bbox 810 1412 865 1473; x_wconf 82' lang='grc' dir='ltr'><strong><em>ἦν</em></strong></span> <span class='ocrx_word' id='word_1_128' title='bbox 905 1416 928 1461; x_wconf 90' lang='grc' dir='ltr'>ὁ</span> <span class='ocrx_word' id='word_1_129' title='bbox 959 1417 1141 1472; x_wconf 77' lang='grc' dir='ltr'><strong><em>Μάγος,</em></strong></span> <span class='ocrx_word' id='word_1_130' title='bbox 1189 1415 1269 1460; x_wconf 89' lang='grc' dir='ltr'><strong><em>τόν</em></strong></span> <span class='ocrx_word' id='word_1_131' title='bbox 1307 1435 1383 1473; x_wconf 88' lang='grc' dir='ltr'><strong><em>μοι</em></strong></span> <span class='ocrx_word' id='word_1_132' title='bbox 1424 1416 1447 1462; x_wconf 88' lang='grc' dir='ltr'><em>ὃ</em></span> 
     </span>
    </p>
   </div>
   <div class='ocr_carea' id='block_1_14' title="bbox 144 1486 1326 1546">
    <p class='ocr_par' dir='ltr' id='par_1_14' title="bbox 144 1486 1326 1546">
     <span class='ocr_line' id='line_1_25' title="bbox 144 1486 1326 1546; baseline 0 -16"><span class='ocrx_word' id='word_1_133' title='bbox 144 1493 343 1546; x_wconf 85' lang='grc' dir='ltr'><strong><em>7δαίμων</em></strong></span> <span class='ocrx_word' id='word_1_134' title='bbox 380 1489 621 1544; x_wconf 79' lang='grc' dir='ltr'><strong><em>προέφαινε</em></strong></span> <span class='ocrx_word' id='word_1_135' title='bbox 652 1490 698 1532; x_wconf 83' lang='grc' dir='ltr'><strong><em>έν</em></strong></span> <span class='ocrx_word' id='word_1_136' title='bbox 727 1493 780 1545; x_wconf 85' lang='grc' dir='ltr'><strong><em>τῇ</em></strong></span> <span class='ocrx_word' id='word_1_137' title='bbox 812 1488 910 1541; x_wconf 74' lang='grc' dir='ltr'><strong><em>ὄψει</em></strong></span> <span class='ocrx_word' id='word_1_138' title='bbox 940 1486 1326 1544; x_wconf 79' lang='grc' dir='ltr'><strong><em>ἐπαναστήσεσθαι.</em></strong></span> 
     </span>
    </p>
   </div>
   <div class='ocr_carea' id='block_1_15' title="bbox 1389 1489 1504 1533">
    <p class='ocr_par' dir='ltr' id='par_1_15' title="bbox 1389 1489 1504 1533">
     <span class='ocr_line' id='line_1_26' title="bbox 1389 1489 1504 1533; baseline -0.009 -2"><span class='ocrx_word' id='word_1_139' title='bbox 1389 1489 1447 1533; x_wconf 88' lang='grc' dir='ltr'><strong><em>Τὸ</em></strong></span> <span class='ocrx_word' id='word_1_140' title='bbox 1461 1498 1504 1530; x_wconf 89' lang='lat'><strong><em>10</em></strong></span> 
     </span>
    </p>
   </div>
   <div class='ocr_carea' id='block_1_16' title="bbox 170 1558 1447 1760">
    <p class='ocr_par' dir='ltr' id='par_1_16' title="bbox 170 1558 1447 1760">
     <span class='ocr_line' id='line_1_27' title="bbox 172 1558 1447 1616; baseline 0 -13"><span class='ocrx_word' id='word_1_141' title='bbox 172 1560 251 1615; x_wconf 78' lang='grc' dir='ltr'><strong><em>μὲν</em></strong></span> <span class='ocrx_word' id='word_1_142' title='bbox 285 1560 336 1616; x_wconf 81' lang='grc' dir='ltr'><strong><em>δὴ</em></strong></span> <span class='ocrx_word' id='word_1_143' title='bbox 368 1560 497 1616; x_wconf 76' lang='grc' dir='ltr'><strong><em>ἔργον</em></strong></span> <span class='ocrx_word' id='word_1_144' title='bbox 536 1561 783 1614; x_wconf 79' lang='grc' dir='ltr'><strong><em>ἐξέργασταί</em></strong></span> <span class='ocrx_word' id='word_1_145' title='bbox 813 1576 909 1615; x_wconf 92' lang='grc' dir='ltr'><strong><em>μοι,</em></strong></span> <span class='ocrx_word' id='word_1_146' title='bbox 938 1560 1010 1602; x_wconf 82' lang='grc' dir='ltr'><strong><em>καὶ</em></strong></span> <span class='ocrx_word' id='word_1_147' title='bbox 1030 1558 1224 1614; x_wconf 87' lang='grc' dir='ltr'><strong><em>Σμέρδιν</em></strong></span> <span class='ocrx_word' id='word_1_148' title='bbox 1255 1559 1331 1602; x_wconf 88' lang='grc' dir='ltr'><strong><em>τὸν</em></strong></span> <span class='ocrx_word' id='word_1_149' title='bbox 1353 1559 1447 1603; x_wconf 89' lang='grc' dir='ltr'><strong><em>Κύ-</em></strong></span> 
     </span>
     <span class='ocr_line' id='line_1_28' title="bbox 172 1628 1446 1687; baseline 0 -13"><span class='ocrx_word' id='word_1_150' title='bbox 172 1648 254 1685; x_wconf 89' lang='grc' dir='ltr'><strong><em>ρου</em></strong></span> <span class='ocrx_word' id='word_1_151' title='bbox 282 1630 429 1687; x_wconf 85' lang='grc' dir='ltr'><strong><em>μηκέτι</em></strong></span> <span class='ocrx_word' id='word_1_152' title='bbox 460 1629 565 1686; x_wconf 79' lang='grc' dir='ltr'><strong><em>ὑμῖν</em></strong></span> <span class='ocrx_word' id='word_1_153' title='bbox 595 1630 724 1674; x_wconf 80' lang='grc' dir='ltr'><strong><em>ἐόντα</em></strong></span> <span class='ocrx_word' id='word_1_154' title='bbox 752 1632 994 1686; x_wconf 82' lang='grc' dir='ltr'><strong><em>λογίζεσθε·</em></strong></span> <span class='ocrx_word' id='word_1_155' title='bbox 1039 1632 1082 1673; x_wconf 82' lang='grc' dir='ltr'><strong><em>οἱ</em></strong></span> <span class='ocrx_word' id='word_1_156' title='bbox 1100 1630 1145 1673; x_wconf 81' lang='grc' dir='ltr'><strong><em>δὲ</em></strong></span> <span class='ocrx_word' id='word_1_157' title='bbox 1167 1630 1273 1686; x_wconf 83' lang='grc' dir='ltr'><strong><em>ὑμῖν</em></strong></span> <span class='ocrx_word' id='word_1_158' title='bbox 1290 1628 1446 1686; x_wconf 83' lang='grc' dir='ltr'><strong><em>Μάγοι</em></strong></span> 
     </span>
     <span class='ocr_line' id='line_1_29' title="bbox 170 1701 1446 1760; baseline -0.001 -14"><span class='ocrx_word' id='word_1_159' title='bbox 170 1701 404 1757; x_wconf 81' lang='grc' dir='ltr'><strong><em>κρατέουσι</em></strong></span> <span class='ocrx_word' id='word_1_160' title='bbox 433 1706 521 1746; x_wconf 80' lang='grc' dir='ltr'><strong><em>τῶν</em></strong></span> <span class='ocrx_word' id='word_1_161' title='bbox 549 1704 812 1760; x_wconf 84' lang='grc' dir='ltr'><strong><em>βασιληΐων,</em></strong></span> <span class='ocrx_word' id='word_1_162' title='bbox 851 1701 928 1746; x_wconf 87' lang='grc' dir='ltr'><strong><em>τόν</em></strong></span> <span class='ocrx_word' id='word_1_163' title='bbox 957 1718 1002 1746; x_wconf 86' lang='grc' dir='ltr'><strong><em>τε</em></strong></span> <span class='ocrx_word' id='word_1_164' title='bbox 1033 1702 1182 1746; x_wconf 77' lang='grc' dir='ltr'><strong><em>ἔλιπον</em></strong></span> <span class='ocrx_word' id='word_1_165' title='bbox 1213 1701 1446 1758; x_wconf 81' lang='grc' dir='ltr'><strong><em>ἐπίτροπον</em></strong></span> 
     </span>
    </p>
   </div>
   <div class='ocr_carea' id='block_1_17' title="bbox 116 1802 392 1810">
    <p class='ocr_par' dir='ltr' id='par_1_17' title="bbox 116 1802 392 1810">
     <span class='ocr_line' id='line_1_30' title="bbox 116 1802 392 1810; baseline 0 0"><span class='ocrx_word' id='word_1_166' title='bbox 116 1802 392 1810; x_wconf 95' lang='lat' dir='ltr'><strong><em> </em></strong></span> 
     </span>
    </p>
   </div>
   <div class='ocr_carea' id='block_1_18' title="bbox 113 1851 778 2918">
    <p class='ocr_par' dir='ltr' id='par_1_18' title="bbox 113 1851 778 2918">
     <span class='ocr_line' id='line_1_31' title="bbox 172 1851 775 1906; baseline -0.002 -13"><span class='ocrx_word' id='word_1_167' title='bbox 172 1853 225 1906; x_wconf 73' lang='grc' dir='ltr'><strong><em>μή</em></strong></span> <span class='ocrx_word' id='word_1_168' title='bbox 247 1851 488 1905; x_wconf 66' lang='grc' dir='ltr'><strong><em>ἀπαιρεθέω]</em></strong></span> <span class='ocrx_word' id='word_1_169' title='bbox 520 1856 581 1892; x_wconf 87' lang='lat' dir='ltr'><strong><em>Sic</em></strong></span> <span class='ocrx_word' id='word_1_170' title='bbox 600 1855 775 1901; x_wconf 77' lang='lat'>111‚12·3:</span> 
     </span>
     <span class='ocr_line' id='line_1_32' title="bbox 116 1907 777 1963; baseline -0.003 -13"><span class='ocrx_word' id='word_1_171' title='bbox 116 1910 464 1963; x_wconf 70' lang='grc' dir='ltr'><strong><em>ἀπαραιρημένους</em></strong></span> <span class='ocrx_word' id='word_1_172' title='bbox 475 1907 698 1962; x_wconf 64' lang='grc' dir='ltr'><strong><em>τήναῗρχήν.</em></strong></span> <span class='ocrx_word' id='word_1_173' title='bbox 718 1912 777 1948; x_wconf 88' lang='lat' dir='ltr'><strong><em>Ad</em></strong></span> 
     </span>
     <span class='ocr_line' id='line_1_33' title="bbox 115 1964 776 2017; baseline -0.003 -12"><span class='ocrx_word' id='word_1_174' title='bbox 115 1970 266 2005; x_wconf 84' lang='lat' dir='ltr'>sormam</span> <span class='ocrx_word' id='word_1_175' title='bbox 296 1964 522 2017; x_wconf 74' lang='grc' dir='ltr'><strong><em>α’παιρεθέω</em></strong></span> <span class='ocrx_word' id='word_1_176' title='bbox 552 1969 621 2004; x_wconf 75' lang='lat' dir='ltr'><strong><em>vid.</em></strong></span> <span class='ocrx_word' id='word_1_177' title='bbox 644 1967 776 2004; x_wconf 83' lang='lat' dir='ltr'><strong>Matth.</strong></span> 
     </span>
     <span class='ocr_line' id='line_1_34' title="bbox 116 2024 778 2074; baseline 0 -14"><span class='ocrx_word' id='word_1_178' title='bbox 116 2025 182 2062; x_wconf 93' lang='lat' dir='ltr'><strong><em>Gr</em></strong></span> <span class='ocrx_word' id='word_1_179' title='bbox 208 2025 272 2060; x_wconf 92' lang='lat' dir='ltr'><strong><em>Gr.</em></strong></span> <span class='ocrx_word' id='word_1_180' title='bbox 291 2037 376 2074; x_wconf 83' lang='lat' dir='ltr'><strong><em>pag.</em></strong></span> <span class='ocrx_word' id='word_1_181' title='bbox 398 2025 463 2064; x_wconf 90' lang='grc'><strong><em>51.</em></strong></span> <span class='ocrx_word' id='word_1_182' title='bbox 482 2024 576 2070; x_wconf 78' lang='lat'><strong><em>512,</em></strong></span> <span class='ocrx_word' id='word_1_183' title='bbox 602 2025 778 2061; x_wconf 85' lang='lat' dir='ltr'>eundem-</span> 
     </span>
     <span class='ocr_line' id='line_1_35' title="bbox 115 2078 778 2145; baseline -0.002 -28"><span class='ocrx_word' id='word_1_184' title='bbox 115 2078 245 2131; x_wconf 79' lang='lat' dir='ltr'>que§</span> <span class='ocrx_word' id='word_1_185' title='bbox 268 2083 350 2145; x_wconf 67' lang='grc'><strong><em>456</em></strong></span> <span class='ocrx_word' id='word_1_186' title='bbox 379 2092 464 2130; x_wconf 80' lang='lat' dir='ltr'><strong><em>pag.</em></strong></span> <span class='ocrx_word' id='word_1_187' title='bbox 487 2081 565 2120; x_wconf 80' lang='grc'><strong><em>855</em></strong></span> <span class='ocrx_word' id='word_1_188' title='bbox 590 2081 637 2117; x_wconf 87' lang='lat' dir='ltr'><strong><em>ad</em></strong></span> <span class='ocrx_word' id='word_1_189' title='bbox 667 2080 778 2117; x_wconf 74' lang='lat' dir='ltr'>verba</span> 
     </span>
     <span class='ocr_line' id='line_1_36' title="bbox 115 2132 778 2187; baseline -0.005 -13"><span class='ocrx_word' id='word_1_190' title='bbox 115 2135 269 2187; x_wconf 81' lang='grc' dir='ltr'><strong><em>ταχύτε</em></strong></span> <span class='ocrx_word' id='word_1_191' title='bbox 238 2152 304 2174; x_wconf 74' lang='lat' dir='ltr'><strong><em>coa</em></strong></span> <span class='ocrx_word' id='word_1_192' title='bbox 325 2132 350 2186; x_wconf 76' lang='grc' dir='ltr'><strong><em>η’</em></strong></span> <span class='ocrx_word' id='word_1_193' title='bbox 376 2134 594 2186; x_wconf 69' lang='grc' dir='ltr'><strong><em>σοφώτερα.</em></strong></span> <span class='ocrx_word' id='word_1_194' title='bbox 619 2136 682 2172; x_wconf 83' lang='lat' dir='ltr'><strong><em>Cr</em></strong></span> <span class='ocrx_word' id='word_1_195' title='bbox 713 2137 778 2172; x_wconf 93' lang='lat' dir='ltr'><strong><em>ad-</em></strong></span> 
     </span>
     <span class='ocr_line' id='line_1_37' title="bbox 114 2192 775 2230; baseline -0.002 -1"><span class='ocrx_word' id='word_1_196' title='bbox 114 2194 185 2230; x_wconf 86' lang='lat' dir='ltr'>dit:</span> <span class='ocrx_word' id='word_1_197' title='bbox 205 2193 404 2230; x_wconf 85' lang='lat' dir='ltr'>Hermann.</span> <span class='ocrx_word' id='word_1_198' title='bbox 415 2194 461 2229; x_wconf 88' lang='lat' dir='ltr'><strong><em>ad</em></strong></span> <span class='ocrx_word' id='word_1_199' title='bbox 474 2192 656 2229; x_wconf 77' lang='lat' dir='ltr'>Ari5totel.</span> <span class='ocrx_word' id='word_1_200' title='bbox 670 2193 775 2229; x_wconf 87' lang='lat' dir='ltr'>Poet.</span> 
     </span>
     <span class='ocr_line' id='line_1_38' title="bbox 113 2243 777 2300; baseline 0.002 -15"><span class='ocrx_word' id='word_1_201' title='bbox 113 2262 198 2300; x_wconf 85' lang='lat' dir='ltr'><strong><em>pag.</em></strong></span> <span class='ocrx_word' id='word_1_202' title='bbox 215 2251 304 2290; x_wconf 84' lang='lat'><strong><em>180.</em></strong></span> <span class='ocrx_word' id='word_1_203' title='bbox 336 2249 377 2285; x_wconf 89' lang='lat' dir='ltr'><strong><em>ln</em></strong></span> <span class='ocrx_word' id='word_1_204' title='bbox 397 2262 499 2298; x_wconf 84' lang='lat' dir='ltr'>seqq.</span> <span class='ocrx_word' id='word_1_205' title='bbox 515 2263 581 2299; x_wconf 88' lang='lat' dir='ltr'><strong><em>pro</em></strong></span> <span class='ocrx_word' id='word_1_206' title='bbox 597 2243 668 2287; x_wconf 69' lang='grc' dir='ltr'><strong><em>οὐκ</em></strong></span> <span class='ocrx_word' id='word_1_207' title='bbox 682 2248 777 2298; x_wconf 77' lang='grc' dir='ltr'><strong><em>ἐνῆν</em></strong></span> 
     </span>
     <span class='ocr_line' id='line_1_39' title="bbox 114 2305 775 2355; baseline -0.002 -13"><span class='ocrx_word' id='word_1_208' title='bbox 114 2308 257 2354; x_wconf 74' lang='lat' dir='ltr'>Steger.</span> <span class='ocrx_word' id='word_1_209' title='bbox 289 2306 446 2342; x_wconf 84' lang='lat' dir='ltr'>Praesat.</span> <span class='ocrx_word' id='word_1_210' title='bbox 476 2319 560 2355; x_wconf 81' lang='lat' dir='ltr'><strong><em>pag.</em></strong></span> <span class='ocrx_word' id='word_1_211' title='bbox 582 2306 667 2342; x_wconf 80' lang='lat' dir='ltr'><strong><em>xlv</em></strong></span> <span class='ocrx_word' id='word_1_212' title='bbox 687 2305 775 2341; x_wconf 85' lang='lat' dir='ltr'>scri-</span> 
     </span>
     <span class='ocr_line' id='line_1_40' title="bbox 115 2357 777 2413; baseline -0.002 -15"><span class='ocrx_word' id='word_1_213' title='bbox 115 2362 150 2398; x_wconf 90' lang='lat' dir='ltr'><strong><em>bi</em></strong></span> <span class='ocrx_word' id='word_1_214' title='bbox 165 2361 300 2398; x_wconf 74' lang='lat' dir='ltr'>mavult</span> <span class='ocrx_word' id='word_1_215' title='bbox 320 2377 339 2401; x_wconf 94' lang='grc' dir='ltr'><strong><em>ο</em></strong></span> <span class='ocrx_word' id='word_1_216' title='bbox 352 2357 409 2400; x_wconf 68' lang='grc' dir='ltr'><strong><em>ὕει</em></strong></span> <span class='ocrx_word' id='word_1_217' title='bbox 429 2361 478 2400; x_wconf 80' lang='grc' dir='ltr'><strong><em>ἐν</em></strong></span> <span class='ocrx_word' id='word_1_218' title='bbox 492 2362 569 2413; x_wconf 82' lang='grc' dir='ltr'><strong><em>εἰη</em></strong></span> <span class='ocrx_word' id='word_1_219' title='bbox 591 2360 615 2400; x_wconf 72' lang='grc' dir='ltr'>ἅ</span> <span class='ocrx_word' id='word_1_220' title='bbox 628 2376 662 2400; x_wconf 88' lang='grc' dir='ltr'><strong><em>ν.</em></strong></span> <span class='ocrx_word' id='word_1_221' title='bbox 692 2362 777 2411; x_wconf 78' lang='lat' dir='ltr'>Ipsa</span> 
     </span>
     <span class='ocr_line' id='line_1_41' title="bbox 114 2416 775 2468; baseline 0 -14"><span class='ocrx_word' id='word_1_222' title='bbox 114 2419 314 2465; x_wconf 80' lang='lat' dir='ltr'>sententia,</span> <span class='ocrx_word' id='word_1_223' title='bbox 346 2431 441 2467; x_wconf 88' lang='lat' dir='ltr'>quae</span> <span class='ocrx_word' id='word_1_224' title='bbox 467 2419 538 2455; x_wconf 85' lang='lat' dir='ltr'>iam</span> <span class='ocrx_word' id='word_1_225' title='bbox 566 2432 644 2468; x_wconf 85' lang='lat' dir='ltr'><strong><em>cap.</em></strong></span> <span class='ocrx_word' id='word_1_226' title='bbox 663 2416 716 2458; x_wconf 79' lang='lat'><strong><em>64</em></strong></span> <span class='ocrx_word' id='word_1_227' title='bbox 740 2419 775 2454; x_wconf 92' lang='lat' dir='ltr'><strong><em>in</em></strong></span> 
     </span>
     <span class='ocr_line' id='line_1_42' title="bbox 114 2473 775 2524; baseline 0 -14"><span class='ocrx_word' id='word_1_228' title='bbox 114 2475 186 2511; x_wconf 90' lang='lat' dir='ltr'>fine</span> <span class='ocrx_word' id='word_1_229' title='bbox 214 2476 409 2524; x_wconf 84' lang='lat' dir='ltr'>profertur,</span> <span class='ocrx_word' id='word_1_230' title='bbox 441 2474 519 2512; x_wconf 86' lang='lat' dir='ltr'>coll.</span> <span class='ocrx_word' id='word_1_231' title='bbox 540 2476 603 2521; x_wconf 88' lang='lat'><strong><em>111,</em></strong></span> <span class='ocrx_word' id='word_1_232' title='bbox 625 2473 693 2520; x_wconf 76' lang='lat'><strong><em>43,</em></strong></span> <span class='ocrx_word' id='word_1_233' title='bbox 725 2475 775 2511; x_wconf 88' lang='lat' dir='ltr'><strong><em>ita</em></strong></span> 
     </span>
     <span class='ocr_line' id='line_1_43' title="bbox 116 2530 775 2577; baseline 0.003 -12"><span class='ocrx_word' id='word_1_234' title='bbox 116 2530 260 2567; x_wconf 86' lang='lat' dir='ltr'>Graeca</span> <span class='ocrx_word' id='word_1_235' title='bbox 286 2536 359 2577; x_wconf 84' lang='lat' dir='ltr'>est,</span> <span class='ocrx_word' id='word_1_236' title='bbox 393 2535 433 2567; x_wconf 90' lang='lat' dir='ltr'><strong><em>ut</em></strong></span> <span class='ocrx_word' id='word_1_237' title='bbox 456 2532 513 2568; x_wconf 83' lang='lat' dir='ltr'><strong><em>vix</em></strong></span> <span class='ocrx_word' id='word_1_238' title='bbox 535 2533 682 2569; x_wconf 84' lang='lat' dir='ltr'>Persam</span> <span class='ocrx_word' id='word_1_239' title='bbox 709 2530 775 2567; x_wconf 92' lang='lat' dir='ltr'><strong><em>ho-</em></strong></span> 
     </span>
     <span class='ocr_line' id='line_1_44' title="bbox 114 2586 775 2625; baseline 0.003 -3"><span class='ocrx_word' id='word_1_240' title='bbox 114 2586 247 2623; x_wconf 91' lang='lat' dir='ltr'>minem</span> <span class='ocrx_word' id='word_1_241' title='bbox 287 2588 372 2624; x_wconf 83' lang='lat' dir='ltr'>talia</span> <span class='ocrx_word' id='word_1_242' title='bbox 412 2588 573 2625; x_wconf 78' lang='lat' dir='ltr'><strong>edidisse</strong></span> <span class='ocrx_word' id='word_1_243' title='bbox 603 2587 775 2624; x_wconf 81' lang='lat' dir='ltr'>credibile</span> 
     </span>
     <span class='ocr_line' id='line_1_45' title="bbox 116 2642 775 2692; baseline 0.003 -15"><span class='ocrx_word' id='word_1_244' title='bbox 116 2642 172 2677; x_wconf 80' lang='lat' dir='ltr'><strong><em>sit.</em></strong></span> <span class='ocrx_word' id='word_1_245' title='bbox 214 2642 273 2678; x_wconf 93' lang='lat' dir='ltr'><strong><em>Tu</em></strong></span> <span class='ocrx_word' id='word_1_246' title='bbox 295 2644 387 2679; x_wconf 90' lang='lat' dir='ltr'>conf.</span> <span class='ocrx_word' id='word_1_247' title='bbox 412 2644 440 2690; x_wconf 91' lang='lat'><strong><em>1,</em></strong></span> <span class='ocrx_word' id='word_1_248' title='bbox 464 2646 512 2683; x_wconf 76' lang='lat'><strong><em>91</em></strong></span> <span class='ocrx_word' id='word_1_249' title='bbox 542 2645 666 2692; x_wconf 80' lang='lat' dir='ltr'>ibique</span> <span class='ocrx_word' id='word_1_250' title='bbox 687 2643 775 2679; x_wconf 82' lang='lat' dir='ltr'>alla-</span> 
     </span>
     <span class='ocr_line' id='line_1_46' title="bbox 115 2698 773 2738; baseline 0.006 -6"><span class='ocrx_word' id='word_1_251' title='bbox 115 2701 163 2733; x_wconf 87' lang='lat' dir='ltr'><strong><em>ta.</em></strong></span> <span class='ocrx_word' id='word_1_252' title='bbox 225 2698 301 2734; x_wconf 90' lang='lat' dir='ltr'>Sed</span> <span class='ocrx_word' id='word_1_253' title='bbox 320 2700 456 2736; x_wconf 83' lang='lat' dir='ltr'>faciunt</span> <span class='ocrx_word' id='word_1_254' title='bbox 475 2700 561 2737; x_wconf 88' lang='lat' dir='ltr'>talia</span> <span class='ocrx_word' id='word_1_255' title='bbox 581 2701 630 2738; x_wconf 93' lang='lat' dir='ltr'><strong><em>ad</em></strong></span> <span class='ocrx_word' id='word_1_256' title='bbox 651 2700 773 2737; x_wconf 88' lang='lat' dir='ltr'>Hero-</span> 
     </span>
     <span class='ocr_line' id='line_1_47' title="bbox 114 2752 775 2804; baseline 0.005 -15"><span class='ocrx_word' id='word_1_257' title='bbox 114 2754 193 2790; x_wconf 85' lang='lat' dir='ltr'>doti</span> <span class='ocrx_word' id='word_1_258' title='bbox 220 2752 376 2791; x_wconf 83' lang='lat' dir='ltr'>mentem</span> <span class='ocrx_word' id='word_1_259' title='bbox 404 2757 694 2804; x_wconf 83' lang='lat' dir='ltr'>cognoscendam</span> <span class='ocrx_word' id='word_1_260' title='bbox 727 2756 775 2792; x_wconf 88' lang='lat' dir='ltr'><strong><em>si-</em></strong></span> 
     </span>
     <span class='ocr_line' id='line_1_48' title="bbox 114 2811 775 2859; baseline 0.008 -14"><span class='ocrx_word' id='word_1_261' title='bbox 114 2811 262 2859; x_wconf 90' lang='lat' dir='ltr'>mulque</span> <span class='ocrx_word' id='word_1_262' title='bbox 287 2811 464 2848; x_wconf 86' lang='lat' dir='ltr'>rationem</span> <span class='ocrx_word' id='word_1_263' title='bbox 492 2812 666 2850; x_wconf 80' lang='lat' dir='ltr'>historiae</span> <span class='ocrx_word' id='word_1_264' title='bbox 688 2825 775 2850; x_wconf 87' lang='lat' dir='ltr'>con-</span> 
     </span>
     <span class='ocr_line' id='line_1_49' title="bbox 115 2867 650 2918; baseline 0.009 -16"><span class='ocrx_word' id='word_1_265' title='bbox 115 2867 328 2904; x_wconf 84' lang='lat' dir='ltr'>scribendae</span> <span class='ocrx_word' id='word_1_266' title='bbox 347 2868 650 2918; x_wconf 82' lang='lat' dir='ltr'>perspiciendam.</span> 
     </span>
    </p>
   </div>
   <div class='ocr_carea' id='block_1_19' title="bbox 830 1851 1500 2639">
    <p class='ocr_par' dir='ltr' id='par_1_19' title="bbox 830 1851 1500 2639">
     <span class='ocr_line' id='line_1_50' title="bbox 893 1851 1500 1906; baseline 0 -14"><span class='ocrx_word' id='word_1_267' title='bbox 893 1851 967 1906; x_wconf 72' lang='grc' dir='ltr'><strong><em>ἐγώ</em></strong></span> <span class='ocrx_word' id='word_1_268' title='bbox 997 1851 1039 1893; x_wconf 78' lang='grc' dir='ltr'><strong><em>δέ</em></strong></span> <span class='ocrx_word' id='word_1_269' title='bbox 1071 1851 1296 1904; x_wconf 75' lang='grc' dir='ltr'><strong><em>ὅμάταιος]</em></strong></span> <span class='ocrx_word' id='word_1_270' title='bbox 1327 1853 1386 1892; x_wconf 90' lang='lat' dir='ltr'>De</span> <span class='ocrx_word' id='word_1_271' title='bbox 1410 1867 1500 1892; x_wconf 87' lang='lat' dir='ltr'>voce</span> 
     </span>
     <span class='ocr_line' id='line_1_51' title="bbox 835 1907 1497 1962; baseline -0.003 -13"><span class='ocrx_word' id='word_1_272' title='bbox 835 1907 1000 1962; x_wconf 76' lang='grc' dir='ltr'><strong><em>μάταιος</em></strong></span> <span class='ocrx_word' id='word_1_273' title='bbox 1025 1911 1119 1947; x_wconf 88' lang='lat' dir='ltr'>conf.</span> <span class='ocrx_word' id='word_1_274' title='bbox 1149 1911 1195 1957; x_wconf 86' lang='grc' dir='ltr'><strong><em>ΙΙ,</em></strong></span> <span class='ocrx_word' id='word_1_275' title='bbox 1230 1912 1321 1950; x_wconf 85' lang='lat'><strong><em>118.</em></strong></span> <span class='ocrx_word' id='word_1_276' title='bbox 1345 1910 1408 1958; x_wconf 86' lang='grc' dir='ltr'><strong><em>ΙΙΙ,</em></strong></span> <span class='ocrx_word' id='word_1_277' title='bbox 1432 1912 1497 1951; x_wconf 88' lang='grc'><strong><em>56.</em></strong></span> 
     </span>
     <span class='ocr_line' id='line_1_52' title="bbox 834 1962 1500 2017; baseline 0.005 -14"><span class='ocrx_word' id='word_1_278' title='bbox 834 1989 889 1995; x_wconf 83' lang='lat'><strong><em>-—</em></strong></span> <span class='ocrx_word' id='word_1_279' title='bbox 926 1968 968 2004; x_wconf 89' lang='lat' dir='ltr'><strong><em>In</em></strong></span> <span class='ocrx_word' id='word_1_280' title='bbox 996 1980 1100 2016; x_wconf 85' lang='lat' dir='ltr'>seqq.</span> <span class='ocrx_word' id='word_1_281' title='bbox 1141 1968 1189 2003; x_wconf 89' lang='lat' dir='ltr'><strong><em>ad</em></strong></span> <span class='ocrx_word' id='word_1_282' title='bbox 1222 1962 1500 2017; x_wconf 69' lang='grc' dir='ltr'><strong><em>ἐπιλεξάμενος</em></strong></span> 
     </span>
     <span class='ocr_line' id='line_1_53' title="bbox 835 2023 1499 2070; baseline 0 -10"><span class='ocrx_word' id='word_1_283' title='bbox 835 2025 928 2060; x_wconf 90' lang='lat' dir='ltr'>conf.</span> <span class='ocrx_word' id='word_1_284' title='bbox 949 2023 977 2070; x_wconf 94' lang='lat' dir='ltr'><strong><em>I,</em></strong></span> <span class='ocrx_word' id='word_1_285' title='bbox 999 2025 1065 2062; x_wconf 82' lang='lat'><strong><em>78.</em></strong></span> <span class='ocrx_word' id='word_1_286' title='bbox 1104 2023 1316 2061; x_wconf 78' lang='lat' dir='ltr'>Admoneat</span> <span class='ocrx_word' id='word_1_287' title='bbox 1334 2037 1419 2060; x_wconf 81' lang='lat' dir='ltr'>vero</span> <span class='ocrx_word' id='word_1_288' title='bbox 1444 2025 1499 2060; x_wconf 91' lang='lat' dir='ltr'><strong><em>in-</em></strong></span> 
     </span>
     <span class='ocr_line' id='line_1_54' title="bbox 835 2079 1496 2129; baseline 0.005 -13"><span class='ocrx_word' id='word_1_289' title='bbox 835 2084 1015 2129; x_wconf 79' lang='lat' dir='ltr'>terpretes</span> <span class='ocrx_word' id='word_1_290' title='bbox 1047 2080 1095 2117; x_wconf 81' lang='lat' dir='ltr'><strong><em>ad</em></strong></span> <span class='ocrx_word' id='word_1_291' title='bbox 1124 2080 1266 2116; x_wconf 85' lang='lat' dir='ltr'>Herod.</span> <span class='ocrx_word' id='word_1_292' title='bbox 1296 2080 1386 2125; x_wconf 84' lang='lat' dir='ltr'>Vll,</span> <span class='ocrx_word' id='word_1_293' title='bbox 1417 2079 1496 2119; x_wconf 82' lang='lat'><strong><em>149</em></strong></span> 
     </span>
     <span class='ocr_line' id='line_1_55' title="bbox 834 2134 1498 2187; baseline -0.002 -14"><span class='ocrx_word' id='word_1_294' title='bbox 834 2136 982 2173; x_wconf 80' lang='lat' dir='ltr'>verbum</span> <span class='ocrx_word' id='word_1_295' title='bbox 1004 2134 1269 2187; x_wconf 82' lang='grc' dir='ltr'><strong><em>ἐπιλέγεσθαι,</em></strong></span> <span class='ocrx_word' id='word_1_296' title='bbox 1291 2136 1391 2184; x_wconf 93' lang='lat' dir='ltr'>quod</span> <span class='ocrx_word' id='word_1_297' title='bbox 1412 2149 1498 2186; x_wconf 89' lang='lat' dir='ltr'>pro-</span> 
     </span>
     <span class='ocr_line' id='line_1_56' title="bbox 834 2191 1497 2242; baseline 0 -15"><span class='ocrx_word' id='word_1_298' title='bbox 834 2192 913 2242; x_wconf 87' lang='lat' dir='ltr'>prie</span> <span class='ocrx_word' id='word_1_299' title='bbox 946 2191 1040 2229; x_wconf 82' lang='lat' dir='ltr'>valet</span> <span class='ocrx_word' id='word_1_300' title='bbox 1063 2205 1174 2229; x_wconf 77' lang='lat' dir='ltr'>secum</span> <span class='ocrx_word' id='word_1_301' title='bbox 1201 2195 1388 2242; x_wconf 72' lang='lat' dir='ltr'>reputare,</span> <span class='ocrx_word' id='word_1_302' title='bbox 1414 2205 1497 2241; x_wconf 74' lang='lat' dir='ltr'>per-</span> 
     </span>
     <span class='ocr_line' id='line_1_57' title="bbox 830 2248 1497 2298; baseline 0.001 -14"><span class='ocrx_word' id='word_1_303' title='bbox 830 2248 995 2298; x_wconf 77' lang='lat' dir='ltr'>pendere,</span> <span class='ocrx_word' id='word_1_304' title='bbox 1027 2248 1124 2286; x_wconf 86' lang='lat' dir='ltr'>haud</span> <span class='ocrx_word' id='word_1_305' title='bbox 1148 2262 1229 2286; x_wconf 90' lang='lat' dir='ltr'>raro</span> <span class='ocrx_word' id='word_1_306' title='bbox 1249 2252 1359 2285; x_wconf 78' lang='lat' dir='ltr'>metus</span> <span class='ocrx_word' id='word_1_307' title='bbox 1379 2261 1497 2297; x_wconf 88' lang='lat' dir='ltr'>quan-</span> 
     </span>
     <span class='ocr_line' id='line_1_58' title="bbox 834 2305 1496 2343; baseline 0.002 -3"><span class='ocrx_word' id='word_1_308' title='bbox 834 2306 917 2341; x_wconf 91' lang='lat' dir='ltr'>dam</span> <span class='ocrx_word' id='word_1_309' title='bbox 962 2305 1066 2341; x_wconf 82' lang='lat' dir='ltr'>simul</span> <span class='ocrx_word' id='word_1_310' title='bbox 1105 2306 1258 2343; x_wconf 88' lang='lat' dir='ltr'>induere</span> <span class='ocrx_word' id='word_1_311' title='bbox 1307 2305 1496 2342; x_wconf 87' lang='lat' dir='ltr'>notionem</span> 
     </span>
     <span class='ocr_line' id='line_1_59' title="bbox 834 2361 1496 2410; baseline 0.002 -14"><span class='ocrx_word' id='word_1_312' title='bbox 834 2361 1005 2410; x_wconf 83' lang='lat' dir='ltr'>idemque</span> <span class='ocrx_word' id='word_1_313' title='bbox 1032 2362 1107 2400; x_wconf 86' lang='lat' dir='ltr'>fere</span> <span class='ocrx_word' id='word_1_314' title='bbox 1136 2363 1362 2410; x_wconf 82' lang='lat' dir='ltr'>significare,</span> <span class='ocrx_word' id='word_1_315' title='bbox 1394 2362 1496 2410; x_wconf 93' lang='lat' dir='ltr'>quod</span> 
     </span>
     <span class='ocr_line' id='line_1_60' title="bbox 834 2417 1494 2468; baseline -0.002 -13"><span class='ocrx_word' id='word_1_316' title='bbox 834 2418 1067 2468; x_wconf 76' lang='grc' dir='ltr'><strong><em>φοβεῖσθαι,</em></strong></span> <span class='ocrx_word' id='word_1_317' title='bbox 1087 2423 1128 2455; x_wconf 86' lang='lat' dir='ltr'><strong><em>ut</em></strong></span> <span class='ocrx_word' id='word_1_318' title='bbox 1147 2419 1226 2465; x_wconf 79' lang='lat' dir='ltr'>Vll,</span> <span class='ocrx_word' id='word_1_319' title='bbox 1248 2417 1314 2458; x_wconf 80' lang='grc'><strong><em>47.</em></strong></span> <span class='ocrx_word' id='word_1_320' title='bbox 1336 2417 1401 2457; x_wconf 82' lang='grc'><strong><em>49.</em></strong></span> <span class='ocrx_word' id='word_1_321' title='bbox 1429 2417 1494 2457; x_wconf 75' lang='grc'><strong><em>52.</em></strong></span> 
     </span>
     <span class='ocr_line' id='line_1_61' title="bbox 832 2473 1495 2524; baseline -0.006 -10"><span class='ocrx_word' id='word_1_322' title='bbox 832 2476 928 2514; x_wconf 80' lang='lat'><strong>236.</strong></span> <span class='ocrx_word' id='word_1_323' title='bbox 953 2473 1021 2511; x_wconf 83' lang='lat' dir='ltr'><strong><em>Cr.</em></strong></span> <span class='ocrx_word' id='word_1_324' title='bbox 1050 2475 1176 2512; x_wconf 86' lang='lat' dir='ltr'>addit:</span> <span class='ocrx_word' id='word_1_325' title='bbox 1207 2475 1392 2511; x_wconf 82' lang='lat' dir='ltr'>Schaefer.</span> <span class='ocrx_word' id='word_1_326' title='bbox 1419 2475 1495 2524; x_wconf 87' lang='lat' dir='ltr'><strong><em>Ap-</em></strong></span> 
     </span>
     <span class='ocr_line' id='line_1_62' title="bbox 831 2530 1494 2581; baseline 0.002 -14"><span class='ocrx_word' id='word_1_327' title='bbox 831 2531 942 2580; x_wconf 90' lang='lat' dir='ltr'>pend.</span> <span class='ocrx_word' id='word_1_328' title='bbox 965 2532 1012 2567; x_wconf 89' lang='lat' dir='ltr'><strong><em>ad</em></strong></span> <span class='ocrx_word' id='word_1_329' title='bbox 1036 2531 1137 2570; x_wconf 83' lang='lat' dir='ltr'><strong>Bast.</strong></span> <span class='ocrx_word' id='word_1_330' title='bbox 1159 2532 1277 2581; x_wconf 80' lang='lat' dir='ltr'><strong>Epist.</strong></span> <span class='ocrx_word' id='word_1_331' title='bbox 1303 2530 1379 2567; x_wconf 84' lang='lat' dir='ltr'>crit.</span> <span class='ocrx_word' id='word_1_332' title='bbox 1408 2542 1494 2579; x_wconf 86' lang='lat' dir='ltr'><strong><em>pag.</em></strong></span> 
     </span>
     <span class='ocr_line' id='line_1_63' title="bbox 831 2586 1493 2639; baseline 0.002 -17"><span class='ocrx_word' id='word_1_333' title='bbox 831 2589 886 2627; x_wconf 80' lang='lat'><strong><em>29</em></strong></span> <span class='ocrx_word' id='word_1_334' title='bbox 905 2587 983 2624; x_wconf 90' lang='lat' dir='ltr'><strong>coll.</strong></span> <span class='ocrx_word' id='word_1_335' title='bbox 1001 2588 1050 2625; x_wconf 86' lang='lat' dir='ltr'><strong><em>ad</em></strong></span> <span class='ocrx_word' id='word_1_336' title='bbox 1067 2587 1239 2639; x_wconf 89' lang='lat' dir='ltr'>Sophoel.</span> <span class='ocrx_word' id='word_1_337' title='bbox 1254 2586 1288 2624; x_wconf 85' lang='grc' dir='ltr'>Τ</span> <span class='ocrx_word' id='word_1_338' title='bbox 1291 2587 1386 2624; x_wconf 91' lang='lat' dir='ltr'>rach.</span> <span class='ocrx_word' id='word_1_339' title='bbox 1399 2588 1493 2628; x_wconf 83' lang='lat'><strong><em>631.</em></strong></span> 
     </span>
    </p>
   </div>
   <div class='ocr_carea' id='block_1_20' title="bbox 831 2698 1494 2918">
    <p class='ocr_par' dir='ltr' id='par_1_20' title="bbox 831 2698 1494 2918">
     <span class='ocr_line' id='line_1_64' title="bbox 888 2698 1494 2751; baseline -0.005 -14"><span class='ocrx_word' id='word_1_340' title='bbox 888 2698 1234 2751; x_wconf 66' lang='grc' dir='ltr'><strong><em>ὑπαραιρημένου]</em></strong></span> <span class='ocrx_word' id='word_1_341' title='bbox 1249 2700 1399 2737; x_wconf 79' lang='lat' dir='ltr'>Confer,</span> <span class='ocrx_word' id='word_1_342' title='bbox 1411 2699 1494 2745; x_wconf 77' lang='lat' dir='ltr'>Vll,</span> 
     </span>
     <span class='ocr_line' id='line_1_65' title="bbox 833 2754 1493 2808; baseline -0.008 -12"><span class='ocrx_word' id='word_1_343' title='bbox 833 2757 858 2796; x_wconf 90' lang='grc'>8</span> <span class='ocrx_word' id='word_1_344' title='bbox 881 2754 916 2806; x_wconf 78' lang='lat'><strong><em>§.</em></strong></span> <span class='ocrx_word' id='word_1_345' title='bbox 939 2759 962 2795; x_wconf 80' lang='lat'><strong>3</strong></span> <span class='ocrx_word' id='word_1_346' title='bbox 985 2754 1377 2808; x_wconf 71' lang='grc' dir='ltr'><strong><em>ὑπεξαραιρημένων.</em></strong></span> <span class='ocrx_word' id='word_1_347' title='bbox 1419 2755 1493 2791; x_wconf 91' lang='lat' dir='ltr'><strong><em>Vo-</em></strong></span> 
     </span>
     <span class='ocr_line' id='line_1_66' title="bbox 833 2808 1490 2863; baseline -0.003 -14"><span class='ocrx_word' id='word_1_348' title='bbox 833 2825 912 2849; x_wconf 89' lang='lat' dir='ltr'>cem</span> <span class='ocrx_word' id='word_1_349' title='bbox 962 2808 1276 2863; x_wconf 80' lang='grc' dir='ltr'><strong><em>οἷδελφεοκτόνος</em></strong></span> <span class='ocrx_word' id='word_1_350' title='bbox 1325 2825 1369 2850; x_wconf 83' lang='lat' dir='ltr'>ex</span> <span class='ocrx_word' id='word_1_351' title='bbox 1399 2812 1433 2849; x_wconf 90' lang='lat' dir='ltr'><strong><em>h.</em></strong></span> <span class='ocrx_word' id='word_1_352' title='bbox 1468 2810 1490 2848; x_wconf 91' lang='lat' dir='ltr'><strong><em>l.</em></strong></span> 
     </span>
     <span class='ocr_line' id='line_1_67' title="bbox 831 2868 1239 2918; baseline 0 -12"><span class='ocrx_word' id='word_1_353' title='bbox 831 2869 918 2906; x_wconf 85' lang='lat' dir='ltr'>citat</span> <span class='ocrx_word' id='word_1_354' title='bbox 937 2868 1064 2907; x_wconf 84' lang='lat' dir='ltr'>Pollux</span> <span class='ocrx_word' id='word_1_355' title='bbox 1086 2869 1151 2918; x_wconf 87' lang='grc' dir='ltr'><strong><em>ΙΙΙ,</em></strong></span> <span class='ocrx_word' id='word_1_356' title='bbox 1174 2872 1239 2910; x_wconf 76' lang='grc'><strong><em>25.</em></strong></span> 
     </span>
    </p>
   </div>
  </div>
 </body>
</html>
