1904 3304
267 260 351 300 646
746 257 1206 295 EXCURSUS
1266 259 1296 295 11

665 676 1262 726 EXCURSUS
1332 678 1379 724 11

362 795 455 831 An
516 791 982 832 HERoDoTI
1041 791 1697 845 LOCUM111‚98seqq.

812 870 915 910 DE
971 870 1246 910 INDJA.

390 1050 559 1090 Mancam
581 1063 662 1089 esse
680 1064 723 1088 ac
741 1052 975 1102 perexiguam
998 1051 1180 1089 Herodoti
1203 1051 1250 1088 de
1270 1051 1374 1088 India
1396 1051 1563 1088 notitiam
1583 1051 1642 1088 vix
1661 1062 1789 1100 quem-

278 1131 388 1169 quam
415 1120 535 1168 fugiet
561 1119 790 1168 maximeque
813 1132 893 1157 eam
922 1122 1090 1169 spectare
1114 1118 1161 1154 ad
1186 1129 1247 1154 eas
1275 1118 1402 1155 Indiae
1423 1123 1545 1168 partes
1568 1118 1789 1169 septentrio-

278 1187 403 1234 nales,
442 1199 537 1236 quae
556 1187 747 1224 Persarum
766 1186 892 1223 ditioni
925 1186 1074 1223 additae
1091 1184 1147 1222 vel
1168 1185 1211 1220 iis
1231 1189 1328 1222 certe
1350 1187 1595 1223 conterminae
1614 1197 1789 1222 commer-

278 1254 320 1291 cii
357 1267 425 1290 nsu
459 1255 578 1302 magis
608 1254 850 1300 innotuerint,
898 1251 952 1290 vel
992 1265 1037 1290 ex
1068 1252 1110 1289 iis
1148 1251 1383 1300 intelligitur,
1431 1265 1526 1302 quae
1565 1253 1615 1290 ad
1643 1252 1790 1290 Ctesiae

279 1323 445 1370 fragmm.
475 1333 512 1371 p.
544 1321 696 1369 52seq,
727 1320 814 1357 olim
846 1321 1013 1358 diximus.
1073 1320 1326 1369 Quaecunque
1352 1321 1448 1358 enim
1474 1321 1522 1358 de
1547 1320 1651 1357 India
1677 1320 1791 1357 refert

281 1389 422 1426 Ctesias
448 1387 652 1425 Indicorum
673 1388 709 1424 in
730 1388 842 1436 libro,
871 1401 915 1426 ea
936 1389 984 1425 ad
1005 1389 1153 1426 easdem
1172 1388 1286 1426 ferme
1305 1390 1490 1439 pertinere
1512 1388 1682 1437 regiones
1696 1415 1708 1435 ,
1742 1387 1790 1424 ad

276 1467 367 1505 quas
385 1455 600 1493 Herodotea
622 1459 813 1506 spectant,
856 1457 944 1494 satis
963 1457 1015 1494 ibi
1039 1456 1331 1494 monstravimus.
1389 1456 1469 1493 Has
1499 1456 1598 1506 ipsas
1616 1467 1703 1492 vero
1732 1466 1790 1492 re-

277 1523 404 1571 giones
431 1525 632 1560 accuratius
660 1524 689 1560 si
718 1524 874 1562 definire
898 1524 1009 1572 velis,
1049 1523 1250 1563 Rennelius
1269 1524 1291 1562 l.
1311 1525 1333 1561 l.
1351 1538 1388 1575 p.
1409 1524 1489 1566 519
1510 1522 1606 1569 (coll.
1628 1523 1793 1560 Vincent.

276 1590 365 1628 ibid.
385 1604 422 1641 p.
446 1589 548 1640 720)
572 1591 619 1629 de
648 1593 754 1629 terris
781 1593 1018 1642 cogitandum
1047 1597 1193 1638 censet,
1229 1592 1360 1641 quibus
1389 1604 1484 1628 nunc
1505 1603 1639 1628 nomen
1656 1589 1791 1636 Kabul,

279 1657 502 1706 Kandakar,
534 1657 706 1707 Panjab,
740 1659 859 1708 Saul,
900 1664 999 1697 trans
1032 1660 1161 1697 Indum
1192 1660 1352 1696 extensis
1381 1671 1496 1708 usque
1522 1659 1571 1695 ad
1601 1657 1679 1695 loca
1698 1656 1794 1693 Rai-

275 1728 440 1775 pottana.
499 1726 607 1770 Quae
635 1728 904 1776 angustioribus
934 1727 1066 1764 finibus
1089 1725 1413 1764 circumscribenda
1432 1726 1614 1763 videntur.
1671 1724 1792 1763 Wahl.

282 1792 562 1830 Erdbeschreib.
587 1806 618 1830 v.
639 1794 787 1832 Ostind.
812 1808 849 1844 p.
875 1794 958 1836 457
986 1794 1136 1844 intelligi
1167 1793 1285 1844 placet
1316 1797 1450 1830 terram
1475 1792 1611 1842 Bam,
1649 1793 1794 1830 Kutwer

283 1873 357 1898 una
386 1874 467 1898 cum
500 1865 607 1911 parte
638 1862 869 1899 desertorum
897 1862 982 1899 Cobz'
1015 1861 1051 1898 T
1051 1863 1243 1911 ibetumque
1270 1874 1430 1911 parvam.
1498 1861 1684 1911 Singulari
1710 1872 1794 1898 cura

285 1931 415 1978 postea
442 1927 480 1964 in
500 1927 589 1964 haec
611 1928 875 1977 inquisiverunt
899 1928 1122 1967 Maltebrun.
1150 1930 1188 1966 in
1206 1928 1405 1966 Nouvelles
1425 1928 1567 1967 Annall.
1592 1929 1628 1966 d.
1649 1927 1794 1976 Voyag.

287 1995 321 2032 II
341 2008 378 2046 p.
399 1996 482 2036 307
507 2006 612 2043 seqq.
643 1998 680 2031 et
697 1994 858 2032 Heeren.
882 1996 993 2033 ldeen
1018 1996 1053 2044 1,
1086 1998 1108 2036 1
1135 2010 1171 2047 p.
1198 1998 1279 2036 338
1298 2009 1375 2046 seq.
1397 1996 1481 2038 352
1497 2009 1575 2046 seq.
1596 1998 1702 2042 366,
1741 1995 1798 2033 cui

288 2061 468 2100 Herodoti
489 2061 593 2099 India
613 2066 651 2100 et
673 2062 976 2113 septentrionales
999 2064 1167 2113 regiones
1186 2064 1354 2102 Bactriae
1381 2065 1551 2102 finitimas
1573 2064 1664 2111 (sive
1684 2061 1798 2101 Tibe-

289 2134 364 2167 tum
384 2142 532 2181 parvam
544 2158 555 2175 ,
582 2130 729 2169 Ctesiae
748 2144 898 2180 quoque
916 2132 1098 2180 cognitam
1118 2144 1190 2169 una
1208 2145 1287 2169 cum
1308 2137 1403 2171 terra
1418 2130 1557 2184 Kabul)
1577 2136 1613 2170 et
1627 2130 1797 2169 meridio-

290 2197 391 2235 nales
421 2198 589 2246 regiones
618 2198 667 2235 ad
699 2198 779 2235 Indi
806 2198 900 2236 ostia
926 2203 963 2236 et
995 2199 1088 2237 ultra
1116 2199 1245 2238 Indum
1273 2213 1388 2250 usque
1414 2201 1463 2237 ad
1484 2199 1629 2237 fluvium
1650 2198 1798 2236 Paddar

292 2270 484 2315 terraeque
516 2266 681 2303 Guzerat
709 2266 802 2305 fines
839 2266 1032 2317 complecti
1062 2268 1217 2306 videtur.
1283 2268 1598 2320 Septentrionales
1629 2267 1796 2316 regiones

291 2332 394 2370 Darii
414 2336 534 2370 aetate
553 2333 744 2371 maximam
762 2338 903 2385 partem
922 2334 1032 2373 fuisse
1058 2336 1269 2372 coniunctas
1293 2336 1330 2373 in
1350 2349 1458 2373 unam
1479 2335 1696 2387 satrapiam‚
1735 2346 1798 2371 cu-

293 2400 346 2436 ius
372 2404 494 2437 tamen
528 2400 618 2438 fines
651 2403 853 2439 accuratius
882 2403 1102 2441 constituere
1124 2404 1181 2440 vix
1203 2403 1308 2449 licet,
1348 2417 1427 2441 cutn
1452 2417 1519 2454 pro
1540 2402 1672 2440 Persici
1694 2401 1797 2450 regni

294 2470 391 2504 statu
409 2470 686 2518 temporumque
705 2470 915 2508 conditione
939 2471 1136 2508 admodum
1157 2471 1352 2518 variatim,
1391 2472 1487 2509 idem
1506 2473 1629 2508 monet
1645 2482 1682 2519 p.
1703 2468 1797 2509 352-

294 2534 387 2572 Post
405 2533 601 2572 Alexandri
622 2537 889 2587 expeditionem
910 2551 975 2576 eae
996 2544 1134 2586 terrae,
1165 2552 1261 2588 quae
1284 2552 1378 2576 nunc
1398 2541 1571 2575 vocantur
1591 2536 1731 2573 Lalaeore
1759 2541 1798 2574 et

299 2600 447 2638 Multam
473 2606 536 2640 aut
562 2616 634 2642 una
663 2616 779 2652 eaque
799 2606 979 2642 communi
999 2607 1246 2657 appellatione
1265 2606 1408 2653 Panjab
1433 2605 1798 2655 comprehenduntur,

298 2669 451 2706 Graecis
489 2669 616 2708 melius
655 2671 857 2710 innotuere.
917 2673 1131 2712 Interiorem
1156 2675 1320 2719 Indiam,
1359 2685 1466 2722 quam
1487 2671 1594 2721 vulgo
1616 2684 1800 2718 vocamus,

299 2737 422 2786 Gangi
439 2738 549 2774 fluvio
567 2739 724 2776 adsitam
743 2739 890 2777 minime
907 2739 1045 2779 Noster
1068 2742 1190 2789 novit,
1219 2754 1298 2778 curn
1318 2740 1474 2786 Persae,
1509 2739 1639 2789 quibus
1655 2750 1721 2776 sua
1739 2751 1798 2776 ac-

301 2809 410 2856 cepta
436 2805 617 2843 referebat
642 2810 748 2857 pater
778 2806 972 2855 historiae,
1013 2810 1159 2847 minime
1181 2810 1229 2846 ad
1256 2820 1317 2846 eas
1345 2821 1460 2857 usque
1478 2812 1593 2846 terras
1617 2807 1800 2858 progressi

303 2873 435 2910 suerint
453 2873 631 2923 regnique
650 2874 741 2912 fines
762 2887 805 2913 eo
824 2875 1079 2926 produxerint3
1118 2876 1230 2923 adeo,
1270 2881 1308 2913 ut
1333 2888 1380 2914 ne
1396 2875 1578 2927 elephanti
1597 2874 1743 2924 quidem
1763 2874 1799 2911 in
