1904 3304
340 778 405 823 24

459 243 544 283 324

432 359 454 392 7
467 351 611 394 πίλου.

857 239 1327 279 HERODOTI

685 347 882 400 Τούτους
929 347 1074 402 οὐδεὶς
1114 349 1273 394 ἀδικέει
1312 348 1584 405 ἀνθρώπων·
1636 351 1726 405 ἱροὶ

460 420 546 477 γὰρ
568 419 767 475 λέγονται
788 417 916 462 εἶναι·
955 418 1061 463 ου’δὲ
1090 437 1131 464 τι
1162 419 1321 477 ἀρήϊον
1351 420 1488 465 ὅπλον
1518 420 1725 465 ἐκτέαται.

434 491 540 535 8καὶ
569 493 698 534 τοῦτο
729 492 831 545 μὲν,
861 494 974 533 τοῖσι
997 490 1295 545 περιοικέουσι
1322 487 1447 536 οὗτοί
1476 494 1559 536 εἰσι
1587 494 1630 536 οἱ
1652 491 1727 543 τὰς

463 558 682 616 διαφορὰς
728 558 989 614 διαιρέοντες
1003 574 1012 584 ·

1072 564 1204 604 τοῦτο
1242 562 1314 611 δὲ,
1369 561 1417 613 ὃς
1455 562 1510 606 ἂν
1549 562 1782 619 φεύγωυ65

463 629 697 687 καταφύγῃ
728 630 772 681 ἐς
805 630 1014 682 τούτους,
1050 629 1131 675 ὑπ’
1165 631 1349 684 οὐδενὸς
1377 631 1603 677 ἀδικέεται.
1652 632 1726 677 οὕ-

464 717 582 757 νομα
610 701 656 745 δέ
687 703 767 757 σφί
798 701 889 745 ἐστι
913 699 1200 757 Ἀργιππαῖοι.

615 770 758 829 Μέχρι
814 772 894 828 μέν
951 789 1036 816 νυν
1091 777 1181 817 τῶν
1237 778 1479 830 φαλακρῶν
1535 774 1726 826 τούτων,

406 963 580 1002 ditiorem
597 966 708 1011 atque
724 960 936 1011 ampliorem
954 960 1069 997 videri

406 1021 532 1067 fuisse,
561 1023 602 1056 ut
621 1031 716 1068 quae
734 1030 823 1055 sane
843 1021 920 1053 tum
939 1018 1069 1054 iisdem

408 1078 518 1125 locis,
555 1076 591 1112 in
612 1076 743 1124 quibus
777 1086 871 1110 nunc
892 1078 1069 1120 versetur,

411 1147 491 1172 oum
512 1132 686 1171 armentis
705 1131 781 1167 suis
805 1129 927 1180 palata
951 1130 1071 1167 fuerit.

469 1214 548 1268 ἱροὶ
590 1212 665 1267 γάρ
713 1212 892 1266 λέγονται
941 1210 1069 1262 εἶναι]

413 1273 570 1324 Propter
596 1271 686 1309 haec
708 1271 820 1307 verba
842 1270 1071 1319 potissimum

410 1329 645 1380 Argippaeos
673 1340 740 1377 pro
778 1326 875 1363 tribu
903 1327 1073 1363 sacerdo-

411 1386 477 1423 tali
509 1385 634 1422 ludica
670 1383 798 1420 haberi
827 1382 904 1419 vult
938 1383 1071 1420 Ritter.

410 1443 434 1481 l.
452 1442 475 1479 l.
521 1441 570 1478 Et
598 1452 687 1477 sane
715 1440 783 1477 hoc
811 1452 855 1476 ex
876 1438 955 1476 loco
979 1452 1071 1488 quo-

411 1498 607 1536 dammodo
633 1495 756 1545 colligi
785 1507 894 1546 posse
925 1496 1070 1533 videtur

410 1554 597 1593 Heerenio
626 1552 649 1589 I.
671 1551 693 1588 I.
723 1566 759 1602 p.
777 1553 879 1599 312,
915 1552 1069 1589 valuisse

410 1611 496 1649 olim
522 1610 642 1660 gentis
668 1609 854 1657 quandam
880 1621 948 1658 per
977 1608 1069 1645 clas-

412 1681 471 1706 ses
510 1667 585 1704 sive
614 1665 727 1702 tribus
758 1665 924 1712 (Casten
958 1664 1069 1712 vulgo

410 1721 624 1775 appellant)
656 1721 958 1772 descriptionem,
999 1721 1070 1756 Ar-

411 1781 665 1832 gippaeosque
714 1778 808 1815 inter
852 1777 1067 1814 Calmuccos

412 1837 488 1874 sive
524 1833 723 1883 Mongolos
761 1847 827 1885 pro
866 1833 1071 1870 istiusmodi

410 1893 507 1931 tribu
525 1890 765 1938 sacerdotali,
795 1903 885 1941 prae
919 1890 1070 1927 caeteris

411 1949 545 1998 insigni
584 1947 743 1996 indeque
775 1947 884 1984 etiam
913 1947 960 1984 ad
988 1946 1071 1983 lites

412 2005 634 2043 dirimendas
673 2003 839 2040 adhibita
882 2003 1073 2040 habendos

414 2074 506 2100 esse.
564 2060 624 2097 Ad
641 2060 814 2097 Sineuses
830 2059 899 2096 hoc
914 2072 1074 2109 quoque,

411 2123 451 2155 ut
481 2117 620 2166 reliqua
650 2117 728 2154 fere
769 2116 913 2163 omnia,
961 2116 1074 2153 refert

409 2174 468 2213 De
490 2173 659 2223 Guignes
687 2173 709 2209 I.
729 2173 752 2210 1.
784 2185 868 2224 pag.
890 2171 973 2214 554
995 2185 1072 2222 seq.

467 2257 510 2297 οἰ
537 2253 608 2304 τοὶς
643 2253 842 2309 διαφοράς
878 2255 1072 2307 διαιρέον-

409 2314 486 2363 τες]
519 2315 542 2351 i.
566 2327 598 2351 e.
625 2315 654 2350 z'z·
675 2317 779 2359 sunt,
823 2315 1071 2364 quifinitz'mo-

413 2383 493 2407 rum
515 2370 594 2407 lites
614 2370 785 2406 <lirinum
813 2373 985 2419 tanquam
1011 2383 1072 2406 ar-

414 2428 510 2464 bitri.
580 2426 642 2462 Sic
678 2426 870 2476 διαιρεῖν,
918 2431 1072 2463 notante

414 2482 614 2530 Valcken.,
659 2482 695 2518 in
726 2482 862 2520 Polluc.
893 2483 999 2529 VIII,
1033 2485 1071 2529 8,

412 2538 599 2589 Aristoph.
612 2538 705 2575 Ran.
728 2540 848 2585 1132,
867 2539 962 2576 alibi.
995 2539 1073 2576 Ta-
1087 2572 1098 2583 e

413 2595 466 2634 les
485 2600 605 2632 autem
624 2594 679 2631 hic
703 2594 783 2631 lites
813 2595 1070 2644 intelligendas

414 2664 496 2690 esse
518 2652 627 2688 docet
650 2651 809 2688 Heeren.
832 2651 853 2687 I.
873 2651 894 2687 l.
918 2665 953 2701 p.
974 2654 1069 2698 312,

411 2707 534 2758 quales
560 2708 597 2744 in
623 2707 800 2744 mercibus
821 2709 1070 2757 permutandis

410 2765 505 2801 inter
535 2768 663 2813 gentes
699 2769 925 2801 mercaturae
962 2776 1071 2800 causa

411 2822 638 2858 confluentes
672 2818 788 2870 (conf.
817 2823 909 2856 nott.
938 2820 985 2856 ad
1006 2820 1069 2866 lv,

411 2877 486 2925 24)
507 2877 590 2913 oriri
611 2876 763 2914 soleant.
822 2875 958 2913 Vocem
986 2876 1070 2915 δια-

1129 959 1260 1013 φοράν
1304 961 1386 998 hinc
1423 961 1573 1008 laudat,
1614 965 1786 1000 monente

1130 1019 1208 1066 Cr„
1231 1019 1371 1055 Coraes
1395 1019 1442 1055 ad
1464 1018 1602 1056 Aelian.
1622 1018 1786 1065 V.H.11‚

1128 1079 1178 1116 21
1199 1088 1284 1126 pag.
1309 1076 1403 1115 293.

1185 1155 1227 1204 ὃς
1265 1153 1316 1196 ἄν
1352 1154 1516 1210 φεύγων
1548 1154 1783 1213 καταφύγῃ]

1128 1214 1200 1252 Pro
1229 1210 1491 1266 καταφεύγων
1520 1228 1600 1252 cum
1631 1219 1787 1252 recentt.

1128 1271 1214 1308 dedi
1246 1267 1432 1322 φεύγων,
1470 1273 1570 1320 quod
1601 1271 1786 1308 Sancrosti

1128 1327 1218 1365 liber
1241 1340 1333 1363 unus
1363 1328 1608 1376 suggerebat,
1646 1327 1786 1364 dudum

1128 1384 1332 1421 iubentibus
1350 1384 1524 1421 Valcken.
1556 1388 1594 1421 et
1619 1383 1786 1421 Porsono

1129 1441 1177 1478 ad
1189 1440 1356 1489 Euripid.
1377 1440 1565 1478 Phoeniss.
1581 1442 1702 1486 1231,
1723 1440 1787 1477 ubi

1127 1497 1179 1534 vir
1198 1497 1326 1533 doctus
1349 1496 1437 1533 alios
1468 1496 1590 1534 attulit
1610 1495 1708 1533 locos
1735 1497 1786 1533 si-

1128 1552 1229 1590 miles
1242 1581 1252 1600 ,
1282 1553 1320 1589 in
1340 1554 1470 1601 quibus
1492 1553 1602 1590 verbo
1621 1552 1787 1604 simplici,

1126 1622 1198 1658 quo
1218 1613 1369 1646 conatus
1391 1610 1584 1654 indicatur,
1603 1610 1785 1646 adiectum

1125 1666 1304 1715 reperitur
1327 1667 1581 1715 compositum,
1613 1665 1786 1702 effectum

1125 1726 1424 1759 commonstrans.
1487 1722 1587 1758 Infra
1617 1722 1672 1768 V,
1708 1721 1784 1761 95:

1127 1774 1241 1824 αὐτὸς
1261 1777 1332 1829 μὲν
1350 1773 1512 1830 φεύγων
1531 1772 1727 1829 ἐκφεύγει.

1185 1859 1338 1911 οὕνομα
1363 1859 1404 1900 δέ
1431 1861 1505 1911 σφί
1525 1860 1605 1901 ἔστι
1624 1856 1787 1912 Ἀργιπ-

1128 1919 1254 1967 παῖοι]
1276 1919 1360 1956 Duo
1380 1919 1487 1956 codd.
1501 1914 1785 1970 Ὀργιεμπαῖοι,

1129 1975 1314 2012 Zenobius
1335 1975 1443 2012 Prov.
1466 1975 1512 2022 V,
1536 1974 1590 2017 25
1612 1969 1787 2026 Ὀργιέμ..

1129 2046 1242 2080 πεοι,·
1288 2031 1387 2081 quod
1422 2031 1618 2081 genuinum
1653 2043 1787 2068 nomen

1130 2102 1212 2128 esse
1239 2100 1378 2137 negans
1406 2089 1587 2126 Gatterer.
1618 2087 1785 2136 (Comm.

1131 2145 1256 2182 societ.
1277 2145 1381 2181 Gott.
1401 2145 1488 2181 XIV
1515 2158 1551 2195 p.
1578 2145 1667 2194 13),
1704 2156 1785 2180 cum

1128 2200 1256 2252 populi
1281 2205 1403 2239 tamen
1428 2213 1528 2238 more
1549 2200 1614 2237 sub
1640 2199 1785 2236 arbori-

1129 2259 1196 2295 bus
1217 2257 1360 2295 vivendi
1388 2257 1578 2295 convenire
1595 2256 1667 2301 ait,
1705 2268 1785 2292 cum

1129 2314 1240 2352 arbor
1267 2314 1366 2364 apud
1395 2312 1605 2351 Calmuccos
1635 2316 1785 2349 vocetur

1134 2370 1261 2419 Urga;
1299 2374 1339 2406 ut
1366 2382 1454 2406 sane
1477 2369 1722 2418 Orgiempaei‚
1753 2380 1784 2404 5.

1133 2426 1380 2475 Urgiempaez',
1410 2426 1432 2462 i.
1456 2439 1486 2462 e.
1508 2425 1574 2461 sub
1595 2425 1784 2462 arboribus

1129 2484 1308 2532 degentes
1329 2482 1426 2518 haud
1442 2481 1536 2519 male
1555 2481 1623 2518 dici
1645 2484 1785 2530 queant

1129 2539 1334 2584 Calmucci,
1365 2551 1515 2587 quorum
1539 2538 1696 2587 tuguria,
1725 2549 1785 2573 ar-

1126 2595 1315 2632 tificiosius
1332 2595 1495 2643 quamvis
1511 2598 1703 2641 exstructa,
1719 2593 1785 2630 mi-

1128 2652 1224 2688 nime
1245 2655 1368 2687 tamen
1388 2651 1434 2688 ab
1458 2651 1784 2700 Orgiempaeorum

1126 2708 1269 2744 ratione
1282 2707 1472 2743 habitandi
1484 2706 1665 2744 differant.
1675 2705 1785 2755 Apud

1127 2763 1260 2800 Melam
1282 2763 1302 2798 I.
1324 2763 1345 2799 l.
1369 2764 1535 2800 dicuntur
1554 2762 1783 2813 Arymplaeaez',

1127 2820 1224 2869 apud
1260 2819 1414 2856 Plinium
1445 2819 1467 2858 l.
1498 2819 1521 2855 I.
1565 2818 1780 2869 Arimphaei.

1127 2876 1308 2925 Equidem
1330 2875 1378 2912 nil
1401 2876 1578 2913 discerno.
