1904 3304
447 213 532 252 248

416 318 575 363 3τάδε·

849 210 1318 250 HERODOTI

644 318 856 373 ,,”Ανδρες
894 322 1218 377 Κροτωνιῆται,
1267 319 1399 376 ὁρᾶτε
1437 320 1490 364 τοὶ
1529 320 1716 365 ποιέετε·

416 389 592 445 4ἄνδρα
621 390 822 445 βασιλέος
843 389 1059 447 δρηπέτην
1083 390 1320 447 γενόμενον
1341 392 1593 446 ἐξαιρέεσθε.
1632 396 1721 443 κῶς

445 466 587 506 ταῦτα
617 461 785 518 βασιλέϊ
811 463 985 517 Δαρείῳ
1016 461 1209 519 ἐκχρήσει
1239 465 1577 519 περιϋβρίσθαι,·
1632 467 1778 514 κῶςῗο

448 534 495 577 δὲ
536 532 644 588 ὑμῖν
690 532 743 575 τοὶ
784 532 1023 589 ποιεύμενα
1061 533 1142 585 ἕξει
1188 537 1351 584 καλῶς,
1408 532 1463 589 ἢν
1505 533 1722 590 ἀπέλησθε

446 602 607 659 ἡμέας;
653 602 722 646 ἐπὶ
750 605 848 647 τίνα
887 604 933 648 δὲ
961 605 1090 659 τῆσδε
1120 604 1336 660 προτέρην
1366 604 1721 661 στρατευσόμεθα

447 674 607 724 πόλιν;
654 675 753 718 τίνα
794 675 839 718 δὲ
875 675 1095 730 προτέρην
1131 674 1528 730 ἀνδραποδίζεσθαι
1573 692 1722 732 πειρη-

420 743 676 802 5σόμεθα,·“
739 749 886 788 Ταῦτα
915 746 1129 802 λέγοντες,
1166 746 1269 798 τούς
1298 746 1606 803 Κροτωνιήτας
1640 746 1723 791 οὐκ

451 812 514 860 ὦν
553 816 750 860 ἔπειθον·

808 815 904 860 ἀλλ’
945 817 1237 872 ἐξαιρεθέντες
1265 834 1309 861 τε
1339 817 1419 861 τὸν
1448 817 1723 875 Δημοκήδεα,
1735 825 1780 860 75

448 888 522 932 καὶ
553 888 633 932 τόν
661 887 828 943 γαυλόν
856 888 934 931 τὸν
963 888 1052 945 ἅμα
1081 890 1242 945 ἤγοντο
1274 888 1593 944 ἀπαιρεθέντες,
1625 889 1723 932 ἀπέ-

449 963 584 1002 πλεον
613 957 751 1002 ὀπίσω
781 959 824 1010 ές
858 960 936 1015 τὴν
974 958 1139 1016 Ἀσίην,
1184 958 1284 1004 οὐδ’
1327 961 1389 1004 ἔτι
1427 959 1634 1016 ἐζήτησαν
1671 959 1722 1003 τὸ

448 1031 714 1085 προσωτέρω
743 1033 820 1086 τῆς
845 1029 1050 1083 Ἑλλάδος
1081 1030 1337 1087 ἀπικόμενοι
1358 1032 1584 1086 ἐκμαθεῖν,
1614 1030 1724 1074 ἐστε-

420 1101 635 1158 6ρημένοι
664 1104 745 1145 τοῦ
780 1100 1004 1157 ἡγεμόνος.

1070 1101 1260 1146 Τοσόνδε
1298 1101 1447 1158 μέντοι
1485 1100 1723 1145 ἐνετείλατό

449 1183 529 1228 σφι
558 1172 825 1229 Δημοκήδης
863 1172 1195 1229 ἀναγομένοισι,
1236 1172 1427 1216 κελεύων
1465 1174 1600 1216 εἰπεῖν
1627 1179 1780 1216 Aac-80

452 1244 552 1302 ρείῳ
585 1243 740 1299 σφέας,
787 1242 855 1287 ὅτι
892 1244 1109 1301 ἅρμοσται
1146 1242 1224 1300 τὴν
1254 1245 1466 1295 Μίλωνος
1502 1243 1724 1301 θυγατέρα

392 1444 431 1481 p.
454 1430 537 1474 522
558 1431 624 1477 C.,
655 1430 715 1467 ubi
738 1443 855 1481 pauca
877 1431 991 1469 ferme
1011 1430 1058 1468 de

392 1488 515 1525 Persis
536 1492 574 1525 et
592 1487 817 1534 Democede,
838 1499 1056 1537 quamquam

392 1544 465 1582 alio
488 1556 531 1581 ex
558 1545 682 1590 sonte,
712 1543 833 1580 attulit
854 1544 976 1581 W'ess.
1005 1567 1055 1572 —-

393 1599 456 1637 Ad
475 1613 602 1637 vocem
629 1597 942 1651 προισχομένους
961 1600 1058 1639 conf.

393 1660 487 1694 nott.
508 1657 606 1702 adl,
634 1656 725 1697 141.
752 1678 801 1683 —
831 1656 871 1693 ln
888 1669 968 1705 sqq.
991 1668 1058 1706 pro

392 1709 564 1778 γενόμει
569 1728 615 1752 ον
637 1713 805 1762 Schwgh.
827 1713 1014 1750 malebat
1004 1728 1061 1764 γι-

394 1765 581 1819 νόμενοι.
615 1769 663 1806 At
681 1770 768 1807 mihi
787 1771 934 1819 vulgata
951 1781 1059 1821 prae-

394 1831 491 1864 stare
514 1827 669 1863 videtur.

450 1885 532 1929 κῶς
563 1884 687 1921 ταῦτα
708 1901 763 1909 --
785 1876 966 1932 ἐκχρήσει
995 1895 1061 1920 πε-

398 1937 663 1989 ριϋβρίσθαι]
717 1939 784 1976 καὶ
825 1953 845 1976 e
881 1939 1063 1975 Sancrosti

396 2001 433 2034 et
455 1996 614 2033 vindob.
638 1995 730 2032 libro
750 2002 835 2032 ante
856 1997 934 2040 κῶς
965 1998 1063 2032 inse-

395 2053 467 2090 ruit
507 2052 640 2098 Gaisf.‚
676 2064 785 2100 quem
822 2056 966 2089 secutus
1007 2058 1063 2089 est

395 2108 587 2146 Matthiae.
627 2107 718 2145 Mihi
740 2106 807 2146 καὶ
832 2109 878 2145 ab
898 2107 966 2145 alia
988 2121 1065 2145 ma-

395 2179 444 2202 nu
465 2166 633 2202 additum
664 2164 817 2202 videtur.
877 2165 954 2201 Sed
979 2177 1063 2201 mox

396 2235 477 2259 cum
501 2221 618 2257 Gaiss.
644 2221 770 2271 scripsi
797 2220 952 2271 βασιλέϊ
974 2222 1060 2271 (pro

397 2279 579 2328 βασιλῆϊ)
601 2281 641 2314 ut
662 2278 696 2313 in
722 2278 794 2315 fine
813 2290 893 2327 cap.
918 2283 954 2315 et
970 2290 1062 2327 pau-

398 2335 432 2370 lo
451 2338 556 2371 ante:
579 2331 759 2383 βασιλέος
772 2347 837 2383 pro
856 2335 1058 2383 βασιλῆος.

396 2390 509 2434 Quod
536 2390 647 2426 semel
673 2389 730 2426 hic
752 2391 930 2427 indicasse
960 2390 1062 2426 suffi-

397 2447 456 2484 cit.
515 2446 653 2482 Sensus
684 2445 752 2481 loci
783 2451 856 2483 est:
889 2446 965 2487 Qui
984 2446 1061 2483 Da-

396 2505 448 2539 rio
480 2504 557 2550 regi
586 2501 747 2551 sufficere
772 2505 911 2551 potue't,
942 2515 969 2539 s.
1002 2503 1063 2551 (μα’

395 2561 526 2609 poterit
559 2572 669 2607 (aquo
691 2557 789 2606 ferre
826 2561 963 2604 (minio,
994 2559 1064 2594 {ali

398 2615 607 2652 contumelia
633 2614 762 2663 affici?
792 2615 848 2651 Cf.
876 2615 972 2660 Vni,
996 2617 1060 2654 70.

397 2672 486 2709 Mox
513 2685 592 2708 cum
621 2676 770 2707 recentt.
804 2672 889 2708 edd.
916 2671 1060 2708 exhibui

399 2723 601 2777 ἀπέλησθε
625 2741 689 2776 pro
719 2741 776 2772 eo,
809 2728 907 2776 quod
927 2728 1012 2763 inde
1041 2740 1061 2764 e

398 2784 551 2822 W'essel.
580 2785 739 2822 editione
767 2786 955 2833 vulgatum
982 2788 1061 2820 erat

400 2837 608 2881 ἀπέλεσθε.
639 2840 849 2889 Schweigh.
880 2835 1002 2878 αὐτόν
1032 2852 1060 2875 s.

1113 1432 1256 1470 τοῦτον
1280 1430 1545 1479 (Democedem
1561 1430 1631 1475 sc.)
1652 1429 1780 1466 subin-

1114 1487 1228 1536 telligi
1251 1487 1339 1534 vult,
1369 1492 1409 1524 ut
1432 1488 1521 1525 haec
1540 1487 1626 1524 inde
1647 1487 1781 1523 evadat

1115 1545 1316 1581 sententia:
1348 1546 1381 1580 si
1404 1545 1503 1581 nohis
1523 1543 1620 1579 illum
1643 1542 1780 1579 ademe-

1113 1602 1209 1646 vitis,
1238 1602 1271 1636 si
1295 1613 1356 1636 nos
1382 1600 1443 1636 illo
1459 1600 1697 1650 privaveritis.
1727 1619 1778 1625 ——

1115 1657 1158 1693 ln
1188 1669 1292 1706 seqq.
1326 1658 1373 1694 ad
1404 1661 1622 1694 structuram
1651 1667 1781 1691 vocum

1117 1711 1385 1764 ἐξαιρεθέντες
1426 1718 1461 1750 ct
1496 1708 1782 1762 ἀπαιρεθέντες

1118 1771 1213 1807 conf.
1241 1770 1376 1806 Matth.
1402 1770 1468 1806 Gr.
1491 1771 1557 1806 Gr.
1577 1781 1663 1818 pag.
1685 1769 1781 1808 780.

1177 1822 1372 1877 α’ρμοσται
1393 1841 1466 1876 την
1479 1823 1688 1874 Ιῑλίλωνος]
1713 1838 1781 1874 αρ-

1119 1878 1251 1933 μὸζειν
1273 1878 1361 1921 τινά
1385 1897 1462 1920 τινι
1485 1896 1524 1920 es
1529 1886 1543 1919 t
1573 1881 1783 1932 desponsare

1118 1940 1295 1976 multarem
1325 1939 1459 1987 αἶα-αι’,
1499 1944 1538 1975 ut
1570 1938 1645 1984 IX,
1688 1938 1781 1978 108.

1118 1997 1209 2033 Inde
1241 1991 1426 2046 αριιόζειν
1457 2009 1606 2059 γαμον,
1635 1995 1783 2043 nuptias

1120 2054 1333 2090 contr-,ahere
1362 2053 1412 2089 At
1431 2046 1675 2103 ἀοιιόζεσθαί
1694 2064 1783 2088 τινα

1118 2115 1175 2147 est
1206 2111 1274 2145 si‘ln
1296 2109 1455 2159 puellam
1485 2109 1780 2158 (1ιεροηείινε,ε.

1118 2179 1261 2202 uxorem
1282 2166 1419 2211 ducere,
1435 2166 1519 2202 ut&
1521 2193 1531 2211 ‚
1550 2165 1616 2204 32.
1634 2164 1698 2203 47.
1718 2163 1750 2199 ἶ
1754 2162 1781 2208 I,

1119 2224 1184 2263 65.
1217 2222 1327 2259 Plura
1355 2223 1459 2258 dabit
1485 2233 1506 2257 a
1533 2219 1590 2257 Cr.
1620 2220 1669 2255 ad
1696 2218 1730 2255 h.
1757 2218 1780 2255 l.

1118 2280 1292 2316 excitatus
1322 2276 1579 2327 Wyttenbach.
1609 2275 1657 2311 ad
1684 2274 1779 2312 Plut.

1118 2334 1260 2372 Morail.
1282 2334 1314 2370 11
1337 2347 1372 2383 p.
1395 2335 1488 2374 879.
1535 2332 1579 2377 („
1582 2331 1782 2367 Philostra-

1117 2396 1174 2427 tus
1196 2391 1267 2427 Vit.
1290 2390 1422 2439 Sophis
1408 2394 1451 2425 t.
1474 2389 1510 2424 in
1541 2388 1781 2425 Hermocrate

1117 2447 1167 2483 lv
1190 2460 1276 2496 pag.
1298 2448 1378 2485 610
1408 2445 1552 2482 Oleara
1573 2465 1628 2471 -—
1658 2438 1781 2482 α’σπα-

1119 2501 1209 2551 ζοιιέ
1214 2517 1283 2540 νου
1303 2516 1379 2539 τει·
1385 2514 1512 2551 ριιοστ
1517 2516 1529 2538 ι
1548 2500 1589 2539 οἷ
1605 2515 1679 2548 την
1692 2499 1782 2538 έαυ-

1119 2561 1192 2597 τοῦ
1219 2557 1430 2608 θυγατέρα.
1491 2558 1561 2594 Pro
1590 2569 1633 2594 eo
1656 2561 1781 2607 poste-

1119 2616 1233 2651 riores
1256 2620 1432 2664 usurpant
1459 2608 1657 2663 ὀρμάζειν.
1696 2613 1780 2649 Yid.

1117 2670 1278 2718 Hes>ch.
1318 2671 1348 2707 ll
1391 2684 1476 2721 pag.
1517 2672 1596 2710 106
1641 2669 1780 2723 Alperti

1119 2732 1155 2764 et
1205 2728 1299 2763 conf.
1350 2727 1507 2764 Cas-dub.
1554 2731 1590 2763 et
1626 2725 1778 2762 Salmas.

1118 2783 1166 2819 ad
1186 2783 1247 2819 Iul.
1270 2783 1470 2833 Capitolin.
1492 2782 1538 2820 T.
1557 2782 1590 2818 11
1608 2795 1642 2832 p.
1665 2783 1720 2822 62
1744 2785 1782 2818 et

1117 2839 1221 2876 Bielii
1236 2839 1350 2878 Thes.
1362 2840 1405 2877 V.
1419 2840 1464 2877 T.
1477 2839 1507 2877 11
1526 2852 1562 2890 p.
1577 2839 1670 2881 88.“
1694 2836 1779 2884 Cr.)
