1904 3304
433 267 519 308 632
833 266 1305 304 HERODOT1

433 375 508 418 καὶ
537 375 725 427 ἔπυδρος
748 374 919 426 πίδαξι·
959 375 1034 418 καὶ
1065 373 1166 418 οὔτε
1198 373 1370 431 αὐχμοῦ
1401 376 1700 431 φροντίζουσα
1712 381 1755 415 85

433 444 588 495 οὐδὲν,
619 443 720 487 οὔτε
751 443 921 501 ὄμβρον
949 444 1062 488 πλέω
1092 449 1255 489 πιοῦσα
1286 444 1536 501 δεδήληται·
1577 445 1701 489 ὕεται

403 515 518 572 4γὰρ
551 514 603 570 δὴ
636 519 774 558 ταῦτα
810 520 886 571 τῆς
916 515 1093 572 Λιβύης.
1149 520 1239 559 τῶν
1278 516 1324 559 δὲ
1363 516 1582 572 ἐκφορίων
1617 521 1700 560 τοῦ

433 588 608 639 καρποῦ
638 584 776 630 ταύτά
804 586 939 642 μέτρα
968 591 1022 644 τῇ
1057 589 1316 643 Βαβυλωνίῃ
1345 591 1402 643 γῇ
1439 589 1700 631 κατίσταται.

436 655 582 713 ἀγαθή
623 655 668 700 δὲ
705 661 759 712 γῆ
799 658 872 700 καὶ
909 657 990 714 τήν
1020 657 1314 712 Εὐεσπερῖται
1353 657 1578 712 νέμονται·
1628 657 1699 701 ἐπ’

436 727 648 772 ἑκατοστὰ
680 728 783 782 γάρ,
832 728 961 772 ἐπεὰν
1001 729 1110 786 αὕτη
1151 730 1315 786 ἑωυτῆς
1355 728 1511 783 ἄριστα
1548 729 1702 787 ἐνείκῃ,

275 798 375 842 199
434 799 632 852 ἐκφέρει·
681 797 708 853 ἡ
740 797 786 840 δὲ
817 798 863 842 ἐν
892 805 945 857 τῇ
977 803 1165 852 Κίνυπι,
1201 800 1268 844 ἐπὶ
1298 799 1540 855 τριηκόσια.
1588 799 1703 858 ’Έχει
1716 810 1762 843 90

104 861 382 923 οέἆῑξῗῼίῑζᾛῖξῖο
441 869 487 913 δὲ
517 869 591 912 καὶ
621 867 895 926 ἡΚυρηναίη
924 871 1065 928 χώρη,
1099 873 1234 916 ἐοῦσα
1263 870 1516 927 ὑψηλοτάτη
1546 871 1706 929 ταύτης

102 929 382 1003 Ἲῆξρᾛξῖξῖἓζξῖξ
441 944 518 997 τῆς
546 938 714 996 Λιβύης
743 939 822 997 τὴν
857 944 899 986 οἱ
928 942 1135 998 Νομάδες
1164 943 1392 998 νέμονται,
1434 948 1548 997 τρεῖς
1589 943 1706 998 ὥρας

103 995 381 1061 ὲῖἶῖιῖἷῗιὶζῃὲἶιζῗ
410 1013 491 1056 Ξέν
521 1010 661 1067 ἑωυτῇ
692 1010 813 1063 ἀξίας
831 1013 1073 1069 θωύματος.
1103 1018 1255 1069 πρῶτα
1275 1013 1354 1069 μὲν
1377 1012 1460 1068 γὰρ
1491 1015 1542 1056 τὰ
1572 1031 1708 1070 παρα-

436 1081 656 1127 θαλάσσια
694 1086 784 1125 τῶν
820 1089 1004 1138 καρπῶν
1047 1085 1158 1143 ὀργᾷ
1201 1083 1396 1141 ἆμᾶσθαί
1429 1102 1473 1128 τε
1505 1086 1578 1128 καὶ
1606 1103 1706 1140 τρυ-

437 1158 627 1210 γᾶσθαι·
664 1151 835 1195 τούτων
867 1154 912 1197 δὲ
943 1156 1370 1210 συγκεκομισμένων,
1403 1160 1492 1198 τῶν
1512 1155 1763 1211 ὑπερθα-95

439 1224 674 1267 λασσιόίων
701 1223 858 1280 χώρων
887 1224 940 1268 τὰ
968 1223 1077 1283 μέσα
1108 1224 1218 1285 ὀργᾷ
1257 1229 1617 1284 συγκομίζεσθαι,
1657 1229 1709 1273 τὰ

385 1379 506 1430 Supra
537 1377 611 1425 lv,
644 1378 699 1417 23
726 1371 939 1428 βαθύγεος.
997 1376 1048 1415 At

385 1435 536 1486 propius
556 1434 625 1471 hue
648 1436 792 1483 spectat
811 1433 866 1480 11,
889 1437 963 1481 12,
986 1434 1048 1471 ubi

387 1492 614 1529 exhibuimus
635 1484 871 1541 μελάγγαιον
881 1519 894 1536 ,
920 1503 1049 1540 quam-

1105 1376 1156 1414 cis
1191 1380 1334 1414 exstant
1369 1377 1418 1414 ad
1457 1377 1565 1429 Pyth.
1593 1378 1665 1428 IX,
1699 1382 1767 1420 92.

1105 1431 1204 1470 Add.
1237 1433 1311 1480 1V,
1344 1432 1406 1474 14.
1444 1434 1636 1485 Namque,
1666 1437 1767 1487 quod

1105 1491 1194 1526 satis
1230 1503 1326 1526 nunc
1361 1496 1528 1539 constat,
1558 1492 1637 1529 loco
1673 1492 1766 1531 mille

387 1561 499 1597 quam
525 1548 562 1584 in
594 1545 673 1584 aliis
705 1542 930 1598 μελάγγεον.
990 1546 1048 1584 Ad

386 1605 499 1642 verba
522 1602 789 1654 φροντίζουσα
811 1600 929 1642 οὐδὲν
952 1603 1048 1641 conf.

387 1660 453 1707 IV,
484 1662 563 1701 167
595 1663 632 1697 et
661 1660 709 1696 ad
734 1657 839 1698 πλέω
860 1660 955 1706 (scil.
976 1661 1050 1698 τοῦ

389 1715 577 1763 δέοντος)
606 1715 739 1752 Matth.
769 1716 837 1754 Gr.
864 1717 928 1753 Gr.
961 1728 1049 1766 pag.

389 1775 494 1819 8543
525 1773 574 1809 ad
592 1774 741 1811 πιοῦσα
756 1774 853 1810 conf.
874 1772 936 1818 Ill,
957 1774 1050 1813 117.

388 1827 437 1868 τοὶ
456 1823 629 1878 ἐκφόρια
651 1831 722 1877 τῆς
742 1831 814 1881 γῆς
839 1833 952 1866 terrae
967 1842 1050 1879 pro-

389 1889 514 1923 ventus
545 1885 805 1934 interpretatur
828 1886 1049 1933 wesseling.

390 1943 440 1980 ad
467 1941 691 1989 Hesychium
723 1939 760 1991 [l
795 1954 879 1991 pag.
917 1941 1047 1990 1157]

390 1998 604 2036 amandans.
616 2019 672 2024 -
694 1997 765 2034 Pro
779 1997 1051 2048 Βαβυλωνίων

391 2068 475 2093 eum
504 2057 655 2091 recentt.
691 2054 775 2091 edd.
802 2055 888 2092 dedi
917 2053 1053 2105 Βαβυ-

394 2110 518 2164 λωνίῃ
543 2123 563 2147 e
588 2110 794 2148 melioribus
824 2111 936 2148 libris.
994 2111 1052 2148 De

394 2168 617 2217 Euesperitis
633 2167 788 2204 diximus
809 2168 857 2204 ad
882 2168 943 2214 lv,
964 2169 1052 2207 171.

453 2219 518 2263 ἐπ’
560 2220 746 2262 {namon}
786 2221 887 2275 γαρ]
945 2225 1054 2261 Conf.

396 2280 529 2318 Matth.
547 2294 583 2330 p.
608 2282 716 2321 1169
734 2285 771 2317 et
790 2281 954 2318 Gronov.
974 2280 1056 2317 Ob-

396 2350 510 2374 servv.
532 2336 732 2372 Monobibl.
757 2338 791 2373 in
814 2337 952 2387 scriptt.
981 2336 1054 2373 Ec·

397 2393 481 2430 cles.
509 2405 594 2442 pag.
627 2394 693 2432 36.
744 2394 868 2431 Verba
905 2392 1054 2442 ἑωυτῆς

397 2446 538 2500 ἄριστα
577 2449 761 2497 attigimus
800 2450 848 2486 ad
881 2449 916 2496 l,
962 2451 1054 2490 193.

398 2507 457 2543 Ad
482 2506 600 2556 ipsum
624 2510 879 2554 argumentum
903 2506 1054 2552 faciunt,

400 2575 496 2611 quae
525 2575 546 2599 e
572 2561 705 2598 Shawii
731 2562 896 2599 ltinerar.
920 2563 951 2599 11
969 2575 1053 2613 pag.

397 2621 479 2660 285
503 2631 580 2667 seq.
601 2618 723 2655 attulit
743 2617 914 2655 Larcher.

566 2675 677 2724 Cap.
711 2674 878 2711 exeix.

455 2730 579 2770 ἐοῦσα
626 2726 863 2780 ὑψηλοτάτη
912 2729 1057 2781 ταύτης

399 2789 472 2838 τῆς
508 2783 696 2838 Λιβύης]
737 2787 816 2825 Iure
844 2788 913 2824 huc
948 2792 1058 2825 relert

401 2844 509 2881 'rasel
541 2841 606 2896 (ad
631 2845 738 2881 Pind.
761 2844 865 2893 Pyth.
893 2844 942 2880 lX
971 2858 1057 2893 pag.

401 2902 525 2949 910),
556 2913 650 2950 quae
672 2901 707 2937 in
728 2900 869 2938 scholiis
890 2901 1057 2938 Pindari-

1105 1547 1280 1583 ducentos
1304 1547 1418 1596 pedes
1443 1560 1554 1599 supra
1573 1562 1671 1587 mare
1694 1549 1768 1587 ela—

1104 1606 1143 1639 to
1162 1603 1198 1638 in
1217 1602 1367 1652 planitie
1386 1610 1559 1641 montana
1576 1605 1723 1643 tabulae
1737 1618 1766 1642 s.

1107 1671 1256 1695 mensae
1294 1660 1444 1696 sormam
1480 1663 1661 1699 referente
1698 1662 1768 1698 fuit

1107 1715 1222 1760 (conf.
1242 1716 1363 1752 strab.
1384 1716 1487 1753 XVII
1511 1731 1547 1767 p.
1573 1718 1681 1758 1194
1705 1715 1768 1767 Α.)

1107 1771 1252 1819 Cyrene
1278 1773 1450 1821 condita,
1490 1773 1557 1810 soli
1584 1774 1769 1811 fertilitate

1107 1833 1219 1876 atque
1243 1828 1407 1866 ubertate
1429 1831 1585 1867 maxime
1603 1831 1768 1879 insignis.

1108 1884 1243 1931 Attigit
1276 1884 1416 1932 Thrige
1442 1886 1540 1923 Hist.
1570 1887 1703 1935 Cyren.
1730 1900 1768 1937 p.

1112 1942 1201 1980 102.
1230 1942 1320 1980 103.
1361 1941 1470 1978 Plura
1487 1947 1525 1979 et
1547 1944 1771 1980 accuratiora

1108 2009 1154 2033 ex
1174 1996 1277 2033 Della
1300 1997 1424 2036 Cellae
1447 1998 1635 2036 ltinerario
1666 2000 1768 2037 dabit

1107 2052 1239 2090 Ritter.
1270 2053 1426 2090 Er‹lk.1
1454 2068 1537 2105 pag.
1562 2055 1642 2096 945
1676 2068 1769 2105 seq„

1109 2110 1241 2158 quibus
1257 2121 1352 2146 nune
1370 2111 1456 2148 add.
1478 2112 1599 2149 Pacho
1617 2113 1770 2162 Voyage

1109 2173 1180 2203 etc.
1210 2178 1296 2215 pag.
1319 2169 1373 2208 83
1403 2180 1506 2217 seqq.
1534 2168 1637 2219 chap.
1657 2169 1691 2204 V
1713 2182 1770 2206 re-

1111 2223 1229 2271 gionis
1259 2225 1518 2261 amoenitatem
1543 2225 1672 2262 eximie
1691 2224 1769 2261 lau-

1111 2279 1259 2316 dantem
1293 2284 1331 2316 et
1351 2280 1453 2330 chap.
1468 2281 1570 2318 XVll
1592 2294 1676 2331 pag.
1688 2282 1767 2322 233

1110 2335 1335 2372 fertilitatem
1367 2338 1526 2385 regionis
1546 2337 1769 2386 Cyrenaicae

1111 2404 1228 2428 raram
1253 2393 1515 2439 celebrantem,
1546 2406 1654 2442 quam
1671 2399 1770 2430 vete·

1111 2460 1168 2484 res
1184 2450 1253 2485 iam
1272 2451 1426 2487 maxime
1442 2450 1651 2487 dilaudasse
1667 2449 1769 2485 novi-

1112 2517 1203 2541 mus.
1253 2505 1350 2542 luter
1380 2519 1494 2554 quos,
1529 2511 1565 2541 ut
1599 2519 1670 2542 uno
1702 2506 1770 2542 hoc

1112 2569 1192 2597 utar
1234 2566 1350 2609 teste,
1394 2562 1528 2598 Plinius
1565 2564 1771 2599 conseratur

1113 2617 1161 2655 H.
1194 2616 1240 2653 N.
1271 2619 1324 2664 V,
1356 2619 1392 2658 5.
1423 2640 1478 2645 -——
1522 2618 1611 2655 Mox
1646 2619 1770 2655 reduxi

1114 2669 1331 2723 θωύματος
1357 2687 1377 2710 a
1399 2675 1515 2710 Gaisf.
1538 2679 1715 2712 mutatum
1735 2675 1770 2711 in

1113 2726 1312 2778 θώματος.
1346 2731 1404 2766 Cf.
1426 2736 1516 2767 nott.
1539 2733 1586 2769 ad
1612 2731 1673 2777 lV,
1704 2733 1770 2770 28.

1171 2783 1269 2837 ὅργᾶ
1303 2782 1487 2835 α’μᾱσθαί
1518 2801 1559 2826 τε
1582 2786 1656 2826 ’καὶ
1681 2802 1772 2834 τρυ-

1113 2841 1279 2895 γᾶσθαι]
1322 2843 1544 2893 Schweigh.:
1592 2842 1772 2890 „Mariti-

1114 2914 1189 2937 mus
1224 2903 1358 2936 tractus
1386 2899 1567 2949 fructibus
1592 2904 1711 2949 turget
1739 2904 1772 2937 et
