1904 3304
441 255 1002 298 MELPOMENE.
1058 255 1120 293 IV.

1332 257 1415 297 623

160 372 340 422 δίκτυες,
356 368 429 412 καὶ
446 370 572 418 θῶες,
592 367 663 410 καὶ
681 365 914 422 πάνθηρες,
937 365 1006 408 καὶ
1026 364 1194 420 βόρυες,
1223 363 1295 407 καὶ
1316 380 1415 418 κρο-
1428 371 1472 404 10

158 442 343 484 κόδειλοι
376 439 483 482 ὅσον
513 454 557 481 τε
594 438 813 492 τριπήχεες
842 441 1057 492 χερσαῖοι,
1100 439 1196 492 τῇσι
1227 434 1415 492 σαύρῃσι

159 510 483 564 ἐμφερέστατοι·
504 510 576 552 καὶ
596 509 808 562 στρουθοὶ
828 506 1066 562 κατάγαιοι,
1089 508 1160 549 καὶ
1183 506 1304 561 ὄφιες
1324 519 1417 561 σμι-

129 579 275 629 3κροὶ,
302 579 429 632 κέρας
458 582 507 622 ἲν
537 580 716 629 ἕκαστος
747 578 921 633 ἔχοντες,
951 577 1085 620 ταῦτα’
1116 593 1158 620 τε
1183 576 1234 632 δή
1258 575 1418 620 αὐτόθι

159 647 246 691 ἐστὶ
265 653 414 706 θηρία,
441 652 513 695 καὶ
533 650 641 705 ἅπερ
659 653 710 707 τῇ
731 648 849 705 ἄλλῃ,
874 647 986 704 πλὴν
1003 648 1168 704 ἐλάφου
1186 664 1228 691 τε
1247 648 1318 691 καὶ
1337 646 1419 700 ὑός

105 808 189 847 VIII
229 811 340 859 (53)
355 843 366 860 ‚
409 813 474 854 35,
534 812 762 860 Intelligitur‚

105 875 278 905 monente
317 869 546 915 Leuckarm,
605 869 762 917 Hystrix

108 925 256 960 cristata
281 925 389 962 Linn.
418 925 504 975 (clas
533 925 762 961 Haubensta-

108 979 367 1031 clnlscliwein),
407 994 500 1030 quae
526 994 592 1030 per
618 992 762 1016 omnem

107 1034 264 1073 Africam
285 1036 603 1087 septentrionalem
626 1036 764 1086 reperi-

106 1096 166 1128 tur
181 1093 351 1141 frequens
370 1093 522 1142 aliisque
541 1094 647 1130 etiam
668 1092 764 1129 Afri-

106 1161 170 1185 cae
185 1150 348 1198 partibus
368 1157 550 1196 versatur,
581 1161 763 1198 quamque

107 1217 151 1241 ex
165 1204 282 1241 Africa
300 1206 378 1255 ipsa
401 1206 448 1241 ad
463 1206 630 1255 Europae
648 1210 762 1242 terras

107 1261 359 1299 meridionales
387 1265 628 1299 transvectam
656 1262 763 1298 fuisse

108 1317 233 1354 credas
256 1317 349 1355 licet.
388 1318 427 1354 In
447 1331 527 1367 sqq.
550 1318 702 1363 δίκτυες
725 1322 764 1353 et

110 1369 259 1423 βόρυες,
271 1375 331 1423 qui
346 1375 430 1420 sint,
443 1375 610 1423 equidem
623 1374 763 1422 ignoro,

108 1443 187 1466 cum
207 1430 303 1467 nulla
320 1430 403 1466 alibi
423 1431 547 1467 harum
568 1431 763 1467 bestiarum

107 1488 253 1523 mentio.
307 1487 417 1523 Tleoes
445 1488 493 1524 de
520 1487 648 1535 quibus
672 1486 763 1522 Plin.

107 1543 157 1578 H.
186 1542 235 1582 N.
272 1542 356 1579 Vm
387 1543 504 1590 (52),
541 1544 616 1587 34,
655 1542 713 1578 alii
742 1554 764 1578 a

105 1598 293 1635 Bocharto
311 1600 455 1636 excitati
475 1599 510 1635 in
530 1598 678 1635 Hieroz.
701 1598 764 1643 llI,

110 1656 162 1694 12
192 1668 227 1704 p.
250 1653 332 1695 842
358 1667 464 1704 seq.‚
500 1659 584 1691 sunt
613 1654 764 1700 cluzcalz',

109 1723 138 1747 s.
176 1710 254 1760 lupi
289 1713 438 1748 cervarii
473 1711 600 1758 (canis
639 1724 766 1747 aureus

108 1766 250 1814 Lina).
308 1767 370 1804 Tu
408 1769 502 1804 conf.
532 1767 585 1812 Il,
617 1770 670 1807 67
703 1768 764 1804 fin.

109 1822 220 1860 Italus
238 1824 414 1873 interpres
438 1823 527 1860 citat
540 1822 654 1860 Millin
666 1823 763 1862 DisS.

111 1891 172 1916 sur
200 1879 232 1917 Ie
251 1879 356 1917 Thoe
389 1881 425 1916 in
444 1881 570 1918 Journ.
594 1881 629 1916 d.
653 1880 764 1928 Phys.

110 1935 200 1973 Dec.
225 1938 330 1976 1787
350 1949 401 1973 nr.
416 1936 452 1975 5.
472 1957 528 1963 *-
544 1931 764 1985 πάνθηρες,

111 1993 196 2040 qui,
227 1997 396 2029 monente
418 1992 573 2029 Cuviero
606 1993 652 2028 ad
674 1992 764 2028 Plin.

110 2047 462 2094 H.N.V111(23)‚
486 2051 536 2088 17
553 2061 588 2098 p.
610 2049 690 2088 419
710 2048 765 2084 di-

111 2105 247 2152 stingui
267 2105 402 2141 debent
424 2117 444 2140 a
460 2105 665 2153 pantheris,
684 2103 764 2140 No-

63 2166 66 2171 '
111 2160 176 2196 stri
196 2165 299 2197 erunt
315 2159 429 2197 l'arclz'
444 2160 619 2205 (Pautlwr
636 2173 663 2196 s.
675 2159 766 2196 Leo-

106 2217 233 2267 pard).
292 2215 474 2254 Accurate
506 2219 552 2254 de
588 2218 642 2253 his
671 2229 766 2253 nunc

110 2273 294 2310 monuisse
305 2287 318 2308 x
328 2274 410 2310 ideo
426 2273 467 2309 A.
482 2274 523 2309 F.
536 2274 764 2322 Wiegmann.

111 2329 150 2366 in
171 2329 292 2367 Oken.
322 2329 387 2366 Isis
420 2330 522 2370 1831
560 2331 584 2369 3
615 2343 651 2379 p.
683 2332 764 2370 287

112 2398 238 2435 seqq„
283 2399 355 2435 quo
395 2386 548 2423 docente
585 2381 765 2436 πάνθηρ,

114 2443 177 2489 qui
199 2456 222 2480 a
241 2443 390 2479 Graecis
423 2442 659 2492 scriptoribus
682 2448 766 2480 ante

114 2496 345 2535 Aristotelem
365 2504 663 2535 commemoratur
685 2503 721 2535 et
745 2511 767 2535 a

116 2567 189 2602 quo
217 2555 387 2603 distingui
417 2555 529 2592 debet
560 2551 766 2606 πάρδαλις,

115 2609 351 2659 probabiliter
400 2616 456 2649 est
508 2609 604 2647 Felis
649 2610 766 2648 Uncia

118 2665 236 2702 Gmel.
260 2662 474 2716 πάρδαλις,
515 2668 613 2716 quod
634 2667 768 2704 animal

117 2723 269 2759 seriores
285 2724 506 2771 potissimum
521 2729 732 2771 memorant,
747 2737 769 2761 a

115 2778 255 2816 Latinis
272 2778 378 2827 vulgo
398 2781 560 2817 redditur
580 2781 768 2830 panthera,

116 2847 188 2883 quo
235 2835 365 2872 eodem
405 2836 578 2873 vocabulo
618 2837 766 2882 Plinius,

116 2890 232 2928 minus
260 2903 457 2941 sanequam
480 2897 668 2942 accurate,
714 2893 768 2931 al-

820 814 936 846 terum
983 823 1130 860 quoque
1175 810 1307 848 animal

820 867 918 903 ficat.

876 920 943 960 καὶ
961 917 1204 973 κροκόδειλοι
1221 918 1317 961 ὅσον
1334 936 1374 960 τε
1391 937 1474 973 τρι-

820 974 962 1028 πήχεες
999 976 1186 1028 χερσαῖοι]
1246 978 1303 1016 De
1340 978 1475 1015 lacerta

820 1035 976 1072 stellione
1008 1034 1114 1071 Linn.
1151 1034 1304 1082 cogitari
1337 1036 1473 1083 nequit.

819 1091 1036 1139 Intelligitur
1055 1091 1170 1136 enim,
1202 1095 1241 1127 ut
1259 1104 1316 1128 me
1330 1091 1476 1128 edocuit

818 1147 1066 1193 Leuckartus,
1102 1147 1259 1183 Lacerta
1282 1146 1476 1184 Dracaena

818 1204 927 1241 Linn.
986 1204 1253 1253 (Tupinambis
1310 1203 1475 1240 niloticus

820 1260 934 1306 I)au.‚
961 1260 1125 1296 Varanus
1140 1259 1329 1301 Dracaena
1348 1259 1475 1307 Mern,

819 1317 983 1353 Monitor
1002 1317 1051 1352 du
1072 1316 1133 1352 Nil
1163 1329 1208 1352 ou
1230 1317 1379 1359 Quaran
1401 1316 1476 1352 Cu-

819 1374 928 1420 vier.)
948 1373 1002 1409 vel
1025 1372 1130 1410 etiam
1149 1372 1380 1421 Tupz'nambis
1397 1374 1477 1420 gri-

820 1442 897 1465 seus
937 1429 1032 1466 Dau.
1085 1429 1278 1475 (Varanus
1328 1430 1476 1466 Scincus

1361 810 1475 859 signi·

820 1486 954 1532 Mem,
1012 1485 1175 1522 Monitor
1220 1490 1393 1523 terrestre
1439 1485 1475 1522 d’

819 1542 968 1592 Egypte
1005 1543 1137 1587 Cuv),
1178 1542 1246 1578 nisi
1282 1547 1476 1590 utramque

822 1599 942 1649 potius
984 1598 1136 1635 bestiam
1170 1598 1320 1634 indicari
1351 1598 1478 1635 existi-

822 1667 909 1692 meS.
969 1654 1027 1691 De
1064 1655 1135 1703 qua
1171 1667 1237 1703 per
1267 1654 1476 1704 Aegyptum

821 1711 1001 1760 frequenti
1033 1710 1192 1760 Prosper
1219 1710 1337 1760 Alpin.
1374 1714 1477 1747 Rerr.

822 1768 997 1817 Aegyptt.
1010 1766 1108 1804 Libr.
1126 1766 1175 1802 lv
1193 1779 1227 1816 p.
1240 1769 1321 1807 217
1334 1765 1476 1816 (Lugd.

821 1825 905 1861 Bat.
930 1824 1048 1868 1735,
1062 1822 1118 1870 4.)
1143 1823 1216 1859 sic:
1236 1823 1407 1869 „Animal
1425 1823 1478 1859 la-

822 1886 1001 1918 certorum
1031 1885 1203 1916 terrestre
1230 1880 1410 1916 crocodilo
1430 1880 1478 1915 si-

822 1936 916 1973 mile.
929 1939 952 1957 “
990 1936 1050 1972 Tu
1073 1936 1144 1971 vid.
1166 1948 1312 1983 quoque
1331 1935 1476 1972 Cuvier.

822 1994 870 2029 ad
890 1992 981 2028 Plin.
1003 1992 1050 2027 H.
1070 1990 1119 2027 N.
1142 1991 1240 2036 VIII,
1261 1992 1315 2031 37
1335 2004 1370 2040 p.
1383 1990 1477 2032 442.

821 2069 877 2078 --
917 2049 976 2085 Tu
1017 2048 1110 2083 conf.
1157 2047 1266 2084 etiam
1307 2047 1476 2084 Bochart.

822 2104 971 2141 Hieroz.
989 2104 1052 2148 III,
1080 2106 1098 2143 1
1127 2116 1162 2153 p.
1186 2105 1293 2143 1060
1317 2116 1418 2152 seqq.
1440 2109 1478 2140 et

822 2160 964 2198 Herod.
988 2160 1033 2205 ΙΙ,
1056 2161 1120 2199 69.
1162 2159 1230 2197 Cr.
1253 2160 1383 2196 citarat
1404 2160 1478 2196 Co-

823 2216 961 2254 lomesii
985 2217 1108 2265 Opera
1131 2217 1188 2253 ed.
1209 2216 1236 2252 I.
1256 2215 1299 2252 A.
1320 2216 1478 2253 Fabricii

822 2287 859 2324 p.
878 2275 970 2313 831.
984 2274 1063 2312 832
1081 2272 1202 2321 ibique
1218 2271 1313 2309 laud.
1325 2272 1477 2310 Salmas.

822 2331 870 2367 ad
898 2329 1012 2366 Solin.
1043 2341 1128 2379 pag.
1153 2330 1245 2369 873.
1298 2327 1359 2365 Ad
1387 2326 1479 2382 τῇσι

824 2381 995 2439 σαύρῃσι
1015 2387 1107 2422 conf.
1128 2390 1218 2422 nott.
1241 2386 1287 2422 ad
1307 2384 1368 2431 IV,
1386 2386 1477 2425 183.

822 2462 877 2470 -—-
898 2442 1083 2492 Serpentes
1102 2446 1258 2479 cerastas
1278 2442 1477 2479 invenimus

824 2511 932 2549 supra
951 2499 997 2545 II,
1019 2499 1083 2539 74.

880 2551 979 2605 ὅπερ
1000 2557 1047 2608 τῇ
1072 2551 1184 2608 ἄλλῃ]
1227 2554 1285 2591 Cf.
1310 2553 1385 2599 III,
1412 2554 1476 2592 61.

822 2611 905 2649 Duo
923 2612 1076 2648 Parisini
1095 2608 1191 2649 ἅλλα
1207 2612 1257 2664 τῇ
1274 2606 1384 2663 α’λλῃ,
1402 2609 1478 2656 ubi,

824 2673 995 2705 monente
1007 2668 1188 2716 Schwgh„
1205 2667 1364 2716 oportuit
1381 2662 1478 2703 ἄλλα

826 2720 925 2775 ὅπερ
944 2726 994 2778 τῇ
1013 2721 1131 2778 ἄλλῃ,
1165 2724 1263 2759 unde
1280 2723 1402 2774 potius
1421 2734 1479 2758 re-

825 2781 1060 2830 fingendum,
1106 2785 1255 2817 auctore
1282 2779 1429 2814 Struvio
1461 2777 1477 2813 Ι

824 2850 862 2887 p.
885 2839 1018 2878 1213
1046 2835 1112 2874 καὶ
1147 2831 1269 2886 τάπερ
1297 2836 1347 2887 τῇ
1380 2831 1477 2886 ἕὶλλῃ

825 2898 888 2932 aut
907 2891 974 2932 καὶ
991 2890 1109 2932 τᾶλλα
1127 2888 1248 2944 τάπερ
1271 2892 1320 2944 τῇ
1339 2887 1448 2943 ἄλλῃ.
