1904 3304
13 618 146 700 ‘88

503 263 1056 306 MELPOMENE.
1113 269 1173 306 IV.

1384 271 1466 311 447

216 375 474 429 κατελείφθη
504 374 620 429 παρὰ
650 379 729 419 τοῦ
754 375 979 420 Διονύσου
1000 378 1076 420 τὸν
1102 376 1208 432 νηὸν
1239 377 1285 419 έν
1302 380 1490 429 Βυζαν-1

188 444 313 499 ὅτίῳ,
342 445 604 501 γραμμάτων
629 446 865 500 Ἀσσυρίων
892 447 1033 498 πλέος.

1095 451 1182 490 Τοῦ
1221 448 1266 491 δὲ
1297 447 1464 491 Βοσπό-

213 530 295 567 ρου
324 513 347 558 ὁ
377 521 516 571 χῶρος
546 519 621 561 τὸν
656 520 790 571 ἔζευξε
820 518 1019 574 βασιλεύς
1048 523 1254 573 Δαρεῖος,
1288 517 1346 570 ὥς
1370 519 1465 574 ἐμοὶ

208 585 375 628 δοκέειν
405 591 760 646 συμβαλλομένῳ,
792 590 923 645 μέσον
953 589 1039 632 ἐστὶ
1063 591 1303 643 Βυζαντίου
1325 606 1368 632 τε
1388 589 1460 632 καὶ

203 659 283 698 τοῦ
324 657 389 699 ἐπὶ
430 659 608 716 στόματι
653 663 763 716 ἷρού.

151 821 406 859 caedebantur.
462 822 518 859 De
549 836 621 872 quo
644 823 800 860 Pausan.

148 876 286 913 Lacon.
323 881 395 924 16,
425 881 460 918 6.
519 879 715 929 Spanhem.
754 879 801 914 ad

149 932 359 970 Calliinach.
400 935 436 970 in
472 934 576 971 Dian.
612 935 710 980 174,
755 947 801 971 ne

147 988 265 1038 plura.
310 990 366 1027 De.
382 992 459 1040 ipsa
471 991 540 1027 dea
558 991 614 1027 vix
629 997 685 1028 est
702 991 800 1038 quod

147 1058 312 1082 moneam
333 1051 415 1095 post
433 1046 603 1084 Creuzeri
628 1047 800 1097 disputat.

145 1101 181 1137 in
206 1101 424 1139 Commentt.
455 1103 622 1140 Herodd.
655 1117 691 1152 p.
718 1101 799 1143 247

147 1169 249 1206 seqq.
273 1157 353 1207 (qui
375 1159 469 1196 idem
490 1172 584 1196 nunc
609 1160 698 1196 addi
722 1158 799 1195 vult

147 1213 198 1250 M.
217 1214 263 1250 de
284 1214 531 1263 Stackelberg.
552 1215 629 1252 Der
649 1215 798 1265 Apollo-

147 1269 279 1318 tempel
310 1284 355 1307 zu
382 1272 519 1308 Bassae
550 1272 587 1308 in
618 1271 798 1308 Arcadien

147 1338 183 1374 p.
214 1326 290 1365 135
311 1328 434 1376 seqq.)
464 1327 540 1364 coll.
572 1329 613 1364 C.
636 1328 680 1364 O.
704 1327 799 1364 Miil-

146 1381 207 1418 ler.
230 1381 318 1419 Dor.
347 1383 359 1418 1
394 1397 430 1433 p.
460 1385 537 1424 381
571 1396 673 1432 seqq.
719 1383 799 1421 Nec

146 1438 294 1484 mirum,
332 1439 423 1476 deae
451 1440 552 1476 istius
581 1439 714 1476 lunaris
740 1452 799 1476 sa-

145 1506 217 1540 cra,
240 1494 408 1541 Doribus‚
421 1501 459 1532 ut
470 1497 625 1542 videtur,
644 1497 797 1533 maxime

143 1550 290 1599 propria
322 1555 358 1587 et
388 1564 431 1588 ex·
457 1552 535 1600 ipsa
565 1552 732 1599 Scythica
767 1565 796 1588 s.

143 1604 301 1642 Taurica
319 1610 415 1644 terra
434 1608 468 1643 in
482 1608 670 1644 Graeciam
688 1607 796 1645 allata

143 1673 238 1710 quae
254 1662 470 1707 dicerentur,
500 1664 648 1713 posthac
669 1665 705 1700 in
718 1663 796 1700 Do-

142 1730 220 1754 rum
244 1731 390 1767 quoque
416 1720 592 1763 colonias,
632 1721 679 1757 ad
702 1733 792 1769 quas

140 1773 358 1821 Byzantium
415 1776 630 1825 pertinuisse
685 1789 791 1813 nemo

142 1830 280 1876 nescit,
320 1844 391 1868 una
410 1845 489 1869 cum
519 1834 654 1869 colonis
675 1837 792 1869 trans-

141 1890 244 1922 vecta
269 1887 390 1924 fuisse.
448 1888 501 1925 Ae
527 1888 651 1938 procul
681 1889 791 1925 dubio

140 1941 352 1979 Herodotus
367 1943 536 1993 Byzantii
553 1950 792 1982 commoratus

142 1997 288 2046 suisque
308 1999 440 2045 oculis,
471 2013 563 2049 quae
582 2001 636 2037 hic
656 2014 792 2038 memo-

143 2053 217 2090 riae
234 2055 415 2103 prodidit,
441 2057 702 2106 contemplatus
722 2061 791 2094 est.

142 2108 239 2146 Nam
261 2111 323 2160 qui
340 2111 448 2149 Ponti
471 2112 560 2149 vidit
579 2125 681 2158 oraS,
712 2126 792 2150 eum

140 2165 359 2213 Byzantium
376 2181 523 2217 quoque
541 2169 702 2216 venisse,
727 2169 793 2205 du-

141 2221 249 2259 bitari
267 2225 404 2273 nequit.
453 2225 561 2262 Conf.
584 2224 708 2273 Heyse
726 2224 747 2261 Ι.
769 2224 790 2261 Ι.

138 2289 225 2327 pag·
249 2281 338 2321 129.

197 2332 250 2381 ὥς
275 2334 362 2386 ε’μοὶ
391 2335 541 2375 δοκέειν
568 2337 790 2387 συμβαλλο-

141 2388 258 2444 μένῳ]
303 2391 455 2431 δοκέειν
483 2406 503 2430 e
530 2394 672 2430 duobus
693 2393 790 2430 libris

141 2447 215 2483 iure
237 2453 420 2499 receptum
452 2463 518 2499 pro
549 2448 684 2488 δοκέει.
733 2450 789 2486 Cf.

142 2501 188 2546 ll,
212 2503 300 2544 124.
333 2505 429 2552 VIII,
451 2507 517 2546 30.
565 2505 626 2542 Ad
654 2506 790 2554 signifi-

143 2558 319 2596 cationem
354 2562 453 2599 verbi
493 2558 789 2612 συμβάλλεσθαι

142 2614 235 2650 conf.
254 2614 280 2660 Ι,
301 2617 363 2657 68.
390 2618 435 2665 ll,
457 2620 521 2658 33.
547 2619 608 2665 ΙΙΙ,
625 2621 690 2659 68.
709 2618 789 2665 VII,

142 2667 208 2708 24.
230 2670 319 2711 184.
346 2674 434 2713 187.
461 2674 560 2721 VIII,
579 2677 644 2715 30.

200 2723 318 2774 μέσον
335 2725 412 2766 ε’στὶ
429 2732 645 2776 Βυζαντίου
661 2746 701 2769 τε
721 2728 787 2768 καὶ

142 2781 212 2818 τοῦ
232 2780 294 2820 ἐπὶ
317 2779 475 2833 στόματι
497 2787 598 2837 ἱροῦ]
630 2788 714 2824 Duo
734 2787 787 2823 lo-

143 2849 196 2884 ca,
218 2838 310 2875 inter
330 2851 422 2888 quae
443 2843 598 2880 medium
614 2845 787 2881 struxisse

141 2893 286 2931 videtur
299 2900 450 2945 pontem
468 2897 620 2946 Darius,
651 2912 694 2937 ea
711 2899 788 2937 vult

843 665 1026 714 Δαρεῖος
1066 662 1111 704 δὲ
1150 660 1255 716 μετὰ
1294 663 1486 711 ταῦτα,5

857 833 936 857 esse
971 821 1113 867 Kruse‚
1163 834 1315 868 quornm
1359 821 1510 859 alterum

856 889 950 912 nune
976 881 1122 913 vocetur
1148 876 1305 913 Anadolz’
1325 876 1453 914 Kavak
1480 891 1509 915 s.

856 933 964 968 maris
992 934 1093 981 nigri
1120 933 1319 979 castellum,
1359 934 1510 971 alterum

856 1001 921 1037 pro
949 990 1047 1038 apice
1065 989 1200 1038 palatii
1222 989 1510 1039 Constantinopo-

858 1044 966 1081 litanz'
985 1045 1128 1094 (Seraz'l
1146 1058 1241 1082 nunc
1257 1047 1401 1094 vocant)
1427 1059 1510 1095 per-

856 1101 1041 1148 hibeatur,
1072 1101 1131 1138 ubi
1154 1101 1235 1138 olim
1256 1102 1426 1151 Byzantii
1446 1114 1510 1139 arx

855 1158 1044 1207 ipsumque
1055 1158 1197 1195 Dianae
1208 1158 1400 1196 Orthosiae
1418 1162 1509 1195 tem-

854 1213 963 1262 plum.
981 1236 1036 1241 —
1066 1211 1150 1265 ἷρὸν
1166 1215 1201 1250 in
1223 1215 1386 1252 faucibus
1403 1214 1509 1251 Ponti

855 1269 964 1306 situm
1010 1269 1134 1320 procul
1175 1271 1285 1307 dubio
1324 1275 1380 1308 est
1414 1270 1510 1308 Iovis

859 1324 941 1361 Uria·
976 1327 1157 1376 templum,
1195 1340 1215 1363 e
1253 1339 1325 1375 quo
1360 1327 1439 1376 ipso
1472 1327 1508 1364 in

854 1381 1013 1419 Pontum
1037 1384 1268 1431 navigaturos
1286 1382 1436 1420 solvisse
1454 1386 1509 1420 te-

855 1442 972 1474 statur
1000 1438 1142 1475 Arrian.
1169 1439 1204 1475 in
1223 1438 1353 1488 Peripl.
1374 1437 1409 1489 ἓ.
1434 1441 1506 1485 113

855 1494 974 1531 lovem
1010 1495 1194 1541 nimirum,
1233 1496 1293 1544 qui
1328 1496 1507 1532 secundos

852 1558 979 1586 ventos
1026 1563 1315 1600 prosperumque
1362 1564 1506 1588 cursum

851 1607 1066 1654 praeberet,
1101 1607 1218 1653 (unde
1255 1605 1339 1642 Uria·
1373 1620 1506 1645 nomen

849 1661 963 1709 illius)
993 1663 1214 1699 invocantes.
1262 1662 1304 1700 In
1333 1675 1506 1713 promon-

848 1719 946 1754 torio
982 1719 1057 1756 sive
1091 1719 1232 1756 editiori
1254 1718 1357 1765 loco,
1396 1732 1503 1769 quem

849 1774 968 1811 adhuc
999 1774 1079 1811 Ioro
1114 1775 1304 1826 (corrupto
1335 1775 1409 1812 scil.
1435 1788 1502 1812 no-

849 1831 946 1869 mine
967 1845 1011 1868 ex
1035 1827 1136 1882 ἷρόν)
1166 1832 1285 1868 vocari
1304 1836 1428 1869 auctor
1446 1836 1504 1869 est

849 1887 1092 1935 Tournefort,
1143 1888 1250 1925 situm
1296 1886 1383 1925 illud
1424 1889 1504 1935 fuit,

849 1944 1074 1993 maximeque
1123 1944 1366 1990 celebratum,
1424 1957 1503 1981 cre-

849 1999 949 2036 brius
966 2000 1051 2037 inde
1070 2000 1221 2050 simplici
1241 2000 1360 2049 templi
1375 2013 1403 2036 s.
1416 1999 1505 2049 fani

849 2056 1014 2103 nomine,
1062 2061 1103 2092 ut
1136 2069 1168 2092 v.
1197 2070 1227 2093 c.
1257 2057 1294 2092 in
1319 2055 1501 2104 Anonym.

849 2111 1044 2149 Stadiasm.
1065 2111 1213 2160 Prolog.
1236 2111 1302 2159 (T.
1320 2112 1352 2148 ΙΙ
1370 2125 1405 2161 p.
1421 2111 1503 2152 434-

850 2167 906 2204 ed.
930 2167 1039 2214 Gail„
1061 2169 1159 2205 euius
1181 2172 1306 2205 notata
1326 2169 1396 2205 vid.
1417 2168 1503 2205 ibid.

850 2236 934 2273 pag.
953 2223 1034 2265 503
1064 2225 1160 2274 seq.)
1184 2224 1342 2262 Causam
1362 2224 1504 2274 aperuit

849 2279 990 2318 Arrian.
1018 2280 1149 2330 Peripl.
1180 2280 1247 2327 (T.
1268 2281 1317 2317 ΙΙΙ
1343 2293 1428 2331 pag.
1448 2282 1500 2320 62

848 2348 924 2385 seq.
954 2337 1011 2374 ed.
1035 2334 1214 2387 Gaii.)§.
1243 2340 1311 2378 12:
1333 2358 1384 2363 —
1425 2340 1501 2374 κεῖ-

847 2407 909 2430 ται
937 2392 1092 2449 χωρίον
1120 2388 1332 2444 λεγόμενον
1371 2389 1500 2460 Ιερόν,

847 2447 889 2487 ἐν
923 2450 952 2502 ᾠ
988 2444 1085 2495 ναός
1110 2448 1189 2488 ἐστι
1218 2446 1317 2494 Διος
1348 2444 1500 2501 Ου’ρίου

848 2501 951 2543 ου’τω
959 2505 1385 2575 προσαγορευομένου·
1409 2507 1496 2544 τοῦ-

845 2575 888 2599 το
930 2558 973 2600 δὲ
1013 2559 1054 2602 τὸ
1093 2563 1252 2627 χωρίον
1275 2557 1496 2612 ἄφετήριόν

845 2616 924 2656 ἐστι
943 2621 1024 2665 τοῖς
1046 2618 1097 2665 εις
1109 2633 1179 2657 τον
1193 2613 1348 2657 Πόντον
1358 2616 1495 2657 πλέου-

845 2686 918 2712 σιν.
937 2696 992 2701 -
1028 2671 1070 2714 τὸ
1093 2671 1199 2742 ἱερὸν
1224 2677 1294 2714 τοῦ
1317 2671 1409 2721 Διὸς
1424 2676 1496 2713 τοῦ

842 2725 992 2781 Ου’ρίου
1027 2729 1143 2781 διέχει
1174 2726 1252 2770 α’πὸ
1278 2731 1494 2777 Βυζαντίου

844 2788 1026 2834 σταδίους
1067 2787 1192 2826 εἴκοσι
1231 2786 1298 2825 καὶ
1334 2782 1492 2826 ἑκατόν·

842 2842 908 2881 καὶ
937 2843 1040 2883 ἔστιν
1062 2839 1291 2883 στενότατον
1308 2839 1427 2908 ταύτῃ
1451 2858 1493 2881 το

843 2894 964 2951 στόμα
1004 2902 1077 2939 τοῦ
1108 2895 1264 2939 Πόντου
1301 2896 1493 2949 καλούμε-

1533 656 1722 684 Mandrocles
1756 666 1774 685 a

1517 690 1607 717 Dario
1653 692 1788 725 donatus,
