1904 3304
411 218 497 259 384
803 217 1273 259 HERODOTI

414 327 487 370 λοί
516 343 559 370 τε
588 327 661 370 καὶ
690 326 844 383 λάβροι
873 325 958 370 σύν
988 326 1122 384 αὐτῇ·
1164 328 1233 372 ὕει
1261 330 1344 385 γὰρ
1375 328 1430 385 δή
1459 329 1507 374 τὸ
1536 331 1678 386 θέρος.

387 398 508 458 δόσῳ
550 399 595 442 δὲ
634 397 767 441 πλέον
804 395 872 440 ἐπ’
915 398 1080 442 ἑωυτὸν
1107 398 1226 452 ὕδωρ
1258 398 1281 443 ὁ
1312 399 1435 456 ἥλιος
1463 401 1682 447 ἐπέλκεται

416 471 464 514 ἐν
493 474 554 528 τῷ
583 469 704 524 θέρεϊ
730 469 759 525 ἦ
790 468 837 511 ἐν
867 473 928 526 τῷ
957 472 1157 524 χειμῶνι,
1197 470 1391 528 τοσούτῳ
1422 471 1475 514 τὰ
1504 484 1684 529 συμμισ-

413 541 579 597 γόμενα
623 544 685 598 τῷ
721 539 877 598 Ἴστρῳ
924 538 1224 596 πολλαπλήσια
1270 541 1359 584 ἐστι
1405 547 1486 585 τοῦ
1531 545 1684 599 θέρεος

414 613 524 670 ἥπερ
556 616 635 656 τοῦ
663 616 895 667 χειμῶνος·
940 608 1245 667 ἀντιτιθέμενα
1285 613 1331 656 δὲ
1360 616 1519 665 ταῦτα,
1564 614 1742 659 ἄντι-50

417 683 607 740 σήκωσις
653 684 842 739 γίνεται,
895 681 1004 726 ὥστε
1041 684 1151 734 ,ἴσον
1198 700 1274 739 μιν
1323 684 1406 727 αἰεὶ
1451 687 1686 741 φαίνεσθαι

416 755 556 798 ἐόντα.

289 816 354 862 51
529 824 610 877 Εἷς
651 826 729 882 μὲν
769 826 822 882 δὴ
853 829 942 869 τῶν
979 829 1190 880 ποταμῶν
1219 829 1333 868 τοῖσι
1362 824 1572 882 Σκύθῃσί
1601 827 1688 871 ἐστι

81 883 180 979 ῗῗιὲξῗ
143 882 237 911 ”udus
206 882 363 953 ωιιξιῗιιίιὲζ
420 896 445 941 ὁ
475 897 668 952 Ἴστρος·
730 896 835 952 μετὰ
876 897 921 941 δὲ
960 901 1141 950 τοῦτον,
1187 895 1350 952 Τύρης·
1412 895 1459 947 ὃς
1495 896 1579 941 ἀπὸ
1617 903 1690 955 βο-

82 961 120 985 ‘⁸¹¹
124 952 292 1019 ⁵³⁰}
282 960 360 1012 ε’ἷ-ἀῖἶ
416 969 500 1024 ρέω
547 969 626 1024 μὲν
673 966 839 1024 ἀνέμου
888 966 1096 1023 ὁρμᾶται,
1159 967 1332 1023 ἄρχεται
1383 968 1429 1010 δὲ
1481 969 1592 1023 ῥέων
1643 971 1690 1013 ἐκ

886 1038 914 1095 ἣ
953 1037 1114 1094 οὐρίζει
1152 1039 1232 1095 τήν
1273 1054 1316 1082 τε
1345 1041 1579 1096 Σκυθικὴν
1616 1041 1690 1083 καὶ

82 986 138 1013 Ne·
179 985 196 1012 d

80 1019 358 1088 fflrffeynary‘mlss
415 1044 569 1124 λίμνης
608 1038 819 1096 μεγάλης,

387 1119 408 1152 2
419 1128 499 1167 την
545 1112 744 1164 Νευρίδα
805 1114 903 1166 γῆν.

417 1183 700 1237 κατοίκηνται
757 1180 962 1238 ’Ἕλληνες
983 1213 996 1233 ,

357 1329 465 1383 βροι]
491 1326 640 1383 λάβρος
660 1331 812 1379 dicitur,
843 1331 1024 1381 quidquid

358 1388 558 1426 violentum
573 1394 627 1425 est
646 1401 690 1425 ae
706 1389 916 1434 vehemens,
937 1401 1026 1425 ven-

360 1445 482 1494 tisque
501 1445 589 1482 inde
607 1446 792 1492 tribuitur,
816 1445 936 1491 undis,
959 1445 1027 1482 im-

360 1502 505 1548 bribus,
536 1502 627 1539 aliis.
685 1501 796 1538 Plura
818 1501 1023 1538 Blomfield.

360 1558 526 1596 Glossar.
550 1559 598 1595 ad
619 1558 785 1608 Aeschyl.
804 1559 905 1596 Pers.
934 1556 1024 1598 114.

361 1614 481 1653 Tafel.
529 1613 715 1652 Dilucidd.
763 1615 930 1652 Pindarr.
975 1614 1025 1651 ad

360 1670 507 1720 Olymp.
530 1670 562 1706 ΙΙ
584 1684 671 1721 pag.
697 1671 788 1712 156.
811 1692 867 1699 —
893 1671 933 1707 ln
953 1670 1026 1708 fine

363 1739 442 1778 cap.
472 1727 723 1764 Florentinum
754 1733 897 1765 secutus
926 1727 1027 1764 codi-

363 1797 441 1822 cem
470 1784 615 1821 exhibui
647 1780 946 1835 πολλαπλήσια,
989 1788 1027 1820 ut

362 1841 428 1887 ΙΙΙ,
456 1840 549 1881 135.
594 1840 760 1889 Reliqui:
800 1835 1027 1879 πολλαπλά-

363 1909 439 1936 σια.
473 1918 529 1924 —
566 1896 625 1934 Ad
663 1892 929 1947 α’ντισήκωσις
958 1898 1023 1934 Cr.

361 1955 455 1992 cons.
486 1954 535 1991 ad
556 1953 687 1990 Plotin.
722 1967 758 2004 p.
778 1957 832 1995 37
857 1956 950 1991 infra
977 1955 1025 1991 ad

363 2010 400 2057 Ι,
426 2010 473 2057 4,
503 2008 578 2056 14,
609 2010 671 2047 nbi
699 2010 915 2048 vocabulum
945 2024 1026 2048 esse

362 2068 542 2105 medicum
565 2067 676 2112 dixit,
716 2066 874 2104 laudatis
891 2068 1025 2105 Foesio

362 2125 399 2161 in
422 2124 624 2161 Oeconom.
654 2123 872 2174 Hippocrat.
902 2138 938 2174 p.
959 2124 1025 2165 41.

359 2180 528 2231 Lennep.
549 2180 596 2217 ad
617 2179 798 2218 Phalarid.
823 2194 908 2231 pag.
936 2183 1025 2222 187.

360 2236 569 2275 Blomfield.
595 2237 643 2274 ad
661 2234 831 2287 Aeschyl.
849 2237 951 2275 Pers.
973 2250 1025 2275 vs.

362 2292 468 2342 443,
500 2293 590 2330 aliis.

595 2349 704 2400 Cap.
734 2349 797 2386 LI.

425 2399 575 2457 Τύρης]
606 2406 664 2442 Cf.
683 2406 747 2452 lv,
772 2407 831 2445 11.
864 2404 962 2442 Mela
980 2406 1027 2452 ΙΙ,

368 2465 406 2509 1,
426 2461 492 2503 74.
523 2461 702 2499 Ammian.
728 2435 889 2500 Marcell.
908 2462 1025 2509 XXIl,

366 2521 404 2559 8.
446 2518 662 2568 Byzantinis
697 2519 935 2566 scriptoribus
970 2524 1028 2557 est

367 2575 575 2612 Danastrz‘s.
609 2574 729 2612 Multa
745 2575 781 2612 T
784 2575 963 2612 zschucke
978 2576 1025 2612 ad

366 2631 489 2670 Melae
509 2631 531 2668 l.
553 2631 575 2668 l.
597 2644 683 2682 pag.
702 2634 755 2672 39
778 2636 870 2668 nott.
896 2645 1025 2681 exegg.

367 2687 446 2726 Vol.
473 2688 523 2725 111
554 2687 595 2724 Ρ.
618 2688 660 2724 ll.
709 2689 828 2732 Quem
848 2701 943 2725 nunc
965 2702 1026 2725 vo-

367 2745 441 2783 cari
486 2743 670 2792 Dniester,
736 2746 822 2782 satis
871 2749 1027 2782 constat.

367 2805 491 2852 Aquae
525 2802 826 2850 significationem
870 2805 1026 2850 utroque

366 2859 513 2896 nomine
537 2858 715 2896 contineri
735 2857 873 2896 volunt.
918 2857 1026 2896 Conf.

995 1109 1066 1153 ἐπὶ
1114 1109 1159 1153 δὲ
1205 1114 1267 1166 τῷ
1317 1110 1497 1166 στόματι
1552 1111 1746 1156 αὐτοῦόὅ

1087 1183 1129 1224 οἳ
1197 1184 1379 1236 Τυρῖται
1447 1183 1689 1226 καλέονται.

1083 1334 1176 1368 nott.
1199 1331 1247 1368 ad
1264 1331 1337 1378 IV,
1366 1330 1430 1373 48.
1479 1331 1539 1370 De
1558 1345 1631 1382 quo
1653 1346 1748 1371 nunc

1083 1399 1261 1437 quaerere
1282 1400 1357 1424 non
1376 1393 1493 1426 vacat.
1542 1388 1576 1424 A
1599 1395 1746 1440 septen-

1083 1444 1201 1481 tr10ne
1249 1445 1350 1493 quod
1392 1445 1624 1484 delabentem
1662 1448 1748 1484 facit

1082 1500 1295 1537 Herodotus
1326 1502 1494 1548 fluvium,
1537 1504 1598 1551 qui
1621 1516 1749 1541 revera

1084 1557 1130 1593 ab
1153 1557 1347 1593 occidente
1364 1559 1412 1594 ad
1435 1560 1613 1596 orientem
1629 1561 1746 1608 magis

1084 1613 1264 1659 decurrat,
1295 1613 1333 1648 id
1352 1615 1604 1664 explicandum
1625 1629 1667 1653 ex
1689 1630 1746 1663 ea,

1084 1681 1193 1718 quam
1223 1668 1363 1706 Noster
1386 1671 1455 1707 sibi
1486 1671 1612 1719 finxit,
1653 1672 1746 1710 illius

1083 1738 1169 1762 orae
1191 1725 1305 1761 forma
1325 1740 1367 1763 ae
1385 1728 1519 1777 specie.

1141 1779 1300 1831 ἄρχεται
1329 1781 1371 1821 ὸὲ
1402 1783 1504 1831 ῥέων
1535 1783 1576 1823 ἐκ
1605 1784 1748 1835 λίμνης

1085 1834 1273 1889 μεγάλης]
1306 1839 1388 1877 Hoc
1409 1841 1517 1890 plane
1530 1841 1653 1878 fictum
1668 1854 1748 1880 esse

1083 1894 1288 1944 falsumque
1300 1900 1335 1932 t1
1338 1897 1398 1933 adi
1410 1898 1543 1935 iudicat
1552 1898 1747 1935 Reichard.

1083 1951 1106 1987 l.
1126 1951 1147 1988 l.
1169 1964 1257 2001 pag.
1281 1951 1357 2000 43,
1395 1968 1476 1991 cum
1499 1954 1598 1992 hicce
1615 1956 1746 1993 fluvius

1084 2020 1196 2058 supra
1219 2009 1337 2046 vicum
1356 2009 1508 2048 l‘Volcza
1530 2011 1678 2050 minime
1702 2025 1746 2050 ex

1083 2064 1163 2101 lacu
1182 2067 1384 2115 proveniat.
1431 2068 1513 2106 Nec
1537 2069 1654 2117 magis
1683 2081 1747 2106 eo-

1084 2121 1169 2158 dem
1220 2128 1371 2161 auctore
1406 2124 1595 2173 Scythiam
1631 2125 1690 2163 ille
1723 2137 1746 2162 a

1081 2177 1248 2216 Neuride
1268 2180 1434 2230 seiungit.
1463 2181 1745 2219 Heeren.1deeu

1084 2234 1114 2281 I,
1133 2236 1159 2273 2
1177 2248 1264 2286 pag.
1285 2238 1368 2277 268
1396 2237 1442 2275 de
1471 2237 1635 2275 orientali
1663 2237 1700 2274 Τ
1701 2251 1744 2287 y-

1085 2303 1147 2329 rae
1187 2292 1336 2330 brachio
1372 2294 1531 2342 cogitat,
1576 2288 1675 2342 quod
1706 2295 1742 2330 in

1087 2346 1245 2396 Galitia,
1277 2350 1313 2386 in
1335 2361 1433 2399 pago
1445 2350 1628 2387 Sombron
1646 2351 1742 2387 oria-

1084 2408 1155 2441 tur.
1188 2426 1238 2432 —
1268 2404 1327 2442 De
1351 2404 1485 2443 Neuris
1512 2406 1667 2444 diximus
1695 2407 1742 2443 ad

1084 2460 1146 2508 lv,
1169 2462 1452 2501 17.—Retinui
1473 2459 1643 2513 ἄρχεται,
1661 2476 1741 2501 cum

1083 2516 1178 2554 male
1197 2517 1234 2553 in
1258 2518 1475 2566 quibusdam
1502 2518 1599 2556 libris
1625 2524 1744 2558 exstet

1084 2572 1243 2625 ἔρχεται.
1280 2575 1336 2611 Cf.
1355 2574 1402 2621 ll,
1424 2578 1485 2616 17.
1506 2576 1574 2616 33.
1602 2574 1743 2623 1V,49.

1142 2631 1181 2669 οἳ
1223 2632 1383 2681 Τυρῖται
1414 2630 1640 2682 καλέονται]
1683 2632 1742 2671 De

1083 2687 1171 2724 urbe
1195 2685 1296 2737 Tyra
1319 2687 1536 2737 intelligunt,
1559 2694 1653 2727 teste
1665 2689 1739 2726 Pli-

1082 2744 1143 2781 nio
1165 2744 1227 2789 ΙΙ,
1247 2745 1300 2783 26
1319 2743 1431 2795 (12):
1461 2746 1604 2791 „clarus
1624 2746 1740 2783 amnis

1086 2799 1200 2851 Tyra,
1225 2802 1362 2851 oppido
1381 2815 1516 2840 nomen
1536 2803 1742 2853 imponens,

1083 2858 1144 2895 ubi
1183 2862 1294 2895 antea
1324 2857 1491 2908 Ophiusa
1515 2859 1742 2898 dicebatur.“
