1904 3304
554 226 899 267 THALIA.

959 228 1023 270 ΙΙΙ.
1340 232 1423 272 129

151 339 211 391 εἷς
237 354 281 382 τε
310 337 473 393 πατρὸς
503 335 702 394 οἷγαθοῦ,
744 336 819 381 καὶ
847 337 1072 393 ἐκφαίνειν
1108 336 1253 390 ἐόικας
1283 349 1422 383 σεωυ-

121 409 233 452 5τὸν
275 407 402 452 ἐόντα
447 413 528 452 τοῦ
571 408 735 464 πατρὸς
784 407 916 452 οὐδὲν
956 408 1088 465 ἥσσω.

1155 407 1235 465 τήν
1271 411 1422 466 μέντοι

149 479 412 536 ἐπιχείρησιν
450 480 614 537 ταύτην
660 479 718 536 μὴ
763 479 879 523 οὕτω
927 479 1163 535 συντάχυνε
1206 478 1423 537 ἀβούλως,

149 547 246 593 ἀλλ’
279 550 347 594 ἐπὶ
377 550 424 595 τὸ
455 551 816 607 σωφρονέστερον
846 548 982 606 αὐτὴν
1001 549 1208 606 λα’μβανε.
1256 554 1325 596 δεῖ
1337 552 1423 609 γὰρ

120 624 340 673 6πλεῦνας
369 623 654 679 γενομένους,
685 622 802 667 οὕτω
831 622 1120 677 ἐπιχειρέειν.“
1161 621 1290 678 Λέγει
1312 621 1479 678 apog-45

147 697 286 736 ταῦτα
315 697 501 749 Δαρεῖος
516 708 525 717 ·

586 693 791 749 ,,”Ανδρες
820 695 864 737 οἱ
892 693 1154 748 παρεόντες,
1184 692 1332 754 τρόπῳ
1362 697 1425 754 τῷ

148 763 358 821 εἰρημένῳ
401 764 444 818 ἐξ
481 764 667 809 Ὀτάνεω
717 767 754 808 εἰ
793 763 1031 821 χρήσεσθε,
1083 764 1317 810 ἐπίστασθε
1356 765 1425 810 ὅτι
1487 787 1491 791 ·

148 833 383 879 ἀπολέεσθε
410 835 602 880 κάκιστα.
664 837 816 888 ἐξοίσει
851 834 936 891 γάρ
975 853 1039 887 τις
1076 835 1189 890 πρός
1217 836 1296 880 τὸν
1325 836 1424 880 Μά-

118 914 254 964 7γον,
294 908 383 964 ἰδίῃ
425 908 789 964 περιβαλλόμενος
827 906 978 963 ἑωυτῷ
1015 906 1181 960 κέρδεα.
1240 906 1426 963 μάλιστα

149 977 229 1034 μέν
275 995 360 1022 νυν
408 977 610 1035 ω’φείλετε
655 976 726 1023 ἐπ’

89 1112 269 1164 proderit)
292 1113 424 1151 Matth.
441 1115 506 1151 Gr.
523 1115 589 1152 Gr.
612 1114 758 1167 §.457,

95 1173 132 1213 3.
163 1170 258 1207 Add.
278 1171 342 1217 III,
365 1173 419 1212 72
442 1171 501 1208 fin.
522 1175 588 1213 82.
628 1174 694 1220 IX,
721 1173 759 1213 5

154 1223 210 1273 εἷς
245 1241 284 1265 τε
318 1224 468 1278 πατρός
500 1224 660 1280 α’γαθοῦ
691 1227 759 1267 καὶ

98 1283 303 1332 ἐκφαίνειν
337 1282 485 1335 ἔοικας]
532 1286 677 1323 Graeca
705 1286 760 1321 vi-

97 1341 203 1378 detur
239 1342 443 1387 sententia,
482 1341 602 1378 Persis
628 1342 662 1379 h.
685 1341 707 1378 l.
737 1355 760 1379 a

99 1397 243 1434 Graeco
266 1409 384 1434 rerum
411 1397 587 1448 scriptore
609 1400 759 1437 tributa.

100 1453 184 1496 Quo
203 1453 292 1489 tacit
312 1453 446 1490 locutio
470 1449 583 1493 αὕτοί
602 1469 642 1493 τε
667 1450 760 1507 α’γα-

97 1508 171 1547 θοὶ
199 1508 265 1547 καὶ
299 1508 337 1557 ἐξ
366 1505 556 1559 α’γαθων,
605 1513 651 1549 de
687 1525 760 1561 qud

96 1565 290 1602 Heindorf.
315 1567 362 1603 ad
382 1566 474 1604 Plat.
494 1567 649 1605 Phaedr.
672 1581 759 1619 pag.

98 1621 180 1664 248
201 1622 247 1658 ad
268 1622 383 1671 Gorg.
406 1636 491 1672 pag.
513 1626 604 1665 227.

156 1673 245 1716 ἄλλ’
271 1677 335 1717 ἐπὶ
364 1694 405 1717 το
437 1679 761 1731 σωφρονέστερον

100 1730 227 1785 αὐτην
250 1733 442 1786 λα’μβανε]
477 1737 518 1774 ln
544 1738 707 1788 Thucy.d
731 1738 760 1785 I,

98 1793 152 1833 31
176 1791 282 1829 simili
297 1793 407 1829 modo
430 1794 497 1830 sibi
524 1796 662 1844 opponi
685 1807 761 1833 σω-

101 1843 287 1898 φροσύνη
318 1854 355 1886 et
385 1844 557 1899 α’βουλία
589 1852 763 1888 observat

101 1904 266 1952 Schweib
255 1904 302 1940 rh.
365 1904 424 1942 Ad
461 1907 763 1954 significationem

101 1961 204 1997 verbi
235 1956 454 2010 λαμβανειν
472 1963 627 2007 faciunt,
669 1977 765 2013 quae

104 2017 151 2054 ad
172 2016 355 2053 Plutarch.
378 2016 488 2054 Alcib.
507 2033 542 2068 p.
565 2021 642 2059 168
659 2020 765 2057 colle-

104 2074 233 2122 gimus.
280 2072 369 2109 Mox
391 2074 487 2110 edidi
509 2089 588 2112 cum
613 2080 764 2113 recentt.

104 2130 187 2166 edd.
206 2123 431 2168 Ὀτάνεω.
472 2131 580 2168 Conf.
604 2137 696 2169 nott.
718 2133 765 2169 ad

103 2185 168 2231 ΙΙΙ,
190 2187 255 2224 70.
304 2186 396 2223 Cum
425 2188 570 2224 vocibus
606 2183 728 2227 ἄπολέ
732 2203 764 2227 ε-

105 2245 179 2280 σθε
205 2254 374 2280 κακιστα
404 2257 654 2294 comparamus
684 2245 765 2281 Ari-

104 2298 292 2362 stophanis
312 2299 416 2336 illud:
450 2296 647 2339 oiucc'mot’
667 2297 765 2340 εἷπο-

104 2352 317 2405 λούμενος,
359 2356 405 2393 de
425 2369 496 2406 quo
521 2359 563 2394 C.
586 2358 617 2394 I
621 2370 647 2394 r.
668 2359 765 2395 Her

105 2424 224 2448 mann.
254 2412 302 2447 ad
319 2411 470 2450 Lucian.
496 2413 553 2452 De
575 2414 656 2451 hist.
679 2427 765 2452 con-

104 2468 208 2504 scrib.
231 2481 314 2518 pag.
338 2469 426 2509 105.

163 2522 300 2570 ἐξοίσει
332 2521 408 2576 γάρ
438 2525 518 2576 τις]
569 2524 764 2577 ἐκφέρειν,

107 2582 147 2615 ut
171 2581 268 2629 apud
288 2580 438 2618 Latinos
463 2583 606 2631 efferre,
634 2584 766 2620 dicitur

109 2635 155 2671 de
187 2639 328 2672 arcanis
356 2639 576 2687 vulgaudis,
617 2653 645 2677 s.
674 2639 766 2688 effu-

108 2692 248 2727 fiendis.
288 2692 396 2730 Plura
427 2696 501 2732 dixi
528 2697 563 2732 in
592 2694 767 2735 Creuzeri

108 2746 253 2785 Melett.
278 2748 326 2784 ΙΙΙ
348 2762 384 2797 p.
408 2752 472 2792 82.
511 2751 607 2789 Add.
628 2753 767 2790 Herod.

109 2803 173 2850 ΙΙΙ,
200 2803 254 2844 74
275 2808 309 2840 et
337 2804 383 2850 ΙΙ,
412 2807 606 2854 17o‚‘ubi
637 2809 768 2847 eodem

111 2872 218 2897 sensu
241 2857 499 2911 ἐξαγορεύειν.

166 2915 375 2954 HERODOT.
413 2918 459 2955 Π.

779 977 927 1035 ὑμέων
983 976 1132 1022 αὐτῶν
1187 978 1427 1036 βαλόμενοι

874 1111 957 1168 ἰδίῃ
983 1110 1363 1165 περιβαλλόμενος
1344 1129 1479 1154 εωυτω

815 1154 978 1221 κέρδεα]
1040 1166 1356 1222 περιβάλλεσθαι
1394 1171 1430 1209 h.
1458 1171 1482 1209 Ι.

815 1227 935 1264 valet:
966 1228 1036 1263 siba·
1054 1241 1268 1277 comparare,
1289 1229 1482 1278 acquirere.

817 1284 875 1321 Cf.
899 1283 998 1330 VIII,
1022 1287 1047 1325 8
1068 1289 1104 1322 et
1121 1285 1277 1322 Pausan.
1298 1285 1377 1330 VII,
1399 1287 1424 1325 8
1445 1282 1482 1335 ὅ.

818 1340 863 1380 5:
895 1335 1080 1390 δύναμιν,
1113 1337 1167 1391 ἣν
1187 1340 1253 1379 ἐπὶ
1279 1342 1483 1380 Φιλίππου

816 1393 1102 1447 περιεβάλοντο
1116 1425 1127 1443 ,
1158 1398 1218 1434 ubi
1240 1397 1396 1435 Siebelis
1415 1410 1484 1434 no*

816 1453 882 1489 stri
903 1453 972 1490 loci
988 1466 1062 1490 non
1081 1455 1147 1490 fuit
1167 1454 1368 1491 immemor.
1399 1451 1485 1491 Alia

816 1509 903 1546 dedi
932 1509 1038 1560 plura
1073 1511 1121 1547 ad
1138 1509 1232 1547 Plut.
1254 1510 1482 1561 Philopoem.

821 1568 889 1612 17,
911 1578 996 1616 pag.
1018 1568 1084 1608 62.

875 1618 1044 1672 μάλιστα
1085 1620 1157 1673 μέν
1191 1638 1267 1662 νυν
1296 1617 1485 1672 ω’φείλετε

818 1674 886 1718 ἐπ’
922 1677 1058 1730 ὑμέων
1094 1674 1227 1718 αὐτῶν
1269 1676 1486 1731 βαλόμενοι

818 1732 970 1774 ποιέειν
999 1734 1143 1786 ταῦτα]
1184 1736 1281 1774 Dedi
1316 1749 1396 1773 cum
1428 1748 1486 1774 re-

820 1797 930 1830 centt.
990 1793 1075 1830 edd.
1138 1787 1334 1842 αἷφείλετε
1388 1792 1486 1843 (pro

820 1844 1022 1898 ὀφείλετε)
1053 1854 1088 1887 et
1113 1845 1355 1900 βαλόμενοι,
1386 1851 1487 1887 cuius

820 1905 900 1941 loco
948 1906 1021 1942 duo
1073 1906 1154 1943 libri
1192 1901 1485 1957 βαλλόμενοι.

822 1962 922 1998 Olim
943 1962 1053 2011 vulgo
1073 1959 1323 2013 βουλόμενοι.
1363 1964 1487 2012 Ipsam

821 2017 1043 2055 locutionem
1071 2013 1135 2067 ἐφ’
1169 2017 1316 2058 ἑαυτοῦ
1348 2014 1488 2069 βάλλε-

824 2077 946 2122 σθαι,
974 2087 1083 2123 quam
1108 2075 1317 2112 Gronovius
1334 2075 1366 2111 h.
1391 2075 1411 2111 Ι.
1432 2076 1488 2111 in-

821 2134 1059 2179 terpretatur:
1101 2133 1139 2167 in
1158 2144 1193 2167 se
1213 2134 1326 2181 ipsum
1347 2130 1489 2180 aliquid

822 2188 990 2236 recipere,
1031 2188 1164 2224 rectius
1187 2188 1249 2225 Tu
1271 2189 1490 2237 interprete-

821 2244 870 2279 ris
896 2256 972 2279 cnrn
993 2243 1198 2293 Schweigh.
1221 2245 1394 2294 aliisque:
1436 2257 1489 2280 se-

823 2312 899 2336 cum
919 2300 1129 2346 deliberare,
1161 2300 1239 2337 aliis
1258 2314 1307 2337 sc.
1328 2313 1404 2336 non
1422 2301 1490 2337 ad-

822 2357 960 2403 missis,
992 2357 1163 2403 adscitis3
1207 2362 1246 2394 ut
1270 2357 1328 2394 hic
1351 2356 1420 2393 loci
1442 2357 1490 2393 sit

822 2425 971 2450 sensus:
1010 2413 1073 2450 hoc
1095 2413 1219 2463 facere
1249 2413 1425 2450 debebatis
1452 2426 1490 2449 re

825 2481 900 2506 cum
940 2471 1074 2507 nemine
1109 2471 1182 2507 alio
1219 2472 1488 2514 communicata,

819 2527 962 2576 proprio
994 2526 1159 2573 consilio,
1199 2527 1374 2563 vobiscum
1407 2526 1491 2562 solis

824 2582 1063 2620 deliberantes.
1095 2584 1202 2620 Cous.
1215 2596 1307 2632 quae
1318 2582 1489 2631 Schwgh.

825 2639 931 2675 citat:
972 2639 1046 2687 ΙΙΙ,
1080 2638 1171 2681 155-
1212 2639 1285 2685 IV,
1312 2641 1403 2678 160.
1443 2638 1490 2684 V,

825 2697 891 2735 73.
934 2695 994 2734 De
1013 2696 1286 2746 praepositione
1310 2693 1374 2734 ἐπὶ
1394 2695 1489 2731 conf.

825 2755 916 2788 nott.
935 2752 984 2788 ad
1003 2753 1146 2799 l,142;
1173 2752 1219 2790 de
1238 2752 1349 2789 verbo
1370 2749 1492 2802 ὕπερ-

825 2808 1017 2846 τίθεσθαι
1048 2809 1076 2855 Ι,
1102 2810 1127 2848 8
1161 2812 1198 2845 et
1227 2807 1404 2845 Valcken.
1442 2806 1491 2843 ad

826 2863 968 2902 Herod.
989 2864 1069 2913 VII,
1091 2866 1128 2906 8.
1152 2888 1204 2894 —
1235 2863 1295 2901 Ad
1319 2860 1490 2915 κατερέω
