1904 3304
436 229 1006 271 MELPOMENE.
1065 229 1127 269 IV.
1336 232 1421 272 305

154 345 344 398 δύναμαι
367 339 616 384 πυθέσθαι·
680 338 782 382 οὐδὲ
812 338 895 394 γάρ
927 337 1030 383 οὐδὲ
1055 337 1293 396 Ἀριστέης,
1323 343 1421 384 τοῦ-
1434 347 1477 381 65

152 432 230 469 περ
281 412 412 469 ὀλίγῳ
460 409 681 466 πρότερον
731 409 904 454 τούτων
947 409 1122 467 μνήμην
1170 410 1421 468 ἐποιεύμην,

154 484 256 530 οὐδὲ
287 479 415 534 οὗτος
444 481 710 537 προσωτέρω
737 480 1018 538 Ἰσσηδόνων,
1050 481 1098 525 ἐν
1117 479 1289 526 αὐτοῖσι
1311 487 1424 534 τοῖσι

153 558 270 601 ἔπεσι
289 554 477 607 ποιέων,
507 554 640 610 ἔφησε
660 551 916 597 ἀπικέσθαι·
960 551 1068 597 ἀλλὰ
1099 553 1152 597 τὰ
1180 552 1423 608 κατύπερθε

152 629 265 684 ἔλεγε
296 627 430 685 ἀκοῇ,
463 626 548 682 φὰς
574 623 826 681 Ἰσσηδόνας
853 622 964 667 εἶναι
993 624 1098 676 τούς
1119 630 1255 670 ταῦτα
1275 625 1422 682 λέγον-

124 707 243 752 3τας.
298 697 416 742 Ἀλλ’
450 699 558 742 ὅσον
593 695 672 751 μὲν
710 694 834 751 ἡμεῖς
863 692 1077 750 α’τρεκέως
1107 697 1177 740 ἐπὶ
1206 695 1478 751 μακρότα-7Ο

152 787 232 815 τον
262 769 349 815 οἶοί
378 771 421 813 τ’
453 767 691 825 ἐγενόμεθα
726 765 837 823 ἀκοῇ
868 765 1104 818 ἐξικέσθαι,
1137 772 1228 811 πᾶν
1259 768 1418 824 εἰρήσε-

29 847 90 892 Π
148 859 230 886 ται.

152 914 235 971 γὰρ
256 917 343 957 τῶν
367 910 746 965 παραθαλασσίων
768 907 1030 963 μεσαίτατόν
1056 909 1144 953 ἐστι
1172 908 1314 965 ποὲσης
1343 913 1421 966 τῆς

152 986 371 1040 Σκυθίης,
404 981 488 1025 α’πό
519 980 685 1024 τούτου
713 983 883 1036 πρῶτοι
914 982 1178 1024 Καλλιπίδαι
1198 979 1420 1037 νέμονται,

296 841 401 885 Ἀπὸ
440 843 522 883 τοῦ
566 837 951 892 Βορυσθενεϊτέων
991 837 1231 892 ἐμπορίου,
1284 843 1418 883 τοῦτο
1475 846 1754 916 Sffiffygfflgssirtfpm

1493 923 1558 941 rum
1579 916 1680 941 colunt
1701 915 1738 941 a=l

1479 948 1619 983 Hypanin
1632 949 1755 984 Gallipi-

1479 981 1555 1015 dae,
1599 983 1755 1014 Alazones,

1481 1016 1521 1049 [c.
1537 1016 1596 1051 49.]
1624 1016 1756 1050 Scythae

99 1128 267 1164 observat
286 1123 504 1163 Dahlmann.
528 1121 551 1159 l.
572 1122 593 1159 l.
613 1136 648 1172 p.
671 1123 762 1162 104.

99 1184 195 1221 Hinc
219 1183 306 1219 satis
328 1185 452 1232 patet,
494 1180 581 1228 qnid
608 1180 655 1216 de
685 1178 762 1215 lau-

99 1240 205 1277 dibus
227 1238 459 1287 cogitandum
483 1238 540 1281 sit,
569 1248 660 1285 quas
680 1234 762 1271 Ari-

100 1302 224 1342 steae,
264 1293 464 1332 enarratori
507 1304 645 1328 summa
688 1291 760 1328 fide

101 1354 213 1401 digno
234 1350 480 1401 prudentique
508 1361 627 1385 rerum
652 1348 758 1384 inda-

101 1408 239 1457 gaturi,
280 1407 450 1443 tribuerit
472 1404 666 1442 Reichard.
695 1403 717 1440 l.
739 1403 760 1440 l.

99 1478 184 1515 pag.
210 1463 271 1504 15.

159 1526 253 1569 οὐδὲ
297 1526 372 1580 γοὶρ
417 1523 510 1568 ου’δὲ
547 1523 758 1578 Ἀριστέης]

101 1588 207 1632 Quae
234 1599 317 1624 mox
339 1587 566 1636 excipiuntur
591 1590 628 1623 et
653 1598 760 1635 repe-

100 1649 225 1681 tuntur
266 1643 385 1680 verbis
427 1637 548 1681 ου’ὄὲ
593 1635 761 1688 οὗτος,

100 1702 137 1738 in
178 1700 305 1749 quibus
339 1698 436 1736 nulla
468 1711 556 1735 sane
595 1699 762 1735 offensio.

101 1756 159 1794 De
182 1756 364 1806 particulis
384 1751 476 1794 οὐδὲ
499 1751 571 1805 γὰρ
601 1750 693 1793 ου’ὅὲ
713 1754 763 1791 sic

102 1814 234 1850 iunctis
282 1813 375 1849 conf.
419 1812 671 1849 Hemsterhus.
714 1811 762 1848 ad

102 1869 251 1906 Lucian.
272 1868 415 1917 Nigrin.
445 1870 469 1908 6
499 1867 580 1904 T.l
610 1882 645 1919 p.
668 1868 761 1909 235.

104 1927 185 1966 236
207 1925 289 1974 Bip.
323 1926 380 1961 ed.
411 1929 447 1961 et
477 1937 572 1972 quae
605 1925 675 1962 alia
709 1924 763 1960 his

104 1982 248 2017 addidit
289 1980 332 2017 C.
376 1980 436 2017 Fr.
471 1980 673 2017 Hermann.
717 1981 764 2017 ad

104 2036 253 2074 Lucian.
303 2036 361 2074 De
413 2037 590 2073 conscrib.
638 2037 762 2073 histor.

103 2106 188 2144 pag.
216 2095 312 2134 309.

161 2174 307 2224 τοῦπερ
380 2167 493 2225 ὀλίγῳ
569 2166 764 2221 πρότερον

104 2224 257 2267 τούτων
311 2224 474 2278 μνήμην
526 2222 761 2277 ἐποιεύμην]

105 2285 187 2322 Vid.
209 2298 318 2335 snpra
339 2285 400 2331 lv,
423 2287 484 2324 13.
508 2306 557 2312 -
581 2284 652 2320 Pro
668 2286 764 2322 roz]-

106 2355 177 2391 περ
210 2342 281 2378 (1υο
311 2341 390 2378 libri
418 2343 490 2379 τοῦ
522 2340 611 2390 πέρι
637 2346 674 2377 et
697 2354 763 2389 pro

108 2393 226 2450 ὀλίγῳ
255 2411 346 2435 unus
367 2398 552 2434 Sancrofti
574 2398 666 2434 liber
687 2393 765 2435 ὀλί-

108 2467 201 2502 γον,
236 2455 333 2502 quod
363 2455 458 2491 idem
480 2454 544 2501 111,
575 2456 654 2494 106
685 2467 762 2491 me—

110 2509 214 2546 liores
233 2509 312 2546 libri
333 2510 502 2548 afferunt.
524 2533 568 2537 ——
597 2509 656 2546 Ad
676 2525 763 2548 ποι-

112 2563 186 2602 ε’ων
221 2567 313 2602 conf.
343 2572 437 2604 nott.
470 2569 516 2604 ad
547 2567 608 2612 lv,
646 2569 694 2606 13
727 2572 766 2604 et

112 2622 157 2656 ad
210 2616 310 2673 οἷκοῇ
364 2624 452 2669 (von
502 2623 763 2672 Hiirensagen)

111 2676 246 2713 Matth.
275 2678 339 2713 Gr.
360 2679 424 2715 Gr.
456 2693 539 2730 pag.
561 2682 654 2721 731.
684 2681 765 2717 He-

112 2733 189 2768 rod.
211 2733 240 2778 l,
264 2735 352 2773 171.
386 2734 430 2781 ΙΙ,
452 2738 515 2775 29.

153 2808 216 2849 ἐπὶ
239 2807 541 2862 μακρότατον-
553 2813 764 2866 ἐξικέσθαι]

114 2866 221 2903 Conf.
258 2867 310 2914 11,
344 2870 396 2908 29
434 2870 558 2920 ibique
591 2876 683 2909 nott.
714 2896 764 2901 —

169 2923 376 2961 Hmono‘r.
414 2926 460 2963 II.

824 1117 1023 1171 εἰρήσεται
1063 1122 1172 1173 plane
1214 1121 1264 1159 sic
1308 1121 1488 1158 invenitur

821 1178 885 1224 lv,
912 1179 977 1218 82.

1017 1233 1276 1284 Cap.Xvn.

849 1285 946 1329 ’Ano‘
963 1288 1400 1341 τοῦΒορυσθενεϊτέων
1419 1290 1487 1342 ἐμ-

816 1346 962 1398 πορίου
986 1369 1031 1375 -
1056 1341 1134 1386 dmi
1156 1341 1300 1386 τούτου
1326 1350 1479 1400 πρῶτοι

819 1403 1063 1442 Καλλιππίδαι
1108 1401 1320 1454 νέμονται]
1389 1403 1480 1442 Loci

818 1461 1001 1497 sententia
1034 1460 1145 1497 haec:
1192 1473 1214 1496 α
1246 1460 1481 1510 Borystheni-

817 1520 935 1553 tarum
966 1518 1114 1566 emporio
1143 1517 1263 1566 (quod
1292 1518 1329 1554 in
1358 1518 1479 1554 medio

820 1573 896 1610 sere
927 1573 1120 1610 universae
1157 1585 1243 1611 orae
1280 1574 1481 1612 maritimae

821 1629 997 1678 Scythiae
1016 1630 1126 1666 situm
1149 1629 1235 1678 est),
1267 1631 1311 1666 ab
1330 1630 1392 1667 hoc
1410 1632 1484 1679 iga·-

820 1689 879 1722 tur
895 1687 1043 1736 emporio
1063 1686 1112 1733 (si
1135 1687 1184 1723 ad
1207 1687 1382 1724 interiora
1401 1691 1483 1724 ten-

821 1744 907 1791 das)
920 1772 930 1789 ‚
957 1744 1069 1793 primi
1086 1743 1251 1780 habitant
1267 1743 1484 1793 Callz'pidae,

821 1813 849 1836 s.
892 1801 1023 1849 primos
1071 1800 1225 1848 offendes
1267 1800 1481 1850 callipidas.

820 1855 957 1894 Moneo
979 1857 1026 1894 ob
1049 1855 1312 1904 Reichardum‚
1346 1857 1443 1906 quil.
1459 1857 1482 1894 l.

820 1925 905 1963 pag.
929 1913 983 1953 24
1011 1913 1291 1963 praepositionis
1312 1908 1391 1953 α’πό
1412 1914 1483 1950 vim

820 1969 929 2018 plane
952 1970 1147 2017 ignorans,
1181 1969 1300 2007 locum
1328 1971 1380 2007 sic
1400 1970 1484 2008 red-

823 2025 939 2061 didit:
976 2026 1044 2062 Γον
1062 2025 1399 2063 derHandelsstaclt
1422 2026 1483 2063 cler

821 2080 1093 2130 Borysthem'ten
1102 2104 1157 2109 -—
1167 2084 1239 2119 woh
1245 2096 1312 2119 nen
1331 2083 1387 2120 die
1398 2083 1482 2120 Cal-

823 2138 1031 2186 lv'pz'den.—
1054 2136 1113 2174 Ad
1134 2139 1368 2187 μεσαίτατον
1384 2140 1478 2176 conf.

821 2194 954 2231 Matth.
975 2192 1127 2244 §.127.
1150 2197 1227 2235 133
1246 2200 1322 2232 not.
1336 2198 1373 2236 2.
1399 2195 1479 2236 134

822 2255 897 2287 not.
922 2275 971 2278 —
990 2251 1332 2299 Borysthenitarum
1357 2265 1482 2302 empo-

822 2307 911 2343 rium
934 2307 1031 2343 haud
1051 2307 1176 2357 procul
1198 2308 1243 2345 ab
1267 2308 1347 2359 ipsa
1359 2308 1482 2353 Olbia,

822 2376 915 2412 quae
936 2363 1276 2413 Borysthenitarum
1298 2366 1364 2402 snit
1383 2364 1484 2410 urbs,

823 2421 928 2456 situm
957 2433 1000 2457 eo
1029 2420 1108 2457 loco
1135 2421 1374 2468 crediderim,
1407 2434 1481 2470 quo

823 2475 990 2526 Hypanis
1008 2481 1117 2526 atque
1128 2477 1376 2526 Borysthenes
1396 2491 1483 2514 con-

824 2533 931 2570 iuncti
960 2534 1080 2570 Ponto
1114 2535 1330 2582 miscentur,
1373 2534 1482 2570 illius-

822 2601 893 2638 que
935 2590 1032 2626 nrbis
1074 2596 1275 2628 mercatura
1319 2591 1482 2628 florentis

823 2650 968 2695 portum
988 2647 1110 2684 fuisse.
1150 2647 1211 2684 Tu
1229 2649 1324 2684 conf.
1344 2647 1406 2693 IV,
1428 2646 1481 2687 24-

825 2707 860 2739 et
879 2701 1028 2739 Excurs.
1053 2704 1101 2740 ad
1119 2703 1182 2750 IV,
1206 2705 1268 2742 18.

882 2759 1123 2798 Καλλιπίόαι
1136 2781 1182 2786 -
1199 2755 1481 2808 ἐόντεςἸΕλλη·

825 2829 890 2861 νες
914 2813 1093 2866 Σκύθαι]
1135 2816 1165 2853 C
1172 2830 1199 2852 r.
1231 2817 1384 2854 conferri
1407 2815 1482 2852 wilt

825 2872 1017 2922 Slirengel.
1046 2872 1203 2923 Apolog.
1240 2873 1275 2908 d.
1304 2873 1479 2922 Hippocr.
