1904 3304
471 264 566 303 AD
625 264 1064 304 HERODOT.
1122 263 1193 312 IV,
1255 266 1318 306 18.
1568 267 1652 307 663

138 378 205 416 fles
225 383 262 416 et
283 378 305 415 l.
326 390 440 415 courS.
462 400 517 406 -—-
536 377 675 417 Achille
696 379 962 429 (Petersbourg
991 379 1119 426 1827)
1153 391 1190 429 p.
1218 379 1298 418 127
1319 376 1399 415 coll.
1418 376 1500 418 257
1516 381 1554 416 et
1570 378 1652 416 Rit-

138 450 205 483 ter.
224 444 393 482 Vorhalle
411 459 494 496 pag.
522 448 611 488 175.
671 446 888 485 Tzschucke
908 447 957 484 ad
977 446 1064 485 Mel.
1084 446 1138 493 ll,
1171 448 1193 487 1
1215 449 1308 482 nott.
1327 457 1454 493 exegg.
1475 458 1561 495 pag.
1584 449 1650 487 29.

138 514 191 553 33
214 524 291 562 seq.
326 512 409 549 Vol.
428 514 477 551 111
512 514 553 552 P.
575 514 607 551 ll
636 514 683 552 de
710 515 915 551 nominibus
948 519 984 552 et
1010 514 1108 551 urbis
1136 517 1172 550 et
1202 512 1322 561 gentis
1347 512 1452 563 plura
1479 512 1647 551 afferens.

137 579 222 630 Ipsa
239 580 350 626 urbs,
381 581 481 618 cuius
503 582 743 619 meminerunt
761 582 897 618 Strabo
917 582 983 619 VII
1012 595 1048 632 p.
1067 582 1150 621 306
1179 593 1208 617 s·
1229 579 1312 620 470
1329 579 1372 616 A.
1396 578 1475 616 coll.
1496 579 1545 616 lV
1562 593 1648 630 pag.

140 648 220 688 180
249 661 278 684 s,
310 661 399 699 pag.
431 651 512 690 272
532 647 576 685 A.
606 647 688 685 coll.
720 649 807 686 XIV
834 662 920 700 pag.
952 651 1033 690 666
1061 662 1090 685 S.
1123 650 1205 690 982
1225 648 1269 684 B.
1328 646 1467 684 Plinius
1491 646 1562 692 IV,
1596 649 1649 688 12

138 712 249 767 (26),
279 715 350 753 Dio
374 716 624 765 Chrysostom.
651 715 733 767 (qui
755 730 865 754 unum
886 719 921 754 in
947 717 1037 754 urbe
1056 716 1124 754 hac
1147 728 1281 753 annum
1308 718 1551 752 commoratus
1574 716 1649 764 est)

136 784 173 820 in
195 788 285 821 orat.
308 784 524 833 Borysthen.
547 796 632 834 pag.
655 783 736 824 436
756 784 804 822 T.
823 786 855 822 11
884 799 938 823 nr.
960 785 1118 822 XXXVI
1137 797 1225 835 pag.
1241 781 1295 825 74
1314 795 1418 832 seqq.
1439 783 1495 820 ed.
1509 782 1650 830 Reisk„

136 863 232 889 nunc
250 852 414 898 demum,
444 852 506 888 ubi
526 851 605 888 loco
626 853 706 902 ipso
732 853 829 890 urbis
853 858 999 904 reperto
1013 883 1026 900 ,
1061 852 1256 902 multisque
1275 851 1324 888 ibi
1343 852 1460 888 numis
1480 851 1648 900 adeoque

136 920 434 971 inscriptionibus
460 919 705 969 compluribus
734 922 907 969 detectis,
946 921 1148 958 accuratius
1178 920 1282 957 nobis
1310 920 1538 957 innotescere
1565 932 1649 956 coe-

135 988 203 1038 pit.
264 988 325 1025 Tu
350 988 422 1024 vid.
449 987 611 1037 inprimis
639 987 767 1024 librum
793 999 902 1038 supra
931 987 1140 1025 laudatum:
1180 988 1296 1024 Choix
1315 988 1351 1025 d.
1372 987 1534 1025 Medaill.
1554 987 1650 1024 anti-

135 1068 228 1104 ques
249 1054 489 1105 d’Olbiopolis
511 1067 560 1091 ou
579 1053 705 1102 Olbia,
726 1055 858 1093 faisant
876 1055 996 1106 partie
1017 1056 1066 1093 du
1095 1055 1241 1092 cabinet
1260 1056 1310 1092 du
1329 1055 1518 1093 conseiller
1540 1055 1652 1092 d'etat

137 1123 184 1161 de
203 1122 444 1171 Blaramberg
462 1122 584 1170 (Paris
608 1124 715 1163 1822
741 1123 823 1171 8.),
853 1136 925 1160 una
945 1136 1024 1160 cum
1046 1123 1218 1161 Creuzeri
1239 1134 1393 1160 censura
1415 1122 1519 1159 huius
1540 1121 1650 1159 libelli

137 1191 176 1228 in
196 1190 338 1228 Annall.
360 1190 682 1239 Heidelbergenss.
710 1192 819 1231 1822
839 1203 926 1241 pag.
953 1191 1059 1233 1234
1081 1204 1185 1240 seqq.
1245 1190 1329 1234 Quo
1360 1189 1397 1226 in
1423 1189 1513 1227 libro
1544 1202 1651 1226 accu-

136 1258 247 1296 ratius
267 1259 315 1296 de
334 1258 414 1309 ipsa
433 1259 540 1296 Olbia
563 1259 712 1307 eiusque
739 1259 812 1296 situ
833 1259 976 1308 agitur,
1015 1259 1158 1296 adiecta
1181 1270 1329 1307 quoque
1350 1256 1476 1294 tabula
1496 1257 1571 1294 aeri
1595 1257 1653 1293 in-

137 1326 210 1364 cisa
238 1327 286 1364 ad
312 1327 412 1364 urbis
442 1327 598 1376 inclytae
629 1327 739 1363 situm
771 1326 898 1363 melius
928 1327 1234 1376 cognoscendum.
1292 1324 1427 1375 Neque
1455 1324 1574 1371 enim,
1611 1328 1653 1361 ut

137 1393 220 1431 olim
238 1394 360 1445 plures
381 1395 547 1433 arbitrati
568 1399 675 1441 sunt,
705 1398 808 1432 vetus
831 1394 938 1431 Olbia
961 1407 1004 1432 eo
1031 1395 1109 1432 fere
1135 1394 1215 1431 loco
1239 1394 1307 1431 sita
1328 1394 1418 1441 fuit,
1460 1406 1532 1443 quo
1555 1405 1652 1430 nunc

136 1462 229 1500 iacet
247 1463 434 1500 Oczakow
456 1463 577 1512 (quod
602 1464 720 1513 ipsum
749 1463 936 1500 meridiem
962 1475 1087 1500 versus
1118 1462 1258 1511 aliquot
1285 1462 1450 1499 milliaria
1478 1475 1499 1498 a
1527 1465 1650 1499 vetere

137 1529 247 1567 Olbia
268 1531 424 1579 distat),
457 1544 577 1580 neque
599 1544 664 1579 eo,
695 1544 767 1580 quo
790 1543 885 1568 nune
903 1531 1086 1567 invenitur
1106 1531 1293 1576 Cherson,
1323 1531 1389 1568 sed
1414 1534 1556 1568 centum
1573 1529 1650 1567 fere

135 1597 300 1635 milliaria
318 1598 473 1635 Russica
495 1599 625 1647 (vulgo
644 1603 820 1636 vocantur
835 1599 998 1646 lVersO,
1041 1610 1137 1647 quae
1155 1599 1281 1647 viginti
1303 1598 1463 1647 quinque
1487 1597 1651 1635 milliaria

136 1665 276 1703 Gallica
295 1665 446 1714 (Lieues
474 1666 585 1715 vulgo
604 1667 747 1713 dicunt)
768 1671 940 1715 aequant,
971 1667 1016 1704 ab
1038 1667 1126 1704 urbe
1144 1679 1238 1703 nunc
1257 1665 1488 1703 celeberrima
1504 1664 1650 1702 Odessa

135 1734 276 1772 distans
303 1735 350 1771 ad
374 1735 536 1771 dextram
556 1735 724 1785 Hypanis
746 1736 866 1784 (Bug)
888 1735 1003 1786 ripam
1023 1735 1123 1772 iuxta
1142 1735 1258 1771 vicum
1278 1733 1440 1785 Ilz‘nslcy,
1480 1746 1542 1771 sex
1568 1738 1650 1770 tan-

134 1805 210 1838 tum
230 1801 392 1839 milliaria
407 1802 561 1840 Russica
582 1807 722 1840 remota
741 1803 786 1840 ab
809 1816 852 1841 eo
868 1803 970 1848 loco,
1000 1803 1061 1840 ubi
1079 1804 1249 1853 Hypanis
1269 1808 1379 1852 atque
1398 1801 1648 1850 Borysthenes

137 1882 251 1919 aquas
271 1870 429 1919 iungunt
451 1871 611 1920 indeque
631 1872 739 1909 etiam
762 1884 836 1907 non
866 1870 993 1921 procul
1018 1871 1064 1908 ab
1094 1884 1137 1908 eo
1160 1872 1260 1917 loco,
1302 1884 1376 1920 quo
1396 1870 1527 1906 Olbiae
1553 1871 1650 1906 anti-

136 1950 249 1987 quum
274 1939 389 1975 fuisse
417 1943 563 1988 portum
592 1952 619 1975 s.
647 1938 977 1988 Borystlaem‘tarum
1000 1940 1188 1988 emporium
1205 1938 1443 1988 probabiliter
1462 1938 1651 1974 constitui-

137 2018 217 2042 mus
237 2006 275 2042 in
293 2010 367 2043 not.
389 2007 437 2043 ad
456 2006 526 2053 IV,
561 2008 622 2046 17.
682 2007 790 2043 Conf.
810 2006 926 2042 Choix
947 2009 1014 2042 etc.
1034 2018 1120 2056 pag.
1146 2009 1209 2047 11.
1269 2007 1327 2043 Ob
1349 2005 1502 2042 tumulos
1527 2005 1650 2055 sepul-

137 2075 252 2111 crales
274 2087 317 2111 eo
334 2074 435 2123 loco,
465 2075 501 2111 in
522 2088 594 2124 quo
618 2078 797 2112 exstructa
818 2075 885 2111 fuit
905 2074 1031 2120 Olbia,
1061 2074 1271 2123 conspicuos
1286 2103 1297 2121 ‚
1327 2087 1422 2111 nunc
1442 2074 1491 2110 illi
1516 2087 1650 2112 nomen

62 2167 64 2169 ·
139 2141 337 2190 Stomogil,
378 2143 400 2180 i.
432 2156 463 2180 e.
492 2146 624 2179 centum
657 2143 795 2181 tumuli.
861 2141 1027 2178 Pertinet
1059 2140 1118 2178 ille
1149 2143 1198 2178 ad
1227 2143 1479 2192 possessiones
1511 2143 1651 2180 comitis

137 2210 634 2248 Kuschelew-Besborodko
652 2239 663 2258 ‚
694 2210 881 2259 multaque
900 2209 1123 2258 antiquitatis
1147 2210 1307 2247 continet
1326 2211 1478 2258 indicia,
1508 2212 1651 2249 aedium

138 2279 294 2326 rudera,
335 2291 556 2316 camerarum
591 2279 791 2315 dirutarum
821 2277 1015 2326 reliquias,
1052 2276 1160 2314 colles
1190 2291 1210 2315 e
1236 2282 1335 2316 terra
1356 2278 1535 2326 sublatos,
1570 2278 1651 2316 alia.

137 2345 282 2384 Monuit
299 2347 346 2384 (le
366 2348 437 2384 situ
459 2347 558 2383 urbis
581 2350 728 2396 praeter
747 2345 828 2382 libri
850 2345 985 2382 laudati
1006 2349 1189 2383 auctorem
1209 2345 1359 2385 Ksshler.
1380 2346 1557 2385 Me'moire
1581 2352 1650 2385 etc.

138 2428 176 2464 p.
197 2417 277 2456 126
300 2427 405 2464 seqq.
427 2414 504 2450 coll.
531 2417 620 2455 120.
678 2413 729 2451 Et
749 2414 905 2452 conferri
926 2427 1007 2452 cum
1029 2414 1084 2450 his
1103 2418 1280 2464 possunt,
1310 2428 1404 2464 quae
1421 2415 1651 2466 protulerunt

137 2480 322 2520 Mannert.
346 2483 398 2518 IV
419 2495 506 2532 pag.
530 2483 595 2522 82.
652 2483 847 2520 Reichard.
865 2483 902 2518 in
919 2481 1062 2519 Hertha
1088 2484 1197 2524 1828
1217 2482 1233 2519 I
1252 2496 1339 2533 pag.
1364 2485 1429 2523 46.

252 2549 335 2586 Hoc
361 2550 473 2599 igitur
501 2550 580 2587 loco
612 2550 732 2600 prisco
765 2551 962 2587 admodum
992 2562 1083 2588 aevo
1113 2551 1185 2588 iam
1205 2551 1345 2588 colonia
1371 2551 1481 2588 fuisse
1507 2551 1649 2590 videtur

138 2615 517 2667 Thraco-phrygica,
550 2618 699 2655 Graecis
720 2618 887 2655 admixtis
906 2622 942 2656 et
961 2617 1091 2669 duplici
1113 2618 1238 2654 Olbiae
1259 2618 1307 2663 (i.
1331 2632 1363 2657 e.
1387 2619 1533 2667 divitis,
1565 2620 1646 2656 bea-

140 2686 221 2730 tae)
243 2686 280 2720 et
300 2682 432 2722 Sabiae
452 2687 501 2735 (a
523 2686 641 2733 Sabo,
671 2687 733 2735 qui
754 2690 809 2724 est
828 2686 1024 2734 Bacchus)
1044 2687 1192 2725 nomine
1212 2686 1396 2735 insignita.
1453 2688 1511 2725 Cf.
1532 2688 1645 2725 Creu-

230 2828 363 2869 benda,
399 2829 495 2863 cuius
523 2833 639 2864 terrae
666 2841 768 2864 voces
798 2829 930 2865 omnino
948 2829 1076 2864 Graeci
1095 2828 1176 2874 quid
1199 2829 1352 2875 spirent3
1386 2830 1476 2875 quod
1497 2830 1605 2874 ipsum
1625 2844 1645 2864 e

230 2886 393 2921 communi
425 2886 600 2933 utriusque
627 2887 773 2923 nationis
795 2887 904 2933 stirpe
933 2887 1096 2933 explicari
1123 2898 1224 2932 posse
1247 2888 1453 2933 suspicatur.
