1904 3304
431 201 515 241 312
826 198 1296 238 HERODOTI

100 324 287 377 Bffi‘nrghffgsi
310 315 376 376 Mg-
434 307 514 365 τήν
539 306 782 363 Ταυρικήν·
823 306 874 350 τὸ
907 307 953 350 δὲ
982 306 1092 362 πρὸς
1119 305 1209 364 ήῶ,
1239 307 1310 351 ἐπί
1331 324 1374 352 τε
1395 307 1589 365 τάφρον,
1621 310 1703 366 τήν

100 371 378 452 {fgggffsffifflgg
437 379 490 436 δή
521 381 564 422 οἱ
594 379 639 422 ἐκ
669 381 758 420 τῶν
795 381 978 432 τυφλῶν
1016 377 1244 433 γενόμενοι
1283 377 1478 433 ὤρυξαν,
1521 381 1595 424 καὶ
1635 381 1704 425 ἐπὶ
1719 390 1760 422 10

101 454 132 478 0²
149 438 360 479 ‘'³⁸²³’0ffiffl-
434 456 510 506 τῆς
532 451 685 506 λίμνης
714 452 789 505 τῆς
809 447 1058 504 Μαιήτιδος
1087 448 1136 492 τὸ
1167 447 1401 505 ἐμπόριον,
1438 449 1487 494 τό
1506 451 1705 495 καλέεται

436 522 662 577 Κρημνοί·
701 518 754 562 τὰ
785 519 831 562 δὲ
862 517 1011 562 αὐτῶν
1033 518 1274 574 κατήκουσι
1303 521 1372 564 ἐπὶ
1399 520 1598 578 ποταμὸν
1622 519 1705 564 Τά-

615 589 677 633 Τά
718 590 765 633 δὲ
798 589 1046 645 κατύπερθε
1082 588 1195 644 πρὸς
1235 593 1376 646 βορῆν
1416 590 1580 648 ἄνεμον
1615 596 1704 636 τῶν

431 664 672 719 βασιληΐων
714 662 933 705 Σκυθέων
971 660 1165 705 οἰκέουσι
1204 661 1554 717 Μελάγχλαινοι,
1597 664 1701 708 ἄλλο
1717 670 1760 705 15

404 599 426 633 3
437 599 550 635 ναϊν.

403 734 601 787 4ἔθνος,
659 733 734 776 καὶ
792 731 846 776 οὐ
899 729 1145 776 Σκυθικόν.

382 926 496 963 tuisse
523 938 703 972 errorem,
742 926 791 963 ita
818 932 859 964 ut
880 928 1043 974 fluvium,

382 982 445 1030 qui
475 995 602 1019 revera
631 983 665 1019 in
686 983 831 1021 Tanain
854 997 894 1021 se
923 984 1044 1020 insun-

382 1039 468 1086 dat,
506 1040 542 1075 in
564 1038 728 1077 Maeotin
747 1040 846 1077 exire
865 1040 1042 1090 putarint.

437 1091 479 1133 τὸ
499 1092 541 1133 δὲ
562 1092 658 1146 πρὸς
676 1091 756 1146 η’ὦ]
788 1096 1043 1133 C011f.Matth.

384 1151 452 1188 Gr.
479 1151 546 1188 Gr.
567 1150 604 1202 ἓ.
622 1154 702 1193 437
725 1157 800 1189 not.
820 1151 858 1191 4.
893 1152 951 1190 De
965 1151 1043 1202 fos-

383 1221 447 1254 sa,
477 1220 585 1257 quam
610 1213 873 1246 commemorat
891 1208 1044 1255 Noster,

384 1264 537 1301 diximus
555 1265 604 1301 ad
622 1263 684 1310 IV,
699 1266 736 1303 3.
749 1286 805 1291 --
818 1265 859 1301 In
878 1264 1044 1314 proxime

384 1333 486 1370 seqq.
508 1333 575 1370 pro
594 1316 825 1371 Μαιήτιδος
841 1320 1044 1367 Mediceus,

383 1375 466 1424 alii,
497 1376 668 1414 exhibent
692 1372 942 1424 Μαιώτιδος.
984 1378 1044 1416 Tu

382 1433 456 1470 vid.
475 1437 568 1470 nott.
588 1434 635 1470 ad
656 1433 720 1480 IV,
744 1436 782 1474 3.

440 1490 638 1539 Κρημνοί]
682 1490 741 1527 Cf.
760 1489 823 1536 IV,
852 1492 954 1536 110,
985 1489 1046 1526 ubi

381 1547 431 1583 ad
463 1546 640 1583 ditionem
668 1546 886 1596 Scytharum
921 1547 1045 1583 libero-

384 1615 463 1639 rum
496 1602 564 1639 hoc
595 1603 797 1653 emporium
829 1603 1047 1654 pertinuisse

385 1659 527 1696 dicitur.
559 1658 616 1697 De
638 1660 718 1709 ipsa
738 1672 827 1697 voce
850 1660 945 1696 conf.
968 1659 1046 1696 He-

386 1715 483 1765 sych.
507 1728 535 1751 s.
556 1728 586 1751 V.
611 1715 643 1751 ll
664 1729 699 1765 p.
719 1715 801 1756 345
827 1716 884 1752 ed.
907 1715 1046 1753 Albert.

386 1772 494 1809 Unde
507 1771 643 1818 differt,
661 1772 803 1822 opinor,
820 1771 1046 1818 Cremniscos,

384 1829 484 1865 cuius
505 1827 641 1864 Plinius
664 1828 825 1865 meminit
842 1829 890 1865 H.
914 1829 963 1866 N.
985 1828 1047 1874 lV,

388 1887 440 1926 12
461 1885 567 1931 (26).
616 1884 668 1921 Ac
687 1885 830 1922 videtur
850 1885 1047 1922 Mannerto

385 1940 434 1977 IV
456 1954 491 1991 p.
513 1940 566 1981 84
587 1953 677 1990 seq„
708 1942 759 1977 ita
779 1942 926 1978 omnino
946 1941 1047 1978 locus

386 1997 499 2033 fuisse
536 1997 738 2047 appellatus
767 2010 937 2044 saxosus,
986 1998 1049 2047 qui

390 2053 448 2089 ubi
471 2066 597 2090 revera
615 2054 743 2100 suerit,
772 2054 829 2090 vix
848 2055 1049 2091 accuratius

390 2109 658 2158 definiendum,
698 2110 766 2146 nisi
799 2112 899 2159 quod
933 2123 1049 2161 prope

389 2165 567 2203 Calmium
606 2167 751 2203 fiuvium
788 2168 901 2204 fuisse
935 2167 1049 2205 videri

388 2226 537 2260 statuas,
584 2222 720 2261 Ritter.
745 2223 937 2271 (Vorhalle
960 2236 1049 2274 pag.

391 2274 490 2330 156)
515 2279 551 2314 in
574 2280 781 2316 universum
801 2281 940 2317 reddit:
980 2280 1050 2316 Die

392 2334 559 2383 Klippen.
590 2335 822 2372 Reiehardd.
846 2336 867 2373 l.
891 2349 976 2386 pag.
994 2339 1048 2376 27

391 2391 508 2427 locum
547 2391 673 2439 quaeri
711 2405 819 2441 posse
852 2397 976 2429 censet
1012 2394 1049 2429 in

391 2447 468 2483 vico
509 2446 754 2484 &ari-Kra‘m
803 2449 850 2484 ad
900 2449 1049 2485 fluvium

392 2503 593 2547 Calmium,
634 2516 706 2539 non
735 2504 859 2553 procul
885 2505 931 2542 ab
961 2505 1051 2542 urbe

392 2558 590 2609 Mitriupol.
631 2581 683 2587 —
728 2561 769 2597 In
802 2561 963 2610 proxime
994 2574 1051 2598 se-

394 2617 591 2664 quentibus
611 2616 712 2665 quod
728 2617 881 2653 Reiskio
901 2617 936 2653 in
950 2630 1052 2654 men-

394 2676 465 2709 tem
499 2677 651 2709 venerat
690 2673 847 2709 scribere
884 2672 961 2712 τοὶ
998 2672 1051 2712 δὲ

396 2724 532 2766 αὐτῶν
551 2742 617 2779 pro
638 2725 692 2766 rc)
720 2726 771 2767 δὲ
793 2723 937 2775 αὐτῶν,
951 2731 1052 2779 quod

394 2798 519 2823 omnes
542 2789 669 2822 tenent
694 2786 819 2835 scripti
840 2785 945 2833 libri,
976 2800 1052 2823 me-

394 2841 464 2878 rito
514 2841 722 2891 obloquitur
764 2842 899 2881 Sti-uve
943 2843 1048 2893 Spec.

1244 736 1591 790 Μελαγχλαίνων
1657 735 1704 779 δὲ

1103 927 1258 970 Quaest.
1281 926 1296 963 Ι
1322 940 1359 977 p.
1386 929 1445 966 12.
1478 928 1562 977 Ipsa
1580 928 1763 965 sententia

1101 984 1247 1020 minime
1291 983 1414 1020 dubia.
1472 984 1569 1022 Nam
1607 984 1761 1032 Scythas

1101 1040 1210 1077 hosce
1232 1039 1311 1076 vult
1331 1041 1463 1088 partim
1484 1042 1593 1078 etiam
1614 1040 1762 1078 ulterius

1101 1109 1217 1145 usque
1240 1096 1288 1131 ad
1307 1095 1452 1132 Tanain
1474 1098 1666 1147 pertinere.

1161 1148 1473 1203 Μελάγχλαινοι]
1505 1153 1562 1190 De
1573 1153 1639 1190 hac
1652 1158 1764 1203 gente

1100 1209 1196 1245 conf.
1221 1208 1284 1254 lv,
1316 1210 1407 1249 100.
1440 1212 1531 1249 102.
1559 1212 1663 1256 107,
1701 1210 1764 1247 ubi

1101 1265 1216 1314 ipsius
1255 1265 1411 1301 nominis
1454 1265 1620 1302 redditur
1659 1266 1763 1302 ratio.

1101 1320 1156 1357 Ac
1170 1324 1361 1370 praeterea
1379 1333 1458 1358 eam
1479 1326 1765 1359 commemorant

1101 1377 1310 1427 Stephanus
1330 1377 1423 1426 ΒΕΖ.
1449 1391 1479 1415 5.
1503 1392 1537 1415 v.
1563 1378 1627 1426 (ex
1643 1378 1766 1416 Heca-

1103 1437 1190 1470 taeo
1210 1433 1369 1481 Milesio,
1389 1435 1489 1471 cuius
1508 1435 1580 1472 vid.
1598 1436 1764 1483 sragmm.

1101 1502 1187 1540 pag.
1211 1492 1264 1529 87
1295 1491 1353 1528 ed.
1375 1490 1593 1540 Klausen.),
1631 1491 1765 1540 Scylax

1102 1547 1140 1582 in
1161 1546 1292 1596 Peripl.
1312 1545 1349 1597 ἓ.
1372 1549 1439 1587 78.
1460 1550 1512 1588 79
1533 1547 1587 1598 (p.
1610 1549 1692 1588 286
1709 1560 1764 1597 sq.

1102 1602 1210 1640 Tom.
1230 1603 1245 1638 1
1267 1603 1324 1640 ed.
1349 1602 1466 1651 Gail.)
1498 1617 1539 1641 ac
1560 1604 1695 1641 Plinius
1712 1604 1764 1641 H.

1102 1658 1151 1696 N.
1169 1658 1233 1705 Vl,
1257 1659 1294 1699 5.
1332 1659 1449 1697 Sedes
1470 1661 1506 1697 in
1518 1661 1675 1697 Russiae
1696 1673 1766 1709 gu-

1104 1715 1238 1752 berniis
1256 1715 1493 1764 Nowgorod,
1531 1716 1616 1754 Orel
1632 1746 1642 1763 ,
1678 1717 1764 1753 Mo-

1104 1771 1234 1817 hilew‚
1276 1772 1423 1819 Kursk,
1469 1772 1546 1810 aliis
1594 1773 1765 1824 proximis

1104 1828 1216 1865 fuisse
1253 1828 1328 1865 vult
1358 1829 1513 1866 Rennel.
1553 1842 1638 1879 pag.
1668 1829 1765 1876 413,

1105 1897 1213 1933 quem
1233 1885 1399 1934 sequitur
1417 1885 1586 1922 Larcher.
1613 1887 1650 1922 in
1668 1885 1703 1922 T
1706 1886 1763 1922 ab.

1107 1941 1246 1989 Geogr.
1297 1941 1347 1978 At
1368 1941 1525 1979 Heeren.
1549 1942 1659 1979 ldeen
1683 1942 1711 1988 I,
1738 1945 1765 1983 2

1105 2009 1190 2048 pag.
1212 1999 1317 2045 277,
1357 2010 1510 2046 quocum
1535 1999 1624 2036 facit
1654 1999 1763 2036 Man-

1106 2058 1198 2090 nert.
1224 2053 1273 2090 lV
1290 2068 1325 2104 p.
1340 2055 1419 2095 104
1439 2068 1554 2105 prope
1572 2054 1764 2092 Moscuam

1106 2110 1289 2147 habitasse
1306 2112 1434 2148 statuit
1446 2111 1740 2149 Melanchlaenos
1753 2125 1764 2157 ·‚

1107 2167 1169 2215 qui
1206 2180 1285 2203 cum
1313 2168 1504 2217 Scythicae
1535 2168 1656 2218 stirpis
1690 2180 1764 2204 non

1106 2224 1253 2270 fuerint,
1277 2224 1454 2272 Scythicis
1474 2225 1638 2273 quamvis
1658 2228 1766 2260 uten-

1106 2284 1163 2316 tes
1185 2280 1359 2317 institutis
1384 2280 1543 2327 (Herod.
1564 2281 1626 2326 lx}
1653 2278 1764 2328 107),

1106 2336 1202 2373 idem
1239 2336 1398 2373 Heeren.
1446 2349 1526 2373 cum
1577 2336 1763 2373 Gatterer.

1107 2405 1170 2430 eos
1188 2393 1234 2428 ad
1255 2392 1517 2430 Germanorum
1536 2405 1653 2440 genus
1674 2393 1766 2430 rela-

1107 2454 1164 2485 tos
1193 2449 1269 2484 vult
1305 2461 1378 2485 non
1412 2448 1515 2485 aliter
1546 2455 1656 2498 atque
1684 2448 1763 2485 An-

1107 2505 1326 2554 ‹lropliagos.
1371 2505 1616 2542 Reichardum
1645 2506 1674 2542 si
1700 2519 1765 2543 au-

1107 2561 1186 2597 dias
1210 2560 1230 2597 l.
1253 2561 1273 2596 l.
1304 2573 1387 2610 pag.
1414 2562 1466 2602 58
1500 2560 1767 2599 IlIelanclelaeni

1108 2630 1128 2653 a
1149 2618 1257 2653 fluvio
1270 2617 1457 2653 wolchow
1475 2631 1589 2665 usque
1608 2620 1655 2655 ad
1678 2618 1765 2656 Vol-

1109 2686 1179 2722 gae
1227 2674 1424 2722 primordia
1462 2676 1766 2720 extendebantur,

1107 2730 1413 2779 Herodotumque
1469 2731 1657 2781 probabile
1709 2736 1765 2769 est

1109 2785 1337 2834 Mologmos,
1369 2799 1461 2836 quos
1482 2793 1659 2825 memorat
1677 2788 1765 2825 Pto-

1110 2842 1190 2880 lem.
1213 2843 1259 2879 Π
1272 2872 1282 2890 ,
1306 2843 1354 2884 14
1369 2871 1380 2890 ,
1419 2847 1532 2894 atque
1550 2844 1765 2882 hodiernum
