1904 3304
474 248 1044 286 MELPOMENE.

1106 249 1166 286 lv.
1368 250 1451 288 357

187 363 232 406 δὲ
274 360 358 402 άπὸ
399 360 607 413 Φοινίκης
643 357 830 413 παρήκει
864 356 936 399 διὰ
966 358 1093 414 τῆσδε
1123 360 1199 412 τῆς
1227 354 1453 412 θαλάσσης

184 432 210 487 ἡ
249 429 355 485 ἀκτή
397 429 506 485 αὕτη
547 429 665 483 παρά
708 444 752 471 τε
794 429 967 483 Συρίην
1016 427 1094 483 τὴν
1140 428 1451 483 Παλαιστίνην,

182 502 253 545 καὶ
283 503 530 555 Αἴγυπτον,
571 501 613 551 ἐς
649 499 727 554 τήν
768 502 965 556 τελευτᾷ·
1023 499 1069 542 ἐν
1110 502 1163 556 τῇ
1201 497 1332 542 ἔθνεά
1363 497 1507 541 ἐστι55

152 578 170 613 4
186 573 282 625 τρία
321 575 480 626 μοῦνα.

0 637 1 640 ¹
54 650 118 694 ⁴0
176 642 355 698 ἑσπέρης
384 646 459 697 τῆς
487 642 629 698 Ἀσίης
663 640 817 696 ἔχοντα
848 640 949 683 ἐστι.

558 574 706 613 Ταῦτα
747 570 825 625 μὲν
867 567 953 612 ἀπὸ
1000 571 1208 623 Περσέων
1246 568 1299 612 τὰ
1339 567 1453 622 πρὸς

1015 640 1078 681 Τὰ
1118 640 1164 683 δὲ
1204 639 1451 694 κατύπερθε

180 714 409 768 Περσέων,
456 714 528 756 καὶ
560 712 753 767 ι’Πήδων,
793 713 865 756 καὶ
902 712 1182 764 Σασπείρων,
1230 712 1302 754 καὶ
1335 710 1448 754 Κόλ-

120 1206 207 1243 pag.
240 1196 306 1233 60.
366 1194 428 1230 Sic
458 1192 580 1229 Latini
616 1203 786 1228 nonnun-

121 1262 230 1297 quam
266 1263 330 1299 per
367 1254 555 1299 usurpant.
616 1249 784 1285 itinerar.

123 1305 321 1342 Alexandri
339 1307 397 1343 ed.
411 1306 486 1342 Mai
510 1307 616 1345 1817
632 1303 783 1342 Mediol-

122 1360 158 1412 ἓ.
194 1364 266 1401 17:
309 1375 461 1412 „perque
482 1362 661 1398 Euxinum
694 1360 785 1397 mili-

120 1419 242 1454 tans.“
276 1418 334 1454 Cf.
351 1419 537 1455 Letronne
557 1418 728 1454 inJourn.
747 1417 783 1453 d.

120 1475 206 1511 Sav.
233 1476 338 1515 1818
364 1489 398 1524 p.
422 1475 503 1514 409
536 1475 622 1522 ibiq.
644 1474 782 1509 Zosim.

122 1531 149 1576 l,
177 1530 243 1570 34.
266 1531 302 1568 3.
334 1530 488 1580 Procop.
512 1531 555 1566 Β.
581 1530 695 1566 Goth.
721 1529 782 1574 lv,

120 1591 147 1628 2
176 1599 212 1636 p.
234 1586 328 1625 567.
369 1587 439 1634 lv,
467 1586 521 1627 34
550 1600 584 1636 p.
607 1588 688 1626 662
708 1585 780 1620 B.“

123 1642 285 1680 Creuz.
324 1642 426 1679 Haec
459 1643 572 1680 verba
600 1642 649 1678 ad
670 1641 780 1677 medi—

120 1703 317 1736 terraneum
342 1712 437 1735 mare
460 1704 624 1748 spectare
639 1726 650 1744 ,
680 1703 779 1735 recte

119 1756 261 1792 monuit
286 1754 450 1793 Niebuhr
476 1756 497 1792 l.
529 1755 551 1792 l.
578 1767 660 1805 pag.
686 1756 778 1794 152.

120 1812 182 1849 'l'u
203 1813 298 1848 conf.
316 1818 407 1848 nott.
428 1813 487 1850 ad.
513 1811 549 1856 I,
582 1812 671 1851 185.
710 1810 779 1847 Ni-

121 1870 250 1905 mirum
277 1882 297 1905 e
328 1873 449 1905 mente
478 1868 662 1905 Herodoti
691 1867 780 1904 haec

121 1924 235 1961 altera
256 1924 469 1974 paeninsula
486 1924 567 1961 talis
587 1929 655 1969 est,
686 1935 780 1972 qnae

121 1981 306 2017 aPerside
320 1981 405 2017 inde
423 1993 537 2030 usque
557 1981 604 2017 ad
617 1979 780 2017 Phoeni—

121 2037 211 2073 ciam
222 2049 387 2085 magnam
400 2037 568 2073 exhibeat
580 2036 779 2087 planitiem,

122 2093 188 2130 sed
220 2093 304 2130 inde
331 2107 352 2130 a
379 2093 573 2130 Phoenicia
594 2092 699 2129 aliam
720 2105 779 2128 se-

120 2153 254 2198 quatur
276 2150 533 2197 directionem,
564 2149 780 2186 mediterra-

120 2218 227 2243 neum
257 2219 322 2256 per
350 2218 450 2243 mare
483 2206 683 2243 secundum
709 2205 780 2252 Sy-

121 2262 255 2298 riacam
280 2275 379 2299 oram
404 2267 572 2312 porrecta
589 2262 637 2299 ad
655 2262 780 2310 Aegy-

121 2323 224 2368 ptum
262 2332 397 2368 usque,
441 2319 503 2356 ubi
539 2319 696 2355 desinat.
725 2337 778 2344 —

123 2375 163 2410 ln
191 2387 294 2424 seqq.
324 2375 425 2424 ἔχειν
450 2388 525 2412 non
553 2375 656 2412 aliter
679 2374 778 2425 posi-

124 2435 199 2467 tum
218 2436 327 2481 atque
347 2432 382 2478 Ι,
416 2434 620 2472 180.191.

339 2489 449 2538 Cap.
480 2488 560 2524 XL.

186 2540 240 2581 Ta*
261 2541 302 2582 δὲ
319 2541 543 2595 κατύπερθε
567 2541 778 2595 Περσέων]

124 2600 309 2648 Regiones
344 2600 513 2650 intelligit
539 2601 633 2638 ultra
659 2601 778 2638 Persi-

125 2656 229 2701 dem,
271 2656 454 2703 Mediam,
492 2658 661 2708 Saspires
690 2657 779 2694 Col-

124 2712 284 2760 chosque
314 2714 493 2750 orientem
522 2727 648 2751 versus
676 2714 779 2760 sitas,

125 2781 215 2817 quas
255 2769 344 2805 mari
377 2781 495 2817 eoque
523 2770 673 2807 australi
703 2771 778 2808 sive

124 2825 232 2861 rubro
267 2837 288 2861 e
324 2825 473 2862 meridie
505 2826 584 2863 illue
609 2832 777 2877 porrecto

123 2881 320 2918 circumflui
342 2881 523 2919 Herodoti
553 2887 610 2920 est
639 2884 777 2934 opinio,

1504 907 1596 934 fluvio
1606 908 1702 933 Araxe
1713 914 1781 933 con-

842 1191 892 1227 ita
921 1194 961 1227 ut
989 1188 1017 1241 ἦ
1045 1186 1201 1241 ἐρυθρή
1234 1185 1420 1228 θάλασσα
1449 1188 1503 1226 la-

841 1248 923 1283 tiori
940 1260 1049 1283 sensu
1075 1248 1111 1283 in
1140 1248 1347 1284 universum
1365 1246 1506 1283 dicatur

840 1304 1018 1352 quidquid
1052 1304 1160 1340 maris
1183 1317 1204 1340 a
1224 1303 1376 1341 meridie
1397 1303 1504 1340 inde-

841 1373 912 1408 que
945 1361 1053 1397 etiam
1074 1361 1119 1396 ab
1139 1361 1280 1397 oriente
1304 1364 1361 1396 est
1379 1359 1504 1407 Asiae,

840 1416 963 1452 Asiam
995 1417 1041 1453 ab
1074 1416 1229 1465 utraque
1246 1420 1353 1466 parte
1369 1420 1406 1452 et
1424 1429 1501 1453 me-

841 1472 1011 1508 ridionali
1027 1476 1063 1509 et
1074 1473 1224 1509 australi
1237 1474 1503 1509 circumfluens.

840 1528 898 1565 Cf.
919 1529 1084 1576 Breiger.
1103 1529 1124 1564 l.
1137 1528 1160 1564 l.
1182 1541 1267 1578 pag.
1282 1531 1333 1569 12
1354 1533 1403 1574 et,
1420 1541 1501 1564 mo-

838 1589 949 1622 nente
972 1584 1053 1631 Cr„
1072 1584 1254 1622 Mannert.
1280 1584 1329 1620 lV
1347 1597 1432 1633 pag.
1446 1587 1497 1625 61

837 1653 941 1690 seqq.
971 1641 1095 1678 Verba
1116 1637 1162 1678 τοὶ
1184 1637 1281 1691 πρὸς
1300 1635 1363 1690 ηὀἷ
1377 1655 1416 1679 τε
1433 1638 1500 1678 καὶ

837 1693 972 1747 η’έλιον
1004 1693 1264 1736 α’νατέλλοντα
1291 1697 1499 1746 Schweigh.

834 1754 871 1790 in
894 1753 1031 1791 Annot.
1052 1755 1100 1791 ad
1121 1754 1148 1800 l,
1177 1756 1260 1795 202
1282 1753 1500 1804 interpreta-

836 1815 894 1847 tur
910 1813 1066 1859 regiones
1088 1811 1137 1847 ad
1157 1812 1319 1847 orientem
1340 1811 1397 1858 (in
1411 1823 1500 1860 par-

835 1868 930 1903 tibus
951 1868 1200 1914 orientalibus)
1230 1869 1331 1904 sitas,
1371 1866 1498 1904 Malim

836 1925 1027 1973 equidem:
1059 1926 1219 1973 regiones
1241 1925 1405 1960 orientem
1425 1936 1498 1960 ver-

837 1994 896 2016 sus
922 1984 1115 2030 porrectas,
1144 2002 1200 2007 —
1250 1976 1387 2030 η’έλιον
1416 1993 1496 2016 cum

837 2037 1040 2086 Schweigh.
1066 2041 1102 2074 et
1121 2037 1238 2073 Gaisf.
1256 2036 1343 2073 dedi
1363 2040 1400 2074 et
1421 2036 1454 2072 h.
1475 2035 1498 2071 l.

837 2098 874 2130 et
891 2092 960 2140 IV,
980 2093 1034 2133 42
1055 2093 1129 2138 fin,
1151 2105 1223 2141 quo
1244 2097 1400 2142 utroque
1419 2092 1498 2128 loco

837 2148 968 2186 Matth.
989 2149 1138 2187 retinuit
1152 2145 1279 2198 ἥλιον.

894 2204 960 2244 καὶ
973 2203 996 2244 ὁ
1009 2201 1174 2257 Ἀράξης
1190 2202 1380 2256 ποταμός,
1394 2202 1496 2254 ῥέων

836 2258 938 2313 πρός
964 2257 1097 2309 ἠέλιον
1122 2257 1362 2312 ἀνίσχοντα]
1396 2262 1498 2299 Haec

836 2319 949 2357 verba
968 2331 1057 2355 sana
1078 2319 1188 2355 modo
1214 2319 1310 2365 sint,
1341 2319 1496 2355 Araxem

836 2376 1012 2413 orientem
1045 2387 1170 2412 versus
1201 2376 1316 2412 fluere
1347 2387 1496 2412 necesse

837 2436 893 2470 est
919 2436 1081 2478 statuas,
1110 2431 1161 2468 ita
1186 2436 1225 2468 ut
1254 2432 1291 2468 in
1313 2444 1412 2469 mare
1432 2443 1496 2468 au-

834 2487 968 2532 strale,
999 2488 1100 2538 quod
1125 2486 1250 2525 Asiam
1279 2488 1327 2525 ab
1354 2488 1496 2524 oriente

835 2545 1025 2591 terminet,
1078 2548 1197 2582 exeat.
1253 2544 1367 2587 Quod
1413 2556 1495 2581 cum

835 2602 882 2639 ab
922 2603 1020 2638 omni
1064 2601 1263 2638 abhorreat
1302 2600 1496 2646 verisimili,

836 2657 1037 2707 Schweigh.
1065 2658 1158 2704 (vid.
1178 2662 1253 2695 not.
1275 2657 1368 2704 adl,
1393 2654 1496 2706 202)

834 2714 924 2751 haec
948 2715 1061 2752 verba
1086 2715 1138 2751 sic
1156 2713 1308 2761 intelligi
1324 2713 1424 2760 vult,
1455 2716 1496 2749 ut

834 2770 971 2808 Araxes
1020 2771 1136 2808 fluere
1181 2770 1405 2808 existimetur
1446 2768 1497 2805 ad

837 2829 1022 2872 orientem,
1060 2840 1090 2863 s.
1133 2826 1179 2862 ab
1212 2828 1340 2863 oriente
1368 2825 1495 2874 Caspii

838 2884 910 2921 scil.
939 2883 1071 2933 maris,
1101 2895 1181 2920 cum
1205 2883 1355 2920 verbum
1378 2879 1496 2932 ῥέειν,

1532 648 1621 676 Asiae
1646 651 1763 676 tractus

1526 682 1699 717 orientalis,
1730 683 1768 710 ad

1523 716 1676 743 meridiem
1740 725 1757 742 a

1523 750 1600 777 mari
1620 749 1759 783 australi,

175 800 288 840 χων,
320 783 373 826 τὰ
404 783 516 837 πρὸς
536 782 601 838 ἠοῖ
620 799 663 826 τε
695 783 767 826 καὶ
797 782 946 838 ἠέλιον
977 780 1288 834 ἀνατέλλοντα,
1319 782 1448 824 ἔνθεν
1507 790 1589 830 298

176 855 256 911 μὲν
285 854 312 911 ἡ
338 853 532 911 Ἐρυθρὴ
555 853 742 909 παρήκει
757 854 983 897 θάλασσα·
1024 850 1136 904 πρὸς
1164 853 1304 907 βορέω
1336 853 1382 895 δὲ
1411 850 1496 908 ἦδΟ

176 929 352 983 Κασπίη
384 943 428 970 τε
457 925 680 974 θάλασσα,
719 925 792 968 καὶ
822 922 846 967 ὁ
871 922 1051 978 Ἀράξης
1081 921 1300 978 ποταμός,
1334 923 1446 978 ῥέων
1504 940 1781 973 οιιιειω,ιηᾱίειεει;

148 998 290 1054 Ξπρός
318 997 468 1055 η’έλιον
498 996 744 1052 ἀνίσχοντα.
789 995 912 1051 μέχρι
933 995 979 1038 δὲ
999 997 1075 1049 τῆς
1105 991 1284 1051 Ἰνδικῆς
1313 995 1446 1038 οἰκέε-
1503 974 1783 1068 ἓὲἓζτῐῑᾶέιξὶἓῑῗη,ξὲὶὲῗ

1528 1074 1658 1109 cognita.

1506 839 1545 866 ad
1571 839 1740 874 aquilonem
1765 847 1784 865 a

1507 873 1582 900 inari
1610 873 1720 907 Caspio
1753 877 1784 900 et
